4317 5975
984 437 1403 524 ..ιω-

288 662 460 747 domine
484 659 657 770 legatas,
686 659 745 769 jta
772 656 888 772 quod
915 684 992 769 pro
1015 674 1232 742 conuentu
1258 672 1400 743 nostro
1426 655 1629 769 upsalensi
1663 652 1813 739 tradite
1843 672 1940 739 sunt
1969 658 2075 748 uobis

288 781 337 857 8(
356 773 577 855 'babuimus
605 770 763 881 integre
791 790 874 852 tres
901 798 1055 853 marcas
1080 770 1172 853 den.
1201 771 1306 852 ltem
1334 796 1410 880 pro
1438 784 1647 851 conuentu
1674 767 1848 853 fratrum
1858 784 2076 857 nostrorum

171 947 177 961 „
298 883 654 965 stocholmensium
683 884 866 993 quinque
896 908 1047 985 marcas
1070 880 1166 964 deu.
1207 883 1314 965 ltem
1340 909 1419 991 pro
1464 895 1674 964 conuentu
1713 888 1899 963 sororum
1942 876 2077 977 ibidem

290 996 483 1106 «quinque
511 1021 665 1079 marcas
693 992 785 1075 den.
815 996 920 1083 Jtem
949 1020 1027 1104 pro
1055 1010 1260 1077 conuentu
1288 994 1544 1103 Enicopensi.
1573 996 1658 1088 tres
1684 1018 1837 1086 marcus
1864 988 1953 1072 den.
1981 994 2078 1077 ltem

292 1136 375 1218 pro
404 1121 610 1187 conuentu
639 1104 822 1211 arbugha
850 1120 934 1185 tres
961 1131 1116 1185 marcas
1143 1103 1236 1187 den.
1264 1105 1367 1187 ltcm
1403 1133 1481 1215 pro
1514 1120 1722 1198 conuentu
1755 1103 1975 1211 npcopeusi
2007 1120 2078 1187 tras

297 1244 452 1299 marcas
485 1214 573 1296 den.
603 1214 707 1297 Jtem
736 1242 812 1323 pro
841 1232 1047 1323 conuentu
1080 1215 1388 1327 suthercopeosi
1422 1232 1505 1300 tres
1540 1205 1696 1297 marcas
1736 1212 1828 1297 den.
1869 1214 1972 1294 Jtem
2012 1243 2079 1325 pro

298 1342 507 1419 conuentu
535 1327 757 1435 lincopensi
786 1343 868 1408 tres
897 1354 1050 1408 marcas
1077 1325 1170 1410 den.
1207 1329 1311 1409 ltem
1348 1355 1435 1438 pro¹
1458 1341 1672 1409 conuentu
1711 1326 1978 1434 Junacopeusi
2009 1341 2080 1410 tres

145 1450 152 1463 ’
210 1478 216 1491 ‘
299 1430 455 1521 marcas
483 1434 574 1518 den.
605 1441 709 1520 Jtem
739 1466 814 1547 pro
850 1454 1057 1522 conuentu
1091 1436 1273 1519 skarensi
1305 1454 1390 1520 tres
1427 1466 1582 1520 marcas
1616 1436 1709 1519 den.
1745 1441 1852 1519 ltem
1888 1463 1964 1546 pro
1995 1452 2078 1521 con·

298 1566 428 1633 uentu
456 1548 696 1647 visbicensi
724 1566 807 1631 tres
834 1577 987 1631 marcas
1015 1547 1107 1630 den.
1136 1550 1364 1659 obligantes
1393 1578 1468 1631 nos
1495 1556 1535 1631 8(
1562 1565 1809 1631 conuentum
1838 1566 2013 1629 nostrum
2033 1545 2078 1630 ad

299 1662 435 1742 omnia
464 1656 638 1769 dampna
667 1659 845 1770 pericula
874 1665 915 1741 8(
942 1662 1134 1749 interesse
1161 1689 1244 1772 qne
1271 1662 1434 1743 racione
1478 1659 1584 1743 dicte
1626 1660 1799 1769 pecunie
1841 1686 1926 1741 uon
1965 1658 2080 1740 solute

295 1789 475 1882 possunt
503 1771 567 1852 vel
596 1788 791 1881 poterunt
820 1773 1003 1869 euenire,
1032 1774 1313 1881 promittentes
1348 1774 1478 1854 eciam
1522 1798 1596 1851 nos
1637 1786 1883 1882 exequtores
1924 1767 2081 1880 predicti

295 1884 532 1965 testamenti
559 1887 600 1963 8(
628 1882 795 1964 heredes
823 1884 950 1993 ipsius
978 1879 1184 1978 defuncte,
1224 1910 1301 1992 pro
1336 1884 1442 1964 tanti
1476 1882 1716 1991 recepcione
1749 1910 1774 1963 a
1811 1904 2083 1993 quorumcum-

225 2084 235 2096 ,
278 2022 382 2106 ,(Ῑιιο
410 1993 654 2100 inpeticione
684 1991 814 2073 lacere
842 1999 883 2074 8(
911 1990 1080 2075 reddere
1107 1996 1263 2105 quittos
1290 1999 1332 2075 8(
1365 1993 1517 2075 liberos
1558 1994 1600 2073 in
1642 1992 1840 2075 futurum.
1882 1994 1934 2073 ln
1974 1993 2083 2076 Cuius

299 2107 362 2188 re‘i
382 2105 659 2186 testimonium
687 2104 843 2214 siggilla
873 2120 1009 2186 nostra
1040 2106 1295 2214 presentibus
1321 2121 1419 2186 suut
1445 2130 1635 2216 appensa,
1663 2106 1814 2189 Datum
1843 2102 2003 2213 vpsalie,
2021 2130 2080 2184 an·

298 2240 359 2297 no
386 2214 543 2323 dominj
571 2215 778 2297 Millesimo
807 2215 906 2296 CC'.
936 2217 1217 2325 Nonagesimo.
1247 2218 1419 2325 Quarto,
1448 2218 1500 2297 ln
1527 2213 1699 2312 sabbato
1728 2233 1820 2325 post
1841 2214 1986 2298 festum
1998 2214 2079 2296 bea·
2136 2290 2139 2301 .

189 2332 199 2345 “
295 2329 335 2409 ti
365 2326 558 2409 lobannis
587 2346 680 2409 ante
708 2344 867 2436 portam
896 2326 1086 2408 latinam.-

783 2466 837 2545 ,Μ
853 2470 971 2551 tigillcn
1004 2486 1029 2550 t,
1052 2488 1071 2532 a
1093 2468 1254 2552 dodelini,
1276 2468 1359 2535 blott
1378 2438 1615 2552 styc'lcootan

309 2869 483 2973 ruo-7„
590 2984 593 2992 Ι
803 2938 807 2947 ,
920 2850 1077 2979 rapat
1133 2834 1182 2941 d.
1229 2872 1300 2977 27
1349 2834 1465 2979 Maj.
1731 2770 2084 2941 'Stockbolm

274 3067 280 3078 ⁸
376 3050 497 3126 :Fiunt
518 3049 824 3120 Predikare'brodcru
845 3053 1008 3120 mausus
1028 3056 1126 3140 qvitto
1139 3054 1188 3141 -pd
1210 3055 1374 3140 uppbureu
1394 3053 1487 3119 andel
1507 3051 1544 3116 as
1560 3051 1625 3119 Ρη(
1645 3049 1816 3117 Christinas
1836 3027 2021 3117 testamente.

1748 3203 1784 3256 A.
1799 3201 1826 3257 6,
1839 3207 1910 3263 ιἰ.
1925 3202 1966 3272 tl.

409 3335 612 3416 ¹Omnibus
655 3352 860 3443 presentes
902 3337 1055 3418 litteras
1097 3338 1339 3446 inspecturis
1393 3338 1519 3421 frater
1568 3342 1766 3420 Asnaum
1808 3333 1965 3420 ordinis
2004 3359 2083 3446 pte·

293 3446 530 3530 dicatorum
558 3444 611 3528 de
647 3465 854 3528 conuentu
893 3448 1151 3547 finlandensi‚
1183 3449 1361 3532 Salutem
1390 3453 1431 3530 in
1461 3453 1640 3532 omnium
1682 3448 1902 3544 minatore,
1948 3449 2085 3530 Notum

296 3557 409 3640 ,facio
438 3584 512 3666 per
539 3575 744 3666 presentes
772 3558 884 3670 quod
913 3589 964 3642 ex
998 3578 1115 3668 parte
1157 3562 1457 3644 honorabilium
1500 3566 1682 3643 virorum
1722 3561 1909 3668 Magistri
1941 3558 2087 3644 Andre

262 3761 268 3768 ,
331 3669 499 3779 repositi
525 3669 753 3779 vpsalensis,
782 3673 947 3753 Domini
975 3671 1171 3753 lobannis
1206 3671 1358 3756 eleison
1393 3673 1557 3782 Dominj
1594 3671 1761 3781 hiergerj
1796 3671 2086 3780 paetaerson‚&

295 3697 440 3861 listris
467 3780 618 3862 israelis
647 3782 806 3863 lectoris
834 3781 1098 3864 Sictuniensis
1126 3801 1394 3893 exequtorurn
1423 3783 1652 3891 testamenti
1689 3781 1818 3866 felicis
1851 3777 2085 3877 recordacio·

294 3891 364 3976 mis
391 3888 552 3974 dominc
582 3893 757 3982 Cristine.
784 3894 919 3977 vxoris
945 3892 1100 3978 domini
1127 3895 1292 4003 byrgeri
1319 3893 1490 4006 predicti
1518 3896 1654 4004 recepi
1682 3922 1759 4004 pro
1786 3914 1993 3980 conuentu
2018 3891 2085 3974 tin·

296 3999 487 4084 lundensi
516 4004 670 4114 integre
695 4021 778 4085 tres
806 4005 988 4086 marchas
1017 4004 1108 4088 den.
1138 4005 1245 4089 bone
1276 4012 1318 4087 8(
1346 4008 1486 4117 legalis
1515 4009 1673 4088 vsualis
1700 4023 1864 4088 monete
1899 4010 1943 4090 in
1975 4018 2084 4086 testa·

296 4131 439 4196 manto
469 4111 651 4223 predicte
678 4112 840 4198 domine
876 4117 1026 4225 legatas
1099 4119 1310 4201 romittens
1350 4149 1413 4200 me
1456 4147 1504 4200 cx
1541 4137 1656 4229 parte
1690 4133 1917 4202 conuentus
1948 4139 2084 4224 exequ-

242 4237 251 4258 ’
299 4239 416 4320 tores
443 4223 617 4335 predicti
644 4227 874 4336 testamenti
903 4234 943 4308 8(
970 4228 1020 4310 bc
1094 4257 1138 4312 es
1165 4230 1348 4339 predicte
1383 4228 1574 4314 defuncte
1609 4254 1688 4338 pro
1721 4233 1958 4339 reoepcioue
1986 4221 2083 4332 uoti

301 4361 327 4415 a
356 4361 707 4449 quorumcumque
736 4340 978 4449 inpeticione
1010 4339 1143 4423 lacere
1165 4345 1213 4420 8(
1239 4340 1411 4424 reddere
1438 4341 1620 4452 quitatcs
1643 4343 1690 4420 .8(
1724 4337 1874 4426 liberos
1909 4341 1954 4422 iu
1984 4337 2083 4418 lutu-

205 4473 208 4482 ’
301 4471 406 4543 runt,
440 4449 494 4536 ln
520 4448 646 4530 Cuius
679 4450 746 4558 rej
768 4451 1048 4532 testimonium
1075 4449 1280 4560 siggillum
1308 4453 1457 4562 prioris
1484 4451 1724 4559 wisbyensis
1748 4449 1887 4536 fratris
1919 4444 2098 4532 Lauren?

275 4557 366 4639 «eii.
386 4562 435 4637 8(
461 4558 663 4670 siggillum
691 4559 873 4648 nostrum
902 4561 1157 4671 presentibus
1182 4577 1280 4643 sunt
1308 4589 1505 4674 appensa,
1532 4565 1682 4645 Datum
1708 4562 1945 4650 stocbulmis
1976 4563 2085 4644 anno

295 4664 479 4768 domini,
508 4670 971 4783 tt·‚cc1·‚·n0nagesim0
999 4690 1160 4784 quarto,
1189 4674 1242 4754 ln
1269 4673 1337 4757 die
1365 4674 1609 4758 ascensionis
1637 4672 1804 4760 domiui.

609 4787 614 4798 '
739 4813 868 4899 saruc
887 4816 949 4887 ua
983 4833 1010 4894 t,
1031 4813 1174 4904 anons
1191 4813 1343 4898 suunt,
1361 4817 1424 4884 uo
1442 4835 1463 4880 ι
1482 4815 1652 4882 maana
1791 4839 1795 4844 ·

1843 4979 1869 5052 1
1888 4937 2011 5052 rod.
