<?xml version="1.0" encoding="UTF-8"?>
<!DOCTYPE html PUBLIC "-//W3C//DTD XHTML 1.0 Transitional//EN"
    "http://www.w3.org/TR/xhtml1/DTD/xhtml1-transitional.dtd">
<html xmlns="http://www.w3.org/1999/xhtml" xml:lang="en" lang="en">
 <head>
  <title>
</title>
<meta http-equiv="Content-Type" content="text/html;charset=utf-8" />
  <meta name='ocr-system' content='tesseract 3.04.00' />
  <meta name='ocr-capabilities' content='ocr_page ocr_carea ocr_par ocr_line ocrx_word'/>
</head>
<body>
  <div class='ocr_page' id='page_1' title='image "./svensktdiplomat01swegoog/svensktdiplomat01swegoog_0520.png"; bbox 0 0 4317 5975; ppageno 0'>
   <div class='ocr_carea' id='block_1_1' title="bbox 774 416 1221 563">
    <p class='ocr_par' dir='ltr' id='par_1_1' title="bbox 774 416 1221 563">
     <span class='ocr_line' id='line_1_1' title="bbox 774 416 1221 563; baseline 0.004 -27"><span class='ocrx_word' id='word_1_1' title='bbox 774 416 859 518; x_wconf 27' lang='lat'><strong>¹-</strong></span> <span class='ocrx_word' id='word_1_2' title='bbox 910 455 1048 563; x_wconf 61' lang='lat'><strong>‘&#39;329</strong></span> <span class='ocrx_word' id='word_1_3' title='bbox 1161 500 1221 523; x_wconf 84' lang='lat'><strong>·-·</strong></span> 
     </span>
    </p>
   </div>
   <div class='ocr_carea' id='block_1_2' title="bbox 69 646 2011 875">
    <p class='ocr_par' dir='ltr' id='par_1_2' title="bbox 69 646 2011 875">
     <span class='ocr_line' id='line_1_2' title="bbox 69 646 2011 875; baseline -0.001 -77"><span class='ocrx_word' id='word_1_4' title='bbox 69 684 287 809; x_wconf 60' lang='lat'><strong>*1322</strong></span> <span class='ocrx_word' id='word_1_5' title='bbox 493 683 497 690; x_wconf 77' lang='grc'><strong>’</strong></span> <span class='ocrx_word' id='word_1_6' title='bbox 566 709 569 715; x_wconf 79' lang='grc'><strong><em>·</em></strong></span> <span class='ocrx_word' id='word_1_7' title='bbox 742 646 888 797; x_wconf 26' lang='lat'>130&#39;0</span> <span class='ocrx_word' id='word_1_8' title='bbox 931 684 979 791; x_wconf 92' lang='lat' dir='ltr'><strong>d.</strong></span> <span class='ocrx_word' id='word_1_9' title='bbox 1032 724 1051 788; x_wconf 90' lang='lat'>1</span> <span class='ocrx_word' id='word_1_10' title='bbox 1105 688 1255 835; x_wconf 84' lang='lat' dir='ltr'><strong>Aug..</strong></span> <span class='ocrx_word' id='word_1_11' title='bbox 1601 682 1908 839; x_wconf 74' lang='lat' dir='ltr'><strong>Linkbping.</strong></span> <span class='ocrx_word' id='word_1_12' title='bbox 1998 856 2011 875; x_wconf 18' lang='grc' dir='ltr'>κ</span> 
     </span>
    </p>
   </div>
   <div class='ocr_carea' id='block_1_3' title="bbox 184 873 1908 1130">
    <p class='ocr_par' dir='ltr' id='par_1_3' title="bbox 184 873 1908 1130">
     <span class='ocr_line' id='line_1_3' title="bbox 184 873 1908 997; baseline 0.005 -30"><span class='ocrx_word' id='word_1_13' title='bbox 184 904 432 989; x_wconf 71' lang='lat' dir='ltr'><strong>¹lior-gerskapets</strong></span> <span class='ocrx_word' id='word_1_14' title='bbox 454 905 462 965; x_wconf 90' lang='lat' dir='ltr'><strong>i</strong></span> <span class='ocrx_word' id='word_1_15' title='bbox 484 896 661 987; x_wconf 76' lang='lat' dir='ltr'><strong>Linlb&#39;ping</strong></span> <span class='ocrx_word' id='word_1_16' title='bbox 684 903 775 989; x_wconf 81' lang='lat' dir='ltr'><strong>lntyg</strong></span> <span class='ocrx_word' id='word_1_17' title='bbox 796 928 847 968; x_wconf 89' lang='lat' dir='ltr'><strong>om</strong></span> <span class='ocrx_word' id='word_1_18' title='bbox 869 906 1098 991; x_wconf 81' lang='lat' dir='ltr'><strong>Kyrloberden</strong></span> <span class='ocrx_word' id='word_1_19' title='bbox 1126 908 1252 971; x_wconf 80' lang='lat' dir='ltr'><strong>Finrids</strong></span> <span class='ocrx_word' id='word_1_20' title='bbox 1278 878 1370 991; x_wconf 76' lang='lat' dir='ltr'><strong>gdsve</strong></span> <span class='ocrx_word' id='word_1_21' title='bbox 1402 908 1462 974; x_wconf 88' lang='lat' dir='ltr'><strong>ocb</strong></span> <span class='ocrx_word' id='word_1_22' title='bbox 1481 873 1620 995; x_wconf 33' lang='lat' dir='ltr'><strong>&#39;&#39;slutliga</strong></span> <span class='ocrx_word' id='word_1_23' title='bbox 1649 882 1840 997; x_wconf 75' lang='lat' dir='ltr'><strong>uppldtande</strong></span> <span class='ocrx_word' id='word_1_24' title='bbox 1872 911 1908 974; x_wconf 71' lang='lat' dir='ltr'><strong>nt</strong></span> 
     </span>
     <span class='ocr_line' id='line_1_4' title="bbox 229 985 1770 1130; baseline 0.005 -81"><span class='ocrx_word' id='word_1_25' title='bbox 229 989 307 1051; x_wconf 77' lang='lat' dir='ltr'><strong>&#39;ders</strong></span> <span class='ocrx_word' id='word_1_26' title='bbox 326 989 418 1051; x_wconf 84' lang='lat' dir='ltr'><strong>uudel</strong></span> <span class='ocrx_word' id='word_1_27' title='bbox 439 991 451 1050; x_wconf 94' lang='lat' dir='ltr'><strong>i</strong></span> <span class='ocrx_word' id='word_1_28' title='bbox 473 987 634 1077; x_wconf 87' lang='lat' dir='ltr'><strong>Hildebult</strong></span> <span class='ocrx_word' id='word_1_29' title='bbox 657 985 704 1049; x_wconf 89' lang='lat' dir='ltr'><strong>till</strong></span> <span class='ocrx_word' id='word_1_30' title='bbox 725 990 915 1075; x_wconf 78' lang='lat' dir='ltr'><strong>Liuliipiugs</strong></span> <span class='ocrx_word' id='word_1_31' title='bbox 934 992 1130 1076; x_wconf 76' lang='lat' dir='ltr'><strong>Bislopsstol.</strong></span> <span class='ocrx_word' id='word_1_32' title='bbox 1648 1075 1685 1130; x_wconf 41' lang='lat' dir='ltr'><strong>A·</strong></span> <span class='ocrx_word' id='word_1_33' title='bbox 1700 1075 1770 1129; x_wconf 25' lang='grc' dir='ltr'><strong>ὃν..</strong></span> 
     </span>
    </p>
   </div>
   <div class='ocr_carea' id='block_1_4' title="bbox 18 1205 1973 2767">
    <p class='ocr_par' dir='ltr' id='par_1_4' title="bbox 92 1205 1901 1319">
     <span class='ocr_line' id='line_1_5' title="bbox 92 1205 1901 1319; baseline 0.004 -34"><span class='ocrx_word' id='word_1_34' title='bbox 92 1230 97 1237; x_wconf 91' lang='grc'><em>·</em></span> <span class='ocrx_word' id='word_1_35' title='bbox 216 1205 418 1305; x_wconf 77' lang='lat' dir='ltr'><strong>Omnibus</strong></span> <span class='ocrx_word' id='word_1_36' title='bbox 435 1220 652 1313; x_wconf 80' lang='lat' dir='ltr'><strong>,presentes</strong></span> <span class='ocrx_word' id='word_1_37' title='bbox 688 1205 841 1296; x_wconf 78' lang='lat' dir='ltr'><strong>litteras</strong></span> <span class='ocrx_word' id='word_1_38' title='bbox 865 1208 1106 1318; x_wconf 89' lang='lat' dir='ltr'><strong>inspecturis</strong></span> <span class='ocrx_word' id='word_1_39' title='bbox 1136 1232 1395 1291; x_wconf 76' lang='lat' dir='ltr'><strong>vutuuasmas</strong></span> <span class='ocrx_word' id='word_1_40' title='bbox 1423 1232 1566 1291; x_wconf 78' lang='lat' dir='ltr'><strong>emtum</strong></span> <span class='ocrx_word' id='word_1_41' title='bbox 1594 1210 1901 1319; x_wconf 88' lang='lat' dir='ltr'><strong>lincopensium.</strong></span> 
     </span>
    </p>

    <p class='ocr_par' dir='ltr' id='par_1_5' title="bbox 18 1311 1903 1540">
     <span class='ocr_line' id='line_1_6' title="bbox 18 1311 1903 1431; baseline 0.003 -33"><span class='ocrx_word' id='word_1_42' title='bbox 18 1311 21 1316; x_wconf 64' lang='grc'><strong>’</strong></span> <span class='ocrx_word' id='word_1_43' title='bbox 103 1316 273 1398; x_wconf 82' lang='lat' dir='ltr'><strong>salutem</strong></span> <span class='ocrx_word' id='word_1_44' title='bbox 303 1318 346 1397; x_wconf 95' lang='lat' dir='ltr'><strong>in</strong></span> <span class='ocrx_word' id='word_1_45' title='bbox 388 1316 563 1397; x_wconf 92' lang='lat' dir='ltr'><strong>domino.</strong></span> <span class='ocrx_word' id='word_1_46' title='bbox 592 1318 789 1398; x_wconf 86' lang='lat' dir='ltr'><strong>Constare</strong></span> <span class='ocrx_word' id='word_1_47' title='bbox 817 1321 1004 1403; x_wconf 85' lang='lat' dir='ltr'><strong>volumus</strong></span> <span class='ocrx_word' id='word_1_48' title='bbox 1033 1322 1243 1402; x_wconf 89' lang='lat' dir='ltr'><strong>euidenter</strong></span> <span class='ocrx_word' id='word_1_49' title='bbox 1278 1317 1390 1431; x_wconf 86' lang='lat' dir='ltr'><strong>quod</strong></span> <span class='ocrx_word' id='word_1_50' title='bbox 1420 1317 1606 1401; x_wconf 88' lang='lat' dir='ltr'><strong>dominus</strong></span> <span class='ocrx_word' id='word_1_51' title='bbox 1634 1320 1811 1404; x_wconf 91' lang='lat' dir='ltr'><strong>finuidus</strong></span> <span class='ocrx_word' id='word_1_52' title='bbox 1839 1348 1903 1403; x_wconf 91' lang='lat' dir='ltr'><strong>re-</strong></span> 
     </span>
     <span class='ocr_line' id='line_1_7' title="bbox 104 1426 1903 1540; baseline 0.001 -29"><span class='ocrx_word' id='word_1_53' title='bbox 104 1445 194 1511; x_wconf 91' lang='lat' dir='ltr'><strong>ctor</strong></span> <span class='ocrx_word' id='word_1_54' title='bbox 224 1429 388 1510; x_wconf 81' lang='lat' dir='ltr'><strong>ecclesie</strong></span> <span class='ocrx_word' id='word_1_55' title='bbox 422 1426 473 1509; x_wconf 92' lang='lat' dir='ltr'><strong>de</strong></span> <span class='ocrx_word' id='word_1_56' title='bbox 502 1428 687 1527; x_wconf 73' lang='lat' dir='ltr'><strong>baaslebir.</strong></span> <span class='ocrx_word' id='word_1_57' title='bbox 717 1431 758 1509; x_wconf 89' lang='lat' dir='ltr'><strong>in</strong></span> <span class='ocrx_word' id='word_1_58' title='bbox 788 1449 926 1513; x_wconf 90' lang='lat' dir='ltr'><strong>nostra</strong></span> <span class='ocrx_word' id='word_1_59' title='bbox 956 1434 1164 1540; x_wconf 86' lang='lat' dir='ltr'><strong>presencia</strong></span> <span class='ocrx_word' id='word_1_60' title='bbox 1192 1432 1448 1514; x_wconf 89' lang='lat' dir='ltr'><strong>constitutus.</strong></span> <span class='ocrx_word' id='word_1_61' title='bbox 1477 1433 1731 1539; x_wconf 89' lang='lat' dir='ltr'><strong>Recognouit</strong></span> <span class='ocrx_word' id='word_1_62' title='bbox 1748 1450 1903 1513; x_wconf 89' lang='lat' dir='ltr'><strong>etcon·</strong></span> 
     </span>
    </p>

    <p class='ocr_par' dir='ltr' id='par_1_6' title="bbox 22 1538 1973 2767">
     <span class='ocr_line' id='line_1_8' title="bbox 22 1538 1906 1652; baseline 0.003 -30"><span class='ocrx_word' id='word_1_63' title='bbox 22 1568 30 1577; x_wconf 87' lang='lat'><em>·</em></span> <span class='ocrx_word' id='word_1_64' title='bbox 103 1542 230 1622; x_wconf 87' lang='lat' dir='ltr'><strong>lessus</strong></span> <span class='ocrx_word' id='word_1_65' title='bbox 257 1558 316 1621; x_wconf 91' lang='lat' dir='ltr'><strong>est</strong></span> <span class='ocrx_word' id='word_1_66' title='bbox 344 1538 455 1651; x_wconf 93' lang='lat' dir='ltr'><strong>quod</strong></span> <span class='ocrx_word' id='word_1_67' title='bbox 486 1555 669 1648; x_wconf 89' lang='lat' dir='ltr'><strong>tempore</strong></span> <span class='ocrx_word' id='word_1_68' title='bbox 700 1544 939 1626; x_wconf 88' lang='lat' dir='ltr'><strong>venerabilis</strong></span> <span class='ocrx_word' id='word_1_69' title='bbox 974 1544 1100 1652; x_wconf 90' lang='lat' dir='ltr'><strong>patris</strong></span> <span class='ocrx_word' id='word_1_70' title='bbox 1141 1544 1332 1652; x_wconf 90' lang='lat' dir='ltr'><strong>Episcopi</strong></span> <span class='ocrx_word' id='word_1_71' title='bbox 1375 1542 1530 1623; x_wconf 89' lang='lat' dir='ltr'><strong>henrici</strong></span> <span class='ocrx_word' id='word_1_72' title='bbox 1561 1542 1686 1624; x_wconf 88' lang='lat' dir='ltr'><strong>felicis</strong></span> <span class='ocrx_word' id='word_1_73' title='bbox 1714 1543 1906 1627; x_wconf 88' lang='lat' dir='ltr'><strong>recorda·</strong></span> 
     </span>
     <span class='ocr_line' id='line_1_9' title="bbox 100 1650 1903 1762; baseline 0.002 -28"><span class='ocrx_word' id='word_1_74' title='bbox 100 1653 240 1734; x_wconf 88' lang='lat' dir='ltr'><strong>cionis.</strong></span> <span class='ocrx_word' id='word_1_75' title='bbox 268 1650 466 1762; x_wconf 89' lang='lat' dir='ltr'><strong>quicquid</strong></span> <span class='ocrx_word' id='word_1_76' title='bbox 496 1652 594 1731; x_wconf 91' lang='lat' dir='ltr'><strong>iuris</strong></span> <span class='ocrx_word' id='word_1_77' title='bbox 622 1651 765 1734; x_wconf 87' lang='lat' dir='ltr'><strong>habuit</strong></span> <span class='ocrx_word' id='word_1_78' title='bbox 792 1656 835 1735; x_wconf 89' lang='lat' dir='ltr'><strong>in</strong></span> <span class='ocrx_word' id='word_1_79' title='bbox 865 1653 1090 1762; x_wconf 83' lang='lat' dir='ltr'><strong>lryldaebult</strong></span> <span class='ocrx_word' id='word_1_80' title='bbox 1119 1684 1210 1736; x_wconf 90' lang='lat' dir='ltr'><strong>eum</strong></span> <span class='ocrx_word' id='word_1_81' title='bbox 1241 1653 1429 1738; x_wconf 90' lang='lat' dir='ltr'><strong>omnibus</strong></span> <span class='ocrx_word' id='word_1_82' title='bbox 1467 1656 1584 1736; x_wconf 89' lang='lat' dir='ltr'><strong>bonis</strong></span> <span class='ocrx_word' id='word_1_83' title='bbox 1617 1653 1833 1751; x_wconf 78' lang='lat' dir='ltr'><strong>mobilibus</strong></span> <span class='ocrx_word' id='word_1_84' title='bbox 1861 1672 1903 1739; x_wconf 88' lang='lat' dir='ltr'><strong>et</strong></span> 
     </span>
     <span class='ocr_line' id='line_1_10' title="bbox 102 1760 1902 1873; baseline 0 -28"><span class='ocrx_word' id='word_1_85' title='bbox 102 1764 377 1845; x_wconf 85' lang='lat' dir='ltr'><strong>immobilibus</strong></span> <span class='ocrx_word' id='word_1_86' title='bbox 405 1760 456 1841; x_wconf 92' lang='lat' dir='ltr'><strong>ad</strong></span> <span class='ocrx_word' id='word_1_87' title='bbox 486 1760 650 1843; x_wconf 89' lang='lat' dir='ltr'><strong>eandem</strong></span> <span class='ocrx_word' id='word_1_88' title='bbox 681 1766 833 1847; x_wconf 90' lang='lat' dir='ltr'><strong>curiam</strong></span> <span class='ocrx_word' id='word_1_89' title='bbox 864 1768 1159 1873; x_wconf 88' lang='lat' dir='ltr'><strong>pertinentibus</strong></span> <span class='ocrx_word' id='word_1_90' title='bbox 1189 1767 1243 1849; x_wconf 94' lang='lat' dir='ltr'><strong>ob</strong></span> <span class='ocrx_word' id='word_1_91' title='bbox 1272 1768 1405 1846; x_wconf 85' lang='lat' dir='ltr'><strong>anime</strong></span> <span class='ocrx_word' id='word_1_92' title='bbox 1434 1792 1503 1845; x_wconf 92' lang='lat' dir='ltr'><strong>sue</strong></span> <span class='ocrx_word' id='word_1_93' title='bbox 1534 1765 1774 1862; x_wconf 82' lang='lat' dir='ltr'><strong>remedium,</strong></span> <span class='ocrx_word' id='word_1_94' title='bbox 1805 1794 1902 1847; x_wconf 88' lang='lat' dir='ltr'><strong>con-</strong></span> 
     </span>
     <span class='ocr_line' id='line_1_11' title="bbox 101 1874 1902 1987; baseline 0.003 -32"><span class='ocrx_word' id='word_1_95' title='bbox 101 1876 197 1977; x_wconf 85' lang='lat' dir='ltr'><strong>¹tulit</strong></span> <span class='ocrx_word' id='word_1_96' title='bbox 228 1874 446 1955; x_wconf 85' lang='lat' dir='ltr'><strong>liberaliter</strong></span> <span class='ocrx_word' id='word_1_97' title='bbox 475 1890 515 1953; x_wconf 92' lang='lat' dir='ltr'><strong>et</strong></span> <span class='ocrx_word' id='word_1_98' title='bbox 545 1902 650 1955; x_wconf 90' lang='lat' dir='ltr'><strong>mere</strong></span> <span class='ocrx_word' id='word_1_99' title='bbox 679 1874 764 1955; x_wconf 87' lang='lat' dir='ltr'><strong>sedi</strong></span> <span class='ocrx_word' id='word_1_100' title='bbox 795 1876 1037 1985; x_wconf 89' lang='lat' dir='ltr'><strong>lincopensis</strong></span> <span class='ocrx_word' id='word_1_101' title='bbox 1066 1877 1242 1958; x_wconf 88' lang='lat' dir='ltr'><strong>ecclesie.</strong></span> <span class='ocrx_word' id='word_1_102' title='bbox 1273 1879 1325 1958; x_wconf 94' lang='lat' dir='ltr'><strong>ab</strong></span> <span class='ocrx_word' id='word_1_103' title='bbox 1355 1903 1404 1956; x_wconf 90' lang='lat' dir='ltr'><strong>eo</strong></span> <span class='ocrx_word' id='word_1_104' title='bbox 1434 1881 1506 1986; x_wconf 94' lang='lat' dir='ltr'><strong>qui</strong></span> <span class='ocrx_word' id='word_1_105' title='bbox 1529 1878 1657 1960; x_wconf 88' lang='lat' dir='ltr'><strong>eidem</strong></span> <span class='ocrx_word' id='word_1_106' title='bbox 1687 1874 1779 1958; x_wconf 87' lang='lat' dir='ltr'><strong>Sedi</strong></span> <span class='ocrx_word' id='word_1_107' title='bbox 1808 1905 1902 1987; x_wconf 88' lang='lat' dir='ltr'><strong>pre·</strong></span> 
     </span>
     <span class='ocr_line' id='line_1_12' title="bbox 101 1984 1902 2093; baseline 0.003 -27"><span class='ocrx_word' id='word_1_108' title='bbox 101 1986 225 2069; x_wconf 87' lang='lat' dir='ltr'><strong>luerit</strong></span> <span class='ocrx_word' id='word_1_109' title='bbox 253 2003 453 2093; x_wconf 89' lang='lat' dir='ltr'><strong>perpetuo</strong></span> <span class='ocrx_word' id='word_1_110' title='bbox 483 1984 780 2093; x_wconf 89' lang='lat' dir='ltr'><strong>possidendum.</strong></span> <span class='ocrx_word' id='word_1_111' title='bbox 842 1989 945 2070; x_wconf 90' lang='lat' dir='ltr'><strong>Cum</strong></span> <span class='ocrx_word' id='word_1_112' title='bbox 973 2005 1109 2067; x_wconf 87' lang='lat' dir='ltr'><strong>autem</strong></span> <span class='ocrx_word' id='word_1_113' title='bbox 1139 1985 1242 2068; x_wconf 87' lang='lat' dir='ltr'><strong>idem</strong></span> <span class='ocrx_word' id='word_1_114' title='bbox 1271 1986 1459 2068; x_wconf 91' lang='lat' dir='ltr'><strong>dominus</strong></span> <span class='ocrx_word' id='word_1_115' title='bbox 1487 1986 1544 2075; x_wconf 72' lang='lat' dir='ltr'><strong>df.</strong></span> <span class='ocrx_word' id='word_1_116' title='bbox 1572 1988 1720 2071; x_wconf 91' lang='lat' dir='ltr'><strong>dictam</strong></span> <span class='ocrx_word' id='word_1_117' title='bbox 1749 1992 1902 2073; x_wconf 86' lang='lat' dir='ltr'><strong>curiam</strong></span> 
     </span>
     <span class='ocr_line' id='line_1_13' title="bbox 102 2097 1973 2209; baseline 0.002 -30"><span class='ocrx_word' id='word_1_118' title='bbox 102 2126 230 2209; x_wconf 93' lang='lat' dir='ltr'><strong>usque</strong></span> <span class='ocrx_word' id='word_1_119' title='bbox 259 2097 310 2177; x_wconf 86' lang='lat' dir='ltr'><strong>ad</strong></span> <span class='ocrx_word' id='word_1_120' title='bbox 339 2098 411 2176; x_wconf 87' lang='lat' dir='ltr'><strong>bec</strong></span> <span class='ocrx_word' id='word_1_121' title='bbox 432 2115 622 2203; x_wconf 16' lang='lat' dir='ltr'><strong>‘tempora</strong></span> <span class='ocrx_word' id='word_1_122' title='bbox 653 2126 729 2206; x_wconf 90' lang='lat' dir='ltr'><strong>pro</strong></span> <span class='ocrx_word' id='word_1_123' title='bbox 758 2099 897 2179; x_wconf 89' lang='lat' dir='ltr'><strong>usibus</strong></span> <span class='ocrx_word' id='word_1_124' title='bbox 924 2100 1005 2179; x_wconf 89' lang='lat' dir='ltr'><strong>suis</strong></span> <span class='ocrx_word' id='word_1_125' title='bbox 1034 2102 1247 2181; x_wconf 85' lang='lat' dir='ltr'><strong>retinuerit</strong></span> <span class='ocrx_word' id='word_1_126' title='bbox 1283 2099 1451 2181; x_wconf 90' lang='lat' dir='ltr'><strong>eandem</strong></span> <span class='ocrx_word' id='word_1_127' title='bbox 1494 2125 1654 2184; x_wconf 84' lang='lat' dir='ltr'><strong>exnunc</strong></span> <span class='ocrx_word' id='word_1_128' title='bbox 1693 2128 1786 2181; x_wconf 91' lang='lat' dir='ltr'><strong>eum</strong></span> <span class='ocrx_word' id='word_1_129' title='bbox 1815 2128 1900 2181; x_wconf 90' lang='lat' dir='ltr'><strong>om·</strong></span> <span class='ocrx_word' id='word_1_130' title='bbox 1969 2104 1973 2133; x_wconf 84' lang='lat'><strong>¹</strong></span> 
     </span>
     <span class='ocr_line' id='line_1_14' title="bbox 100 2208 1901 2318; baseline 0 -27"><span class='ocrx_word' id='word_1_131' title='bbox 100 2210 222 2291; x_wconf 79' lang='lat' dir='ltr'><strong>nibus</strong></span> <span class='ocrx_word' id='word_1_132' title='bbox 251 2208 369 2288; x_wconf 92' lang='lat' dir='ltr'><strong>bonis</strong></span> <span class='ocrx_word' id='word_1_133' title='bbox 397 2225 443 2287; x_wconf 93' lang='lat' dir='ltr'><strong>ut</strong></span> <span class='ocrx_word' id='word_1_134' title='bbox 471 2210 656 2316; x_wconf 90' lang='lat' dir='ltr'><strong>superius</strong></span> <span class='ocrx_word' id='word_1_135' title='bbox 684 2227 743 2290; x_wconf 91' lang='lat' dir='ltr'><strong>est</strong></span> <span class='ocrx_word' id='word_1_136' title='bbox 779 2238 1024 2318; x_wconf 87' lang='lat' dir='ltr'><strong>expressum.</strong></span> <span class='ocrx_word' id='word_1_137' title='bbox 1053 2210 1252 2292; x_wconf 88' lang='lat' dir='ltr'><strong>fructibus</strong></span> <span class='ocrx_word' id='word_1_138' title='bbox 1267 2211 1462 2292; x_wconf 81' lang='lat' dir='ltr'><strong>duntaxat</strong></span> <span class='ocrx_word' id='word_1_139' title='bbox 1490 2214 1587 2293; x_wconf 85' lang='lat' dir='ltr'><strong>anni</strong></span> <span class='ocrx_word' id='word_1_140' title='bbox 1616 2213 1802 2293; x_wconf 87' lang='lat' dir='ltr'><strong>instantis</strong></span> <span class='ocrx_word' id='word_1_141' title='bbox 1830 2239 1901 2291; x_wconf 83' lang='lat' dir='ltr'><strong>ex·</strong></span> 
     </span>
     <span class='ocr_line' id='line_1_15' title="bbox 100 2319 1900 2432; baseline -0.001 -29"><span class='ocrx_word' id='word_1_142' title='bbox 100 2324 239 2431; x_wconf 88' lang='lat' dir='ltr'><strong>ceptis.</strong></span> <span class='ocrx_word' id='word_1_143' title='bbox 268 2320 434 2400; x_wconf 78' lang='lat' dir='ltr'><strong>libere‘.</strong></span> <span class='ocrx_word' id='word_1_144' title='bbox 465 2382 474 2402; x_wconf 91' lang='lat'><strong>.</strong></span> <span class='ocrx_word' id='word_1_145' title='bbox 506 2378 514 2396; x_wconf 91' lang='lat'><strong>.</strong></span> <span class='ocrx_word' id='word_1_146' title='bbox 545 2322 686 2415; x_wconf 85' lang='lat' dir='ltr'><strong>natio</strong></span> <span class='ocrx_word' id='word_1_147' title='bbox 716 2348 857 2402; x_wconf 87' lang='lat' dir='ltr'><strong>manus</strong></span> <span class='ocrx_word' id='word_1_148' title='bbox 885 2319 1039 2403; x_wconf 90' lang='lat' dir='ltr'><strong>domini</strong></span> <span class='ocrx_word' id='word_1_149' title='bbox 1069 2324 1263 2432; x_wconf 89' lang='lat' dir='ltr'><strong>Episcopi</strong></span> <span class='ocrx_word' id='word_1_150' title='bbox 1283 2322 1539 2431; x_wconf 83' lang='lat' dir='ltr'><strong>lincopeusis‚</strong></span> <span class='ocrx_word' id='word_1_151' title='bbox 1567 2322 1620 2403; x_wconf 87' lang='lat' dir='ltr'><strong>ad</strong></span> <span class='ocrx_word' id='word_1_152' title='bbox 1649 2322 1900 2431; x_wconf 82' lang='lat' dir='ltr'><strong>horum..igi-</strong></span> 
     </span>
     <span class='ocr_line' id='line_1_16' title="bbox 102 2429 1900 2543; baseline 0.002 -32"><span class='ocrx_word' id='word_1_153' title='bbox 102 2450 171 2513; x_wconf 91' lang='lat' dir='ltr'><strong>tur</strong></span> <span class='ocrx_word' id='word_1_154' title='bbox 199 2432 448 2513; x_wconf 89' lang='lat' dir='ltr'><strong>euidenciam</strong></span> <span class='ocrx_word' id='word_1_155' title='bbox 483 2431 703 2538; x_wconf 89' lang='lat' dir='ltr'><strong>pleniorem</strong></span> <span class='ocrx_word' id='word_1_156' title='bbox 733 2429 986 2539; x_wconf 89' lang='lat' dir='ltr'><strong>sepedictus</strong></span> <span class='ocrx_word' id='word_1_157' title='bbox 1016 2432 1201 2517; x_wconf 92' lang='lat' dir='ltr'><strong>dominus</strong></span> <span class='ocrx_word' id='word_1_158' title='bbox 1232 2432 1288 2515; x_wconf 71' lang='lat' dir='ltr'><strong>df.</strong></span> <span class='ocrx_word' id='word_1_159' title='bbox 1320 2450 1526 2543; x_wconf 86' lang='lat' dir='ltr'><strong>presentes</strong></span> <span class='ocrx_word' id='word_1_160' title='bbox 1566 2434 1720 2517; x_wconf 82' lang='lat' dir='ltr'><strong>litteras</strong></span> <span class='ocrx_word' id='word_1_161' title='bbox 1756 2434 1900 2543; x_wconf 85' lang='lat' dir='ltr'><strong>Sigillo</strong></span> 
     </span>
     <span class='ocr_line' id='line_1_17' title="bbox 100 2543 1896 2655; baseline 0.002 -31"><span class='ocrx_word' id='word_1_162' title='bbox 100 2546 273 2651; x_wconf 85' lang='lat' dir='ltr'><strong>ciuitatis</strong></span> <span class='ocrx_word' id='word_1_163' title='bbox 303 2601 312 2623; x_wconf 92' lang='grc'><strong>.-</strong></span> <span class='ocrx_word' id='word_1_164' title='bbox 342 2602 353 2623; x_wconf 90' lang='grc'><strong>.</strong></span> <span class='ocrx_word' id='word_1_165' title='bbox 385 2604 393 2622; x_wconf 91' lang='grc'><strong>.</strong></span> <span class='ocrx_word' id='word_1_166' title='bbox 422 2570 445 2620; x_wconf 91' lang='lat' dir='ltr'><strong>e</strong></span> <span class='ocrx_word' id='word_1_167' title='bbox 476 2543 592 2650; x_wconf 89' lang='lat' dir='ltr'><strong>petiit</strong></span> <span class='ocrx_word' id='word_1_168' title='bbox 621 2545 870 2623; x_wconf 90' lang='lat' dir='ltr'><strong>communiri.</strong></span> <span class='ocrx_word' id='word_1_169' title='bbox 921 2546 1072 2624; x_wconf 89' lang='lat' dir='ltr'><strong>Datum</strong></span> <span class='ocrx_word' id='word_1_170' title='bbox 1115 2564 1155 2629; x_wconf 90' lang='lat' dir='ltr'><strong>et</strong></span> <span class='ocrx_word' id='word_1_171' title='bbox 1197 2563 1329 2627; x_wconf 85' lang='lat' dir='ltr'><strong>actum</strong></span> <span class='ocrx_word' id='word_1_172' title='bbox 1359 2544 1537 2655; x_wconf 91' lang='lat' dir='ltr'><strong>lincopie</strong></span> <span class='ocrx_word' id='word_1_173' title='bbox 1579 2572 1687 2628; x_wconf 90' lang='lat' dir='ltr'><strong>anno</strong></span> <span class='ocrx_word' id='word_1_174' title='bbox 1731 2544 1896 2640; x_wconf 89' lang='lat' dir='ltr'><strong>domini.</strong></span> 
     </span>
     <span class='ocr_line' id='line_1_18' title="bbox 101 2652 1110 2767; baseline 0.002 -33"><span class='ocrx_word' id='word_1_175' title='bbox 101 2656 323 2747; x_wconf 80' lang='lat' dir='ltr'><strong>blillesimo.</strong></span> <span class='ocrx_word' id='word_1_176' title='bbox 353 2653 487 2735; x_wconf 74' lang='lat' dir='ltr'>CCO‘.</span> <span class='ocrx_word' id='word_1_177' title='bbox 519 2654 560 2735; x_wconf 90' lang='lat' dir='ltr'><strong>in</strong></span> <span class='ocrx_word' id='word_1_178' title='bbox 591 2652 805 2767; x_wconf 79' lang='lat' dir='ltr'><strong>aduincula</strong></span> <span class='ocrx_word' id='word_1_179' title='bbox 832 2654 971 2737; x_wconf 85' lang='lat' dir='ltr'><strong>Sancti</strong></span> <span class='ocrx_word' id='word_1_180' title='bbox 993 2656 1110 2765; x_wconf 91' lang='lat' dir='ltr'><strong>petri.</strong></span> 
     </span>
    </p>
   </div>
   <div class='ocr_carea' id='block_1_5' title="bbox 453 2792 1542 2881">
    <p class='ocr_par' dir='ltr' id='par_1_7' title="bbox 453 2792 1542 2881">
     <span class='ocr_line' id='line_1_19' title="bbox 453 2792 1542 2881; baseline 0.003 -26"><span class='ocrx_word' id='word_1_181' title='bbox 453 2792 589 2874; x_wconf 77' lang='lat' dir='ltr'><strong>sigillet,</strong></span> <span class='ocrx_word' id='word_1_182' title='bbox 612 2792 771 2875; x_wconf 74' lang='lat' dir='ltr'><strong>btngande</strong></span> <span class='ocrx_word' id='word_1_183' title='bbox 794 2792 845 2855; x_wconf 83' lang='lat' dir='ltr'><strong>vid</strong></span> <span class='ocrx_word' id='word_1_184' title='bbox 866 2815 904 2857; x_wconf 84' lang='lat' dir='ltr'><strong>en</strong></span> <span class='ocrx_word' id='word_1_185' title='bbox 927 2816 964 2855; x_wconf 89' lang='lat' dir='ltr'><strong>ur</strong></span> <span class='ocrx_word' id='word_1_186' title='bbox 985 2795 1107 2859; x_wconf 84' lang='lat' dir='ltr'><strong>brelvet</strong></span> <span class='ocrx_word' id='word_1_187' title='bbox 1128 2796 1231 2881; x_wconf 81' lang='lat' dir='ltr'><strong>ttippt</strong></span> <span class='ocrx_word' id='word_1_188' title='bbox 1253 2816 1370 2878; x_wconf 78' lang='lat' dir='ltr'><strong>remea,</strong></span> <span class='ocrx_word' id='word_1_189' title='bbox 1402 2794 1542 2860; x_wconf 80' lang='lat' dir='ltr'><strong>skadadt.</strong></span> 
     </span>
    </p>
   </div>
   <div class='ocr_carea' id='block_1_6' title="bbox 110 3097 1284 3308">
    <p class='ocr_par' dir='ltr' id='par_1_8' title="bbox 110 3097 1284 3308">
     <span class='ocr_line' id='line_1_20' title="bbox 110 3097 1284 3308; baseline 0.003 -44"><span class='ocrx_word' id='word_1_190' title='bbox 110 3097 278 3272; x_wconf 67' lang='lat'><strong>1323.</strong></span> <span class='ocrx_word' id='word_1_191' title='bbox 738 3163 878 3268; x_wconf 80' lang='lat'>1300</span> <span class='ocrx_word' id='word_1_192' title='bbox 931 3160 979 3268; x_wconf 91' lang='lat' dir='ltr'><strong>d.</strong></span> <span class='ocrx_word' id='word_1_193' title='bbox 1046 3197 1104 3267; x_wconf 86' lang='lat'><strong>11</strong></span> <span class='ocrx_word' id='word_1_194' title='bbox 1157 3163 1284 3308; x_wconf 82' lang='lat' dir='ltr'><strong>Aug.</strong></span> 
     </span>
    </p>
   </div>
   <div class='ocr_carea' id='block_1_7' title="bbox 181 3378 1896 3632">
    <p class='ocr_par' dir='ltr' id='par_1_9' title="bbox 181 3378 1896 3632">
     <span class='ocr_line' id='line_1_21' title="bbox 181 3378 1896 3464; baseline 0 -20"><span class='ocrx_word' id='word_1_195' title='bbox 181 3378 258 3444; x_wconf 80' lang='grc' dir='ltr'>ὀιιι</span> <span class='ocrx_word' id='word_1_196' title='bbox 280 3380 421 3440; x_wconf 79' lang='lat' dir='ltr'><strong>Nrsssorts</strong></span> <span class='ocrx_word' id='word_1_197' title='bbox 441 3379 525 3454; x_wconf 84' lang='lat' dir='ltr'><strong>Brel,</strong></span> <span class='ocrx_word' id='word_1_198' title='bbox 547 3379 618 3440; x_wconf 85' lang='lat' dir='ltr'><strong>med</strong></span> <span class='ocrx_word' id='word_1_199' title='bbox 635 3380 937 3461; x_wconf 75' lang='lat' dir='ltr'><strong>tillianuagilvunde‚</strong></span> <span class='ocrx_word' id='word_1_200' title='bbox 960 3378 1088 3443; x_wconf 81' lang='lat' dir='ltr'><strong>etthan</strong></span> <span class='ocrx_word' id='word_1_201' title='bbox 1122 3383 1209 3464; x_wconf 83' lang='lat' dir='ltr'><strong>gilvit</strong></span> <span class='ocrx_word' id='word_1_202' title='bbox 1230 3384 1295 3444; x_wconf 82' lang='lat' dir='ltr'><strong>sinu</strong></span> <span class='ocrx_word' id='word_1_203' title='bbox 1317 3385 1326 3444; x_wconf 93' lang='lat' dir='ltr'><strong>i</strong></span> <span class='ocrx_word' id='word_1_204' title='bbox 1349 3383 1585 3446; x_wconf 80' lang='lat' dir='ltr'><strong>Wretalrloster</strong></span> <span class='ocrx_word' id='word_1_205' title='bbox 1602 3383 1752 3464; x_wconf 79' lang='lat' dir='ltr'><strong>ingaende</strong></span> <span class='ocrx_word' id='word_1_206' title='bbox 1774 3383 1896 3446; x_wconf 86' lang='lat' dir='ltr'><strong>db&#39;ttrar</strong></span> 
     </span>
     <span class='ocr_line' id='line_1_22' title="bbox 231 3461 1896 3550; baseline 0.004 -28"><span class='ocrx_word' id='word_1_207' title='bbox 231 3484 268 3522; x_wconf 88' lang='lat' dir='ltr'><strong>cu</strong></span> <span class='ocrx_word' id='word_1_208' title='bbox 292 3461 450 3541; x_wconf 80' lang='lat' dir='ltr'><strong>fustigbet‚</strong></span> <span class='ocrx_word' id='word_1_209' title='bbox 483 3463 635 3541; x_wconf 83' lang='lat' dir='ltr'><strong>nemligen</strong></span> <span class='ocrx_word' id='word_1_210' title='bbox 670 3463 775 3524; x_wconf 81' lang='lat' dir='ltr'><strong>baliva</strong></span> <span class='ocrx_word' id='word_1_211' title='bbox 798 3464 948 3546; x_wconf 80' lang='lat' dir='ltr'><strong>Clypsna,</strong></span> <span class='ocrx_word' id='word_1_212' title='bbox 971 3477 1050 3529; x_wconf 80' lang='lat' dir='ltr'><strong>samt</strong></span> <span class='ocrx_word' id='word_1_213' title='bbox 1072 3475 1119 3526; x_wconf 87' lang='lat' dir='ltr'><strong>att</strong></span> <span class='ocrx_word' id='word_1_214' title='bbox 1140 3467 1217 3527; x_wconf 82' lang='lat' dir='ltr'><strong>bens</strong></span> <span class='ocrx_word' id='word_1_215' title='bbox 1237 3477 1344 3548; x_wconf 85' lang='lat' dir='ltr'><strong>syster,</strong></span> <span class='ocrx_word' id='word_1_216' title='bbox 1368 3468 1413 3528; x_wconf 90' lang='lat' dir='ltr'><strong>till</strong></span> <span class='ocrx_word' id='word_1_217' title='bbox 1436 3469 1600 3550; x_wconf 71' lang='lat' dir='ltr'><strong>erstttniug</strong></span> <span class='ocrx_word' id='word_1_218' title='bbox 1622 3470 1671 3530; x_wconf 75' lang='lat' dir='ltr'><strong>stu·</strong></span> <span class='ocrx_word' id='word_1_219' title='bbox 1693 3469 1793 3530; x_wconf 82' lang='lat' dir='ltr'><strong>deuna</strong></span> <span class='ocrx_word' id='word_1_220' title='bbox 1817 3467 1896 3529; x_wconf 87' lang='lat' dir='ltr'><strong>ben-</strong></span> 
     </span>
     <span class='ocr_line' id='line_1_23' title="bbox 234 3543 1334 3632; baseline 0.006 -27"><span class='ocrx_word' id='word_1_221' title='bbox 234 3565 285 3606; x_wconf 86' lang='lat' dir='ltr'><strong>nes</strong></span> <span class='ocrx_word' id='word_1_222' title='bbox 306 3544 517 3626; x_wconf 73' lang='lat' dir='ltr'><strong>federnejord,</strong></span> <span class='ocrx_word' id='word_1_223' title='bbox 539 3543 675 3608; x_wconf 72' lang='lat' dir='ltr'><strong>erbdller</strong></span> <span class='ocrx_word' id='word_1_224' title='bbox 696 3549 705 3607; x_wconf 90' lang='lat' dir='ltr'><strong>i</strong></span> <span class='ocrx_word' id='word_1_225' title='bbox 726 3547 827 3608; x_wconf 73' lang='lat' dir='ltr'><strong>stallet</strong></span> <span class='ocrx_word' id='word_1_226' title='bbox 849 3547 970 3628; x_wconf 86' lang='lat' dir='ltr'><strong>sullgod</strong></span> <span class='ocrx_word' id='word_1_227' title='bbox 992 3548 1084 3610; x_wconf 87' lang='lat' dir='ltr'><strong>andel</strong></span> <span class='ocrx_word' id='word_1_228' title='bbox 1106 3551 1115 3610; x_wconf 92' lang='lat' dir='ltr'><strong>i</strong></span> <span class='ocrx_word' id='word_1_229' title='bbox 1137 3551 1334 3632; x_wconf 81' lang='lat' dir='ltr'><strong>Yxissjb&#39;lrult.</strong></span> 
     </span>
    </p>
   </div>
   <div class='ocr_carea' id='block_1_8' title="bbox 1590 3662 1760 3717">
    <p class='ocr_par' dir='ltr' id='par_1_10' title="bbox 1590 3662 1760 3717">
     <span class='ocr_line' id='line_1_24' title="bbox 1590 3662 1760 3717; baseline 0 0"><span class='ocrx_word' id='word_1_230' title='bbox 1590 3662 1626 3717; x_wconf 87' lang='lat' dir='ltr'><strong>D.</strong></span> <span class='ocrx_word' id='word_1_231' title='bbox 1643 3665 1668 3716; x_wconf 87' lang='lat'><strong>8:</strong></span> <span class='ocrx_word' id='word_1_232' title='bbox 1689 3663 1760 3717; x_wconf 79' lang='lat'><strong>1563.</strong></span> 
     </span>
    </p>
   </div>
   <div class='ocr_carea' id='block_1_9' title="bbox 6 3793 2015 5132">
    <p class='ocr_par' dir='ltr' id='par_1_11' title="bbox 94 3793 2005 4016">
     <span class='ocr_line' id='line_1_25' title="bbox 165 3793 1893 3902; baseline 0.003 -29"><span class='ocrx_word' id='word_1_233' title='bbox 165 3850 167 3853; x_wconf 93' lang='lat'>-</span> <span class='ocrx_word' id='word_1_234' title='bbox 208 3796 418 3875; x_wconf 89' lang='lat' dir='ltr'><strong>Uniuersis</strong></span> <span class='ocrx_word' id='word_1_235' title='bbox 446 3794 597 3876; x_wconf 88' lang='lat' dir='ltr'><strong>Christi</strong></span> <span class='ocrx_word' id='word_1_236' title='bbox 632 3793 818 3877; x_wconf 87' lang='lat' dir='ltr'><strong>fidelibus</strong></span> <span class='ocrx_word' id='word_1_237' title='bbox 849 3815 1058 3902; x_wconf 87' lang='lat' dir='ltr'><strong>presentes</strong></span> <span class='ocrx_word' id='word_1_238' title='bbox 1102 3799 1256 3878; x_wconf 85' lang='lat' dir='ltr'><strong>litteras</strong></span> <span class='ocrx_word' id='word_1_239' title='bbox 1290 3799 1434 3878; x_wconf 87' lang='lat' dir='ltr'><strong>visuris</strong></span> <span class='ocrx_word' id='word_1_240' title='bbox 1458 3796 1520 3876; x_wconf 86' lang='lat' dir='ltr'><strong>vel</strong></span> <span class='ocrx_word' id='word_1_241' title='bbox 1564 3795 1764 3879; x_wconf 88' lang='lat' dir='ltr'><strong>audituris</strong></span> <span class='ocrx_word' id='word_1_242' title='bbox 1793 3815 1893 3890; x_wconf 68' lang='lat' dir='ltr'><strong>otn-</strong></span> 
     </span>
     <span class='ocr_line' id='line_1_26' title="bbox 94 3905 2005 4016; baseline -0.002 -27"><span class='ocrx_word' id='word_1_243' title='bbox 94 3909 470 4002; x_wconf 74' lang='lat' dir='ltr'><strong>mus-Nnnssors,</strong></span> <span class='ocrx_word' id='word_1_244' title='bbox 502 3967 826 3989; x_wconf 89' lang='grc'><strong>.........</strong></span> <span class='ocrx_word' id='word_1_245' title='bbox 856 3907 1017 3989; x_wconf 79' lang='lat' dir='ltr'><strong>Salutis</strong></span> <span class='ocrx_word' id='word_1_246' title='bbox 1047 3905 1237 3990; x_wconf 87' lang='lat' dir='ltr'><strong>omnibus</strong></span> <span class='ocrx_word' id='word_1_247' title='bbox 1280 3909 1561 4016; x_wconf 88' lang='lat' dir='ltr'><strong>repromissam</strong></span> <span class='ocrx_word' id='word_1_248' title='bbox 1592 3968 1761 3990; x_wconf 91' lang='grc'><strong>.....</strong></span> <span class='ocrx_word' id='word_1_249' title='bbox 1789 3907 1892 3992; x_wconf 92' lang='lat' dir='ltr'><strong>illud</strong></span> <span class='ocrx_word' id='word_1_250' title='bbox 1999 3975 2005 3986; x_wconf 82' lang='grc'><strong>,</strong></span> 
     </span>
    </p>

    <p class='ocr_par' dir='ltr' id='par_1_12' title="bbox 6 4013 1892 4130">
     <span class='ocr_line' id='line_1_27' title="bbox 6 4013 1892 4130; baseline 0.001 -34"><span class='ocrx_word' id='word_1_251' title='bbox 6 4056 9 4064; x_wconf 51' lang='lat'>2</span> <span class='ocrx_word' id='word_1_252' title='bbox 93 4013 208 4130; x_wconf 91' lang='lat' dir='ltr'><strong>quod</strong></span> <span class='ocrx_word' id='word_1_253' title='bbox 243 4047 334 4099; x_wconf 90' lang='lat' dir='ltr'><strong>cum</strong></span> <span class='ocrx_word' id='word_1_254' title='bbox 379 4019 540 4098; x_wconf 87' lang='lat' dir='ltr'><strong>racione</strong></span> <span class='ocrx_word' id='word_1_255' title='bbox 582 4017 720 4099; x_wconf 86' lang='lat' dir='ltr'><strong>debita</strong></span> <span class='ocrx_word' id='word_1_256' title='bbox 763 4019 832 4098; x_wconf 87' lang='lat' dir='ltr'><strong>liat</strong></span> <span class='ocrx_word' id='word_1_257' title='bbox 860 4077 1196 4102; x_wconf 90' lang='grc'><strong>.........</strong></span> <span class='ocrx_word' id='word_1_258' title='bbox 1206 4033 1209 4040; x_wconf 82' lang='grc'><strong>“</strong></span> <span class='ocrx_word' id='word_1_259' title='bbox 1227 4079 1395 4102; x_wconf 90' lang='grc'><strong>.....</strong></span> <span class='ocrx_word' id='word_1_260' title='bbox 1425 4020 1660 4099; x_wconf 85' lang='lat' dir='ltr'><strong>ceremoniis</strong></span> <span class='ocrx_word' id='word_1_261' title='bbox 1702 4021 1892 4128; x_wconf 83' lang='lat' dir='ltr'><strong>congruis</strong></span> 
     </span>
    </p>

    <p class='ocr_par' dir='ltr' id='par_1_13' title="bbox 93 4127 2015 4351">
     <span class='ocr_line' id='line_1_28' title="bbox 97 4127 1890 4238; baseline -0.001 -26"><span class='ocrx_word' id='word_1_262' title='bbox 97 4173 120 4212; x_wconf 85' lang='lat'><strong>.·</strong></span> <span class='ocrx_word' id='word_1_263' title='bbox 136 4189 306 4213; x_wconf 82' lang='grc'><strong>.....</strong></span> <span class='ocrx_word' id='word_1_264' title='bbox 335 4127 433 4208; x_wconf 88' lang='lat' dir='ltr'><strong>ldeo</strong></span> <span class='ocrx_word' id='word_1_265' title='bbox 462 4155 538 4236; x_wconf 84' lang='lat' dir='ltr'><strong>ego</strong></span> <span class='ocrx_word' id='word_1_266' title='bbox 567 4146 718 4238; x_wconf 58' lang='lat' dir='ltr'><strong>gyarus</strong></span> <span class='ocrx_word' id='word_1_267' title='bbox 746 4190 909 4211; x_wconf 91' lang='grc'><strong>.....</strong></span> <span class='ocrx_word' id='word_1_268' title='bbox 937 4130 1216 4214; x_wconf 82' lang='lat' dir='ltr'><strong>intellexissem</strong></span> <span class='ocrx_word' id='word_1_269' title='bbox 1254 4130 1419 4212; x_wconf 88' lang='lat' dir='ltr'><strong>dilectas</strong></span> <span class='ocrx_word' id='word_1_270' title='bbox 1448 4129 1569 4210; x_wconf 89' lang='lat' dir='ltr'><strong>michi</strong></span> <span class='ocrx_word' id='word_1_271' title='bbox 1598 4129 1696 4210; x_wconf 88' lang='lat' dir='ltr'><strong>filias</strong></span> <span class='ocrx_word' id='word_1_272' title='bbox 1724 4187 1890 4212; x_wconf 92' lang='grc'><strong>.....</strong></span> 
     </span>
     <span class='ocr_line' id='line_1_29' title="bbox 93 4239 2015 4351; baseline -0.005 -27"><span class='ocrx_word' id='word_1_273' title='bbox 93 4240 262 4351; x_wconf 88' lang='lat' dir='ltr'><strong>spiritus</strong></span> <span class='ocrx_word' id='word_1_274' title='bbox 289 4245 416 4320; x_wconf 88' lang='lat' dir='ltr'><strong>sancti</strong></span> <span class='ocrx_word' id='word_1_275' title='bbox 445 4242 578 4346; x_wconf 86' lang='lat' dir='ltr'><strong>gracia</strong></span> <span class='ocrx_word' id='word_1_276' title='bbox 607 4239 658 4321; x_wconf 94' lang='lat' dir='ltr'><strong>ad</strong></span> <span class='ocrx_word' id='word_1_277' title='bbox 689 4241 894 4348; x_wconf 86' lang='lat' dir='ltr'><strong>religionis</strong></span> <span class='ocrx_word' id='word_1_278' title='bbox 922 4239 1107 4322; x_wconf 86' lang='lat' dir='ltr'><strong>habitum</strong></span> <span class='ocrx_word' id='word_1_279' title='bbox 1136 4239 1435 4350; x_wconf 89' lang='lat' dir='ltr'><strong>suscipiendum</strong></span> <span class='ocrx_word' id='word_1_280' title='bbox 1463 4239 1702 4320; x_wconf 90' lang='lat' dir='ltr'><strong>inflammari</strong></span> <span class='ocrx_word' id='word_1_281' title='bbox 1724 4300 1997 4324; x_wconf 89' lang='grc'><strong>.........</strong></span> <span class='ocrx_word' id='word_1_282' title='bbox 2011 4265 2015 4268; x_wconf 94' lang='grc'><em>·</em></span> 
     </span>
    </p>

    <p class='ocr_par' dir='ltr' id='par_1_14' title="bbox 92 4351 1892 4461">
     <span class='ocr_line' id='line_1_30' title="bbox 92 4351 1892 4461; baseline -0.001 -27"><span class='ocrx_word' id='word_1_283' title='bbox 92 4381 146 4434; x_wconf 83' lang='lat' dir='ltr'><strong>ex</strong></span> <span class='ocrx_word' id='word_1_284' title='bbox 175 4351 471 4433; x_wconf 88' lang='lat' dir='ltr'><strong>deliberacione</strong></span> <span class='ocrx_word' id='word_1_285' title='bbox 498 4367 540 4430; x_wconf 90' lang='lat' dir='ltr'><strong>et</strong></span> <span class='ocrx_word' id='word_1_286' title='bbox 567 4379 764 4433; x_wconf 91' lang='lat' dir='ltr'><strong>consensu</strong></span> <span class='ocrx_word' id='word_1_287' title='bbox 792 4368 1058 4457; x_wconf 86' lang='lat' dir='ltr'><strong>cognatorum</strong></span> <span class='ocrx_word' id='word_1_288' title='bbox 1088 4372 1128 4436; x_wconf 90' lang='lat' dir='ltr'><strong>et</strong></span> <span class='ocrx_word' id='word_1_289' title='bbox 1157 4356 1376 4434; x_wconf 88' lang='lat' dir='ltr'><strong>amicorum</strong></span> <span class='ocrx_word' id='word_1_290' title='bbox 1407 4379 1584 4432; x_wconf 87' lang='lat' dir='ltr'><strong>meorum</strong></span> <span class='ocrx_word' id='word_1_291' title='bbox 1616 4353 1722 4461; x_wconf 90' lang='lat' dir='ltr'><strong>ipsas</strong></span> <span class='ocrx_word' id='word_1_292' title='bbox 1751 4351 1802 4432; x_wconf 90' lang='lat' dir='ltr'><strong>ad</strong></span> <span class='ocrx_word' id='word_1_293' title='bbox 1828 4380 1892 4435; x_wconf 88' lang='lat' dir='ltr'><strong>rc·</strong></span> 
     </span>
    </p>

    <p class='ocr_par' dir='ltr' id='par_1_15' title="bbox 93 4463 1894 4572">
     <span class='ocr_line' id='line_1_31' title="bbox 93 4463 1894 4572; baseline 0 -28"><span class='ocrx_word' id='word_1_294' title='bbox 93 4465 256 4571; x_wconf 89' lang='lat' dir='ltr'><strong>ligionis</strong></span> <span class='ocrx_word' id='word_1_295' title='bbox 284 4464 439 4543; x_wconf 89' lang='lat' dir='ltr'><strong>cultum</strong></span> <span class='ocrx_word' id='word_1_296' title='bbox 467 4463 620 4545; x_wconf 90' lang='lat' dir='ltr'><strong>Wretis</strong></span> <span class='ocrx_word' id='word_1_297' title='bbox 648 4464 811 4544; x_wconf 89' lang='lat' dir='ltr'><strong>Christo</strong></span> <span class='ocrx_word' id='word_1_298' title='bbox 852 4463 930 4544; x_wconf 88' lang='lat' dir='ltr'><strong>deo</strong></span> <span class='ocrx_word' id='word_1_299' title='bbox 966 4488 1054 4546; x_wconf 90' lang='lat' dir='ltr'><strong>meo</strong></span> <span class='ocrx_word' id='word_1_300' title='bbox 1080 4523 1288 4547; x_wconf 91' lang='grc'><strong>......</strong></span> <span class='ocrx_word' id='word_1_301' title='bbox 1322 4463 1479 4571; x_wconf 90' lang='lat' dir='ltr'><strong>Sponso</strong></span> <span class='ocrx_word' id='word_1_302' title='bbox 1508 4465 1687 4570; x_wconf 89' lang='lat' dir='ltr'><strong>ipsarum</strong></span> <span class='ocrx_word' id='word_1_303' title='bbox 1731 4491 1894 4572; x_wconf 88' lang='lat' dir='ltr'><strong>presen-</strong></span> 
     </span>
    </p>

    <p class='ocr_par' dir='ltr' id='par_1_16' title="bbox 92 4570 1893 4684">
     <span class='ocr_line' id='line_1_32' title="bbox 92 4570 1893 4684; baseline 0.001 -28"><span class='ocrx_word' id='word_1_304' title='bbox 92 4575 193 4670; x_wconf 87' lang='lat' dir='ltr'><strong>tari,</strong></span> <span class='ocrx_word' id='word_1_305' title='bbox 222 4603 313 4655; x_wconf 88' lang='lat' dir='ltr'><strong>cum</strong></span> <span class='ocrx_word' id='word_1_306' title='bbox 342 4583 562 4681; x_wconf 72' lang='lat' dir='ltr'><strong>proventu,</strong></span> <span class='ocrx_word' id='word_1_307' title='bbox 591 4575 695 4657; x_wconf 90' lang='lat' dir='ltr'><strong>sicut</strong></span> <span class='ocrx_word' id='word_1_308' title='bbox 724 4576 846 4656; x_wconf 87' lang='lat' dir='ltr'><strong>moris</strong></span> <span class='ocrx_word' id='word_1_309' title='bbox 874 4594 933 4655; x_wconf 88' lang='lat' dir='ltr'><strong>est</strong></span> <span class='ocrx_word' id='word_1_310' title='bbox 960 4595 999 4656; x_wconf 80' lang='lat' dir='ltr'><strong>et</strong></span> <span class='ocrx_word' id='word_1_311' title='bbox 1027 4570 1326 4658; x_wconf 76' lang='lat' dir='ltr'><strong>consuetudinis</strong></span> <span class='ocrx_word' id='word_1_312' title='bbox 1369 4575 1562 4684; x_wconf 85' lang='lat' dir='ltr'><strong>antiquae,</strong></span> <span class='ocrx_word' id='word_1_313' title='bbox 1598 4574 1893 4658; x_wconf 81' lang='lat' dir='ltr'><strong>talividelicet</strong></span> 
     </span>
    </p>

    <p class='ocr_par' dir='ltr' id='par_1_17' title="bbox 92 4679 1890 4794">
     <span class='ocr_line' id='line_1_33' title="bbox 92 4679 1890 4794; baseline -0.001 -26"><span class='ocrx_word' id='word_1_314' title='bbox 92 4683 259 4768; x_wconf 91' lang='lat' dir='ltr'><strong>dimidia</strong></span> <span class='ocrx_word' id='word_1_315' title='bbox 289 4679 456 4765; x_wconf 81' lang='lat' dir='ltr'><strong>villain</strong></span> <span class='ocrx_word' id='word_1_316' title='bbox 484 4685 691 4794; x_wconf 87' lang='lat' dir='ltr'><strong>Clypsnae‚</strong></span> <span class='ocrx_word' id='word_1_317' title='bbox 721 4687 758 4768; x_wconf 90' lang='lat' dir='ltr'><strong>b.</strong></span> <span class='ocrx_word' id='word_1_318' title='bbox 787 4713 820 4768; x_wconf 89' lang='lat' dir='ltr'><strong>e.</strong></span> <span class='ocrx_word' id='word_1_319' title='bbox 851 4713 930 4792; x_wconf 83' lang='lat' dir='ltr'><strong>une</strong></span> <span class='ocrx_word' id='word_1_320' title='bbox 960 4690 1118 4768; x_wconf 87' lang='lat' dir='ltr'><strong>marcha</strong></span> <span class='ocrx_word' id='word_1_321' title='bbox 1141 4705 1258 4766; x_wconf 85' lang='lat' dir='ltr'><strong>terrae</strong></span> <span class='ocrx_word' id='word_1_322' title='bbox 1286 4715 1376 4768; x_wconf 89' lang='lat' dir='ltr'><strong>cum</strong></span> <span class='ocrx_word' id='word_1_323' title='bbox 1405 4683 1593 4765; x_wconf 91' lang='lat' dir='ltr'><strong>omnibus</strong></span> <span class='ocrx_word' id='word_1_324' title='bbox 1608 4686 1687 4766; x_wconf 90' lang='lat' dir='ltr'><strong>suis</strong></span> <span class='ocrx_word' id='word_1_325' title='bbox 1716 4688 1890 4766; x_wconf 80' lang='lat' dir='ltr'><strong>attinen-</strong></span> 
     </span>
    </p>

    <p class='ocr_par' dir='ltr' id='par_1_18' title="bbox 27 4792 1890 4906">
     <span class='ocr_line' id='line_1_34' title="bbox 27 4792 1890 4906; baseline -0.001 -28"><span class='ocrx_word' id='word_1_326' title='bbox 27 4792 30 4798; x_wconf 65' lang='grc'><strong>’</strong></span> <span class='ocrx_word' id='word_1_327' title='bbox 92 4799 183 4895; x_wconf 88' lang='lat' dir='ltr'><strong>tiis,</strong></span> <span class='ocrx_word' id='word_1_328' title='bbox 210 4812 252 4876; x_wconf 90' lang='lat' dir='ltr'><strong>et</strong></span> <span class='ocrx_word' id='word_1_329' title='bbox 279 4799 375 4906; x_wconf 87' lang='lat' dir='ltr'><strong>quia</strong></span> <span class='ocrx_word' id='word_1_330' title='bbox 406 4797 482 4877; x_wconf 87' lang='lat' dir='ltr'><strong>ista</strong></span> <span class='ocrx_word' id='word_1_331' title='bbox 511 4814 704 4905; x_wconf 90' lang='lat' dir='ltr'><strong>proventa</strong></span> <span class='ocrx_word' id='word_1_332' title='bbox 734 4793 961 4906; x_wconf 87' lang='lat' dir='ltr'><strong>specialiter</strong></span> <span class='ocrx_word' id='word_1_333' title='bbox 1004 4818 1064 4880; x_wconf 86' lang='lat' dir='ltr'><strong>est</strong></span> <span class='ocrx_word' id='word_1_334' title='bbox 1104 4799 1303 4906; x_wconf 89' lang='lat' dir='ltr'><strong>assignata</strong></span> <span class='ocrx_word' id='word_1_335' title='bbox 1344 4795 1395 4878; x_wconf 90' lang='lat' dir='ltr'><strong>de</strong></span> <span class='ocrx_word' id='word_1_336' title='bbox 1436 4797 1692 4876; x_wconf 90' lang='lat' dir='ltr'><strong>matrimonio</strong></span> <span class='ocrx_word' id='word_1_337' title='bbox 1734 4795 1890 4878; x_wconf 86' lang='lat' dir='ltr'><strong>dilectae</strong></span> 
     </span>
    </p>

    <p class='ocr_par' dir='ltr' id='par_1_19' title="bbox 91 4907 1889 5017">
     <span class='ocr_line' id='line_1_35' title="bbox 91 4907 1889 5017; baseline -0.001 -27"><span class='ocrx_word' id='word_1_338' title='bbox 91 4908 185 4990; x_wconf 85' lang='lat' dir='ltr'><strong>filiae</strong></span> <span class='ocrx_word' id='word_1_339' title='bbox 212 4934 309 4989; x_wconf 84' lang='lat' dir='ltr'><strong>meae</strong></span> <span class='ocrx_word' id='word_1_340' title='bbox 336 4935 383 4989; x_wconf 90' lang='lat' dir='ltr'><strong>ca</strong></span> <span class='ocrx_word' id='word_1_341' title='bbox 413 4968 423 4989; x_wconf 92' lang='lat'><strong>.</strong></span> <span class='ocrx_word' id='word_1_342' title='bbox 453 4967 463 4987; x_wconf 86' lang='lat'><strong><em>.</em></strong></span> <span class='ocrx_word' id='word_1_343' title='bbox 573 4968 582 4987; x_wconf 91' lang='lat'><strong>.</strong></span> <span class='ocrx_word' id='word_1_344' title='bbox 614 4937 702 4990; x_wconf 89' lang='lat' dir='ltr'><strong>rum</strong></span> <span class='ocrx_word' id='word_1_345' title='bbox 746 4907 972 4991; x_wconf 86' lang='lat' dir='ltr'><strong>haeredibus</strong></span> <span class='ocrx_word' id='word_1_346' title='bbox 1014 4910 1128 5006; x_wconf 85' lang='lat' dir='ltr'><strong>meis,</strong></span> <span class='ocrx_word' id='word_1_347' title='bbox 1165 4937 1216 4990; x_wconf 90' lang='lat' dir='ltr'><strong>ne</strong></span> <span class='ocrx_word' id='word_1_348' title='bbox 1259 4914 1300 4988; x_wconf 92' lang='lat' dir='ltr'><strong>in</strong></span> <span class='ocrx_word' id='word_1_349' title='bbox 1344 4924 1436 5017; x_wconf 89' lang='lat' dir='ltr'><strong>post</strong></span> <span class='ocrx_word' id='word_1_350' title='bbox 1483 4907 1580 4986; x_wconf 92' lang='lat' dir='ltr'><strong>mibi</strong></span> <span class='ocrx_word' id='word_1_351' title='bbox 1607 4907 1889 5017; x_wconf 83' lang='lat' dir='ltr'><strong>aliquaocca·</strong></span> 
     </span>
    </p>

    <p class='ocr_par' dir='ltr' id='par_1_20' title="bbox 25 5017 1889 5132">
     <span class='ocr_line' id='line_1_36' title="bbox 25 5017 1889 5132; baseline -0.002 -29"><span class='ocrx_word' id='word_1_352' title='bbox 25 5075 32 5082; x_wconf 93' lang='lat'>-</span> <span class='ocrx_word' id='word_1_353' title='bbox 90 5021 156 5104; x_wconf 87' lang='lat' dir='ltr'><strong>sio</strong></span> <span class='ocrx_word' id='word_1_354' title='bbox 199 5020 460 5132; x_wconf 82' lang='lat' dir='ltr'><strong>querimoniae</strong></span> <span class='ocrx_word' id='word_1_355' title='bbox 488 5034 528 5102; x_wconf 89' lang='lat' dir='ltr'><strong>et</strong></span> <span class='ocrx_word' id='word_1_356' title='bbox 556 5017 815 5104; x_wconf 89' lang='lat' dir='ltr'><strong>dissensionis</strong></span> <span class='ocrx_word' id='word_1_357' title='bbox 853 5048 989 5131; x_wconf 87' lang='lat' dir='ltr'><strong>pravae</strong></span> <span class='ocrx_word' id='word_1_358' title='bbox 1031 5021 1207 5118; x_wconf 88' lang='lat' dir='ltr'><strong>oriatur,</strong></span> <span class='ocrx_word' id='word_1_359' title='bbox 1249 5017 1298 5102; x_wconf 89' lang='lat' dir='ltr'><strong>de</strong></span> <span class='ocrx_word' id='word_1_360' title='bbox 1333 5019 1578 5130; x_wconf 87' lang='lat' dir='ltr'><strong>patrimonio</strong></span> <span class='ocrx_word' id='word_1_361' title='bbox 1614 5020 1764 5102; x_wconf 89' lang='lat' dir='ltr'><strong>sororis</strong></span> <span class='ocrx_word' id='word_1_362' title='bbox 1792 5046 1889 5116; x_wconf 83' lang='lat' dir='ltr'><strong>meae</strong></span> 
     </span>
    </p>
   </div>
   <div class='ocr_carea' id='block_1_10' title="bbox 0 0 2164 5975">
    <p class='ocr_par' dir='ltr' id='par_1_21' title="bbox 0 0 2164 5975">
     <span class='ocr_line' id='line_1_37' title="bbox 0 0 2164 5975; baseline 0 3"><span class='ocrx_word' id='word_1_363' title='bbox 0 0 2164 5975; x_wconf 95' lang='lat' dir='ltr'><strong> </strong></span> 
     </span>
    </p>
   </div>
  </div>
 </body>
</html>
