4317 5975
793 430 850 448 ..
961 385 1040 494 589
1150 427 1209 450 ...

102 619 285 729 «1638.
689 681 693 686 -
769 616 921 762 1309
968 615 1016 723 d.
1068 583 1131 724 ιι
1183 618 1309 724 Nov.
1395 721 1398 729 .

124 790 127 797 ⁵
187 808 272 876 Genu
290 769 521 869 Rronrnmsoss
544 757 809 870 testamentarisla
831 805 1004 887 anordning
1021 806 1062 881 ‚ai
1079 805 1146 888 jord
1168 807 1178 868 i
1200 785 1349 891 Frestryd
1370 805 1430 870 orb
1453 805 1574 871 bstuli
1594 806 1645 872 till
1675 758 1798 895 llydala
1830 813 1901 876 ilo·
2006 783 2009 790 Ι

229 901 291 955 ster
312 901 393 952 samt
414 890 585 974 penningar
606 888 654 950 till
677 885 810 969 kyrios,
833 886 949 949 kloster
971 887 1029 986 ocb
1053 900 1181 975 prester.
1649 974 1674 1027 A
1702 975 1719 1029 3

1128 989 1130 994 .
1170 999 1176 1016 ι
1677 1008 1685 1027 .
1720 1015 1726 1027 Ι
1743 991 1771 1030 ¹·

165 1175 168 1182 Ι
214 1078 267 1155 Jn
295 1077 458 1156 nomine
486 1072 639 1156 domini
668 1098 803 1167 amen,
832 1071 934 1151 Cum
965 1099 1038 1180 per
1067 1072 1175 1152 bona
1203 1073 1461 1182 temporalia,
1502 1076 1536 1157 si
1571 1073 1708 1174 debite
1750 1076 1904 1160 fuerint

105 1187 358 1297 dispensata,
386 1188 601 1266 miserente
629 1181 708 1264 deo
737 1183 907 1262 mereari
936 1185 1061 1291 possit
1090 1183 1211 1263 homo
1241 1183 1338 1264 dum
1367 1186 1409 1264 in
1437 1186 1513 1268 bac
1543 1188 1624 1268 vita
1653 1186 1776 1269 luerit
1804 1217 1904 1298 gau·

114 1299 174 1382 dia
201 1299 466 1407 sempiterna,
507 1298 615 1405 Ego',
658 1296 857 1375 Ksnouos
898 1295 1188 1378 Raonrmbsou
1231 1295 1282 1378 de
1318 1296 1447 1377 salute
1494 1299 1624 1380 anime
1667 1326 1752 1380 mee
1793 1300 1904 1381 solli·

18 1470 29 1494 ,
113 1412 211 1493 ritus
239 1410 282 1490 in
301 1426 421 1490 statu
448 1404 579 1488 adbuc
613 1406 899 1486 incolumitatis
934 1409 1199 1504 constitutus,
1240 1422 1521 1489 testamentum
1564 1437 1695 1508 meum
1731 1409 1905 1518 dispono
2012 1507 2015 1512 ,

81 1539 153 1604 ,ιι
178 1519 326 1602 ordino
356 1519 545 1623 inbunc
574 1510 772 1614 modum,
814 1517 1060 1598 Monasterio
1090 1517 1340 1601 'Noueuallis
1376 1517 1446 1601 vbi
1488 1518 1594 1627 eligo
1635 1521 1906 1630 sepulturam,

113 1631 277 1715 confero
305 1659 428 1711 vnum
458 1628 655 1725 fundum,
681 1627 986 1736 in',·Frestryd,
1016 1645 1056 1711 et
1085 1630 1203 1733 vnius
1231 1627 1350 1709 solidi
1381 1647 1527 1710 terram
1549 1623 1764 1738 etpr'atum
1788 1637 1906 1714 vni'us

113 1744 324 1853 plaustrati
354 1741 457 1840 feni,
485 1758 529 1822 vt
557 1740 683 1820 libere
711 1755 753 1818 et
780 1741 1047 1848 communiter
1076 1741 1119 1820 in
1149 1741 1304 1848 prefate
1330 1738 1436 1820 'uille
1471 1739 1624 1850 predijs
1664 1751 1704 1823 e't
1724 1745 1906 1843 attinen-

104 1850 183 1961 cijs
209 1853 461 1964 quibuslibet
488 1850 776 1947 admittantur,
806 1854 930 1948 item,
961 1854 1002 1932 in
1030 1851 1216 1958 Rabyltae
1244 1852 1514 1959 integritatem
1557 1849 1736 1934 omnium
1779 1855 1909 1935 bono·

112 1994 198 2048 rum
232 1992 478 2075 quecunque
514 1963 567 2070 ad
602 1991 664 2043 me
699 1961 849 2043 ibidem
892 1980 1096 2073 spectant,
1139 1990 1230 2043 cum
1272 1959 1458 2045 omnibus
1499 1963 1583 2046 suis
1624 1965 1908 2075 pertinenciis,

112 2092 309 2189 perpetuo
335 2078 393 2156 eis
421 2076 681 2184 lego,'Jtem
712 2073 912 2155 sacerdoti
956 2076 998 2155 in
1041 2071 1241 2181 Frearyd,
1283 2072 1384 2154 duas
1427 2103 1580 2156 marcas
1622 2075 1909 2176 denariorum,

111 2188 274 2270 ecclesie
302 2213 470 2297 quoque
496 2185 671 2294 ibidem,
701 2211 824 2266 vnam
854 2213 1046 2284 maroam,
1074 2185 1272 2282 Domino,
1301 2183 1455 2266 oddoni
1484 2187 1526 2266 in
1556 2187 1909 2286 bieccabir,·dimi·

110 2297 216 2383 diam
258 2326 432 2378 maroam
475 2297 587 2395 dem,
629 2297 805 2378 Doniino
847 2296 1088 2380 Germundo
1123 2298 1164 2376 iu
1202 2295 1422 2378 wriohstab
1464 2296 1668 2378 dimidiam
1711 2327 1908 2399 marcam,

110 2428 153 2495 et
176 2410 341 2491 ecclesie
368 2407 570 2506 similiter,
597 2405 831 2518 ubicunque
861 2410 967 2490 bona
998 2405 1202 2518 possideo,
1231 2407 1451 2502 sacerdoti,
1479 2407 1682 2491 dimidiam
1713 2438 1907 2509 marcam,

110 2537 152 2604 et
178 2519 343 2602 ecclesie
369 2520 572 2618 similiter,
600 2519 924 2602 Predicatoribus
952 2519 1146 2601 fratribus
1174 2521 1217 2601 in
1246 2518 1401 2599 kalmar
1429 2545 1548 2599 vnam
1583 2547 1755 2602 marcam
1795 2521 1909 2620 dem,
1997 2537 2000 2542 ’

111 2632 335 2716 Minoribus
361 2633 404 2711 in
433 2632 668 2741 lunicopia‚
697 2659 817 2714 vnam
848 2659 1022 2713 marcam
1052 2632 1165 2728 dem,
1195 2629 1407 2713 Fratribus
1434 2633 1475 2710 in
1496 2630 1766 2730 Andwarsoo,
1789 2660 1910 2714 vnam

108 2771 301 2840 marcam,
329 2743 444 2843 den,
471 2742 664 2853 hospitali
691 2745 735 2823 in
762 2741 1081 2841 Mielstadabass,
1110 2739 1318 2830 dimidiam
1345 2768 1532 2842 marcam,
1560 2739 1672 2842 ilem,
1700 2743 1773 2872 Vt
1785 2744 1910 2852 igitur
2047 2827 2059 2840 ,

114 2857 190 2940 ista
218 2870 420 2964 perpetuo
449 2869 637 2956 maneant
654 2853 841 2952 illibata,
872 2855 1214 2966 sigillummeum
1240 2881 1321 2935 vna
1350 2881 1442 2936 cum
1470 2851 1602 2962 sigillo
1637 2881 1775 2964 generi
1811 2855 1910 2951 mei,
1936 2891 1949 2900 ·

112 2963 373 3065 Gudmundi,
400 2962 499 3049 duxi
528 2963 781 3076 presentibus
808 2966 1074 3079 apponenda,
1103 2983 1236 3051 actum
1267 2958 1559 3057 annodomini
1587 2963 1661 3067 ΜΟ,
1685 2964 1820 3063 CCC⁰.
1849 2965 1909 3051 IX

112 3082 165 3161 ln
192 3078 265 3165 die'
284 3082 413 3161 sancti
440 3079 616 3161 Martini.
948 3106 955 3115 ·
1386 3128 1389 3138 ,

471 3220 606 3305 'sigillet
626 3220 772 3305 aledadt,
793 3220 957 3307 btngande
974 3221 1017 3308 pl
1037 3236 1077 3294 en
1098 3238 1139 3285 ιιι·
1158 3220 1279 3287 antaei
1298 3218 1400 3307 llippt
1419 3238 1528 3286 remea.

126 3653 295 3800 1639.
381 3736 385 3744 1
717 3584 865 3811 1309
909 3652 958 3759 d.
1005 3692 1072 3762 aa
1117 3616 1245 3759 Nov,
1568 3648 1910 3759 Grausellum.

196 3842 316 3906 Pisaeo
339 3838 680 3919 cirumventam,
702 3841 775 3904 med
797 3840 938 3903 tillstdnd
959 3838 1259 3925 lb'rirlebislopen
1280 3836 1687 3937 oebdesstdbisloper,
1717 3842 1758 3927 pt
1787 3852 1836 3931 tre
1860 3842 1912 3919 dr,
2032 3830 2037 3841 ⁸

238 3934 287 3987 ιιι
308 3942 419 4005 geuom
442 3922 633 4005 iullmtgtige
656 3925 718 3987 ltu
739 3944 814 3987 rena
835 3924 954 4009 lyrkor
975 3923 1036 3986 och
1058 3924 1291 4008 lyrlogdrdar,
1310 3942 1377 3985 som
1398 3918 1502 3986 blilvrt
1522 3920 1681 3986 ositrade.
1702 4002 1729 4059 Α
1757 4021 1769 4059 Ι

193 4091 198 4102 ’
225 4108 417 4189 Casurus
445 4109 661 4217 episcopus
687 4135 831 4190 seruus
858 4135 1068 4190 seruorum
1084 4102 1162 4205 dei,
1190 4104 1424 4189 Venerabili
1445 4104 1562 4191 fratri
1584 4106 1754 4191 Nicolao
1770 4110 1913 4190 Archi·

112 4220 315 4331 episcopo
336 4218 553 4328 upsalensi,
581 4220 750 4302 salutem
778 4236 820 4301 et
846 4218 1110 4328 apostolicam
1139 4216 1472 4301 benedictionem.
1537 4218 1681 4302 Merita
1722 4234 1792 4300 tue
1834 4216 1914 4301 fra·

112 4332 318 4415 tenuitatis
346 4345 590 4438 exposcunt,
618 4346 774 4441 utque
801 4329 923 4440 digne
951 4330 1156 4440 deposcis,
1183 4358 1205 4409 a
1236 4326 1354 4411 nobis
1382 4326 1664 4413 fauorabiliter
1691 4342 1915 4441 consequa-

113 4445 185 4525 ris.
244 4445 346 4523 Cum
374 4442 512 4551 itaque
540 4442 646 4523 sicut
672 4442 809 4524 oblata
832 4441 951 4524 nobis
981 4470 1034 4523 ex
1076 4448 1191 4551 parte
1226 4457 1295 4523 tua
1338 4440 1482 4551 petitio
1521 4442 1915 4551 continebat„¹sepe

17 4637 18 4640 a
113 4556 329 4659 contingat
354 4553 542 4633 ecclesias
567 4569 609 4634 et
636 4553 842 4636 Cimiteria
870 4571 1031 4634 tuarum
1066 4552 1254 4635 Ciuitatis
1286 4565 1328 4634 ct
1362 4546 1550 4648 diocesis,
1592 4580 1640 4635 ao
1680 4552 1916 4651 Prouincie,

114 4692 195 4777 per
221 4664 470 4745 effusionem
510 4665 718 4774 'sanguinis
757 4682 830 4747 aut
870 4666 1029 4747 seminis
1070 4663 1237 4761 violari,
1278 4662 1331 4745 ad
1372 4688 1546 4773 quanm
1588 4663 1787 4773 singulas,
1830 4680 1917 4747 tum

115 4791 292 4888 propter
319 4775 583 4857 remotionem
610 4774 813 4873 locorum,
843 4804 937 4883 oum
963 4774 1106 4882 eadem
1147 4773 1361 4856 Prouinoia
1404 4772 1626 4883 plurimum
1654 4776 1707 4861 sit
1748 4773 1917 4872 diflusa,

116 4902 209 4973 tum
239 4901 409 4996 propter
436 4886 527 4970 loea
546 4885 727 4988 deserta,
754 4886 887 4971 Siluas
911 4902 955 4971 et
980 4912 1182 4999 aquarum
1210 4884 1517 4995 impedimenta,
1544 4900 1591 4967 tu
1610 4902 1652 4968 et
1672 4885 1918 4995 suffraganei

172 5074 178 5081 ,
219 5011 267 5070 Su
283 5012 406 5085 Diploet·
438 5011 480 5070 IL
1053 5062 1058 5073 .
1199 5062 1202 5071 .
1367 5033 1371 5049 ·
1795 5001 1838 5067 75
