4317 5975
510 349 528 511 ι,
647 382 737 471 ’Ψ
806 372 881 502 Ᾰ-,
956 377 1054 495 'tae
1112 388 1116 404 '
1167 392 1248 461 -'

113 617 216 701 riter=
238 611 584 717 dicuntur.fastar
611 593 884 715 hii'lueruut,
927 618 1061 725 primo
1089 600 1328 699 uenerabilis
1372 636 1486 728 pater
1515 618 1702 701 dominus
1730 616 1915 723 bryniul·

114 725 216 839 plius
244 725 465 823 suanensis,
488 743 538 807 et.
558 724 756 808 discretus
785 728 848 806 uir
876 726 1062 809 dominus
1105 729 1204 811 bero
1234 731 1380 839 longus
1412 732 1640 811 canonicus
1669 728 1844 809 eiusdem
1874 746 1915 811 et
1975 788 1977 795 ι

115 839 281 922 Nobiles
309 838 376 920 alii
404 853 445 918 et
473 836 635 919 discreti
665 840 762 933 uiri,
790 833 980 920 domiuus
1007 840 1178 948 Magnus
1206 844 1432 925 mariueson
1462 860 1502 923 et
1532 838 1635 923 lilius
1667 831 1753 920 eius
1781 840 1915 920 liuwi·
2040 851 2077 927 .'

113 949 209 1046 dus,
236 949 467 1057 helmgerus
496 950 667 1045 ulfssoo,
695 977 835 1029 sweno
871 950 1059 1032 olafsson.
1089 950 1315 1034 laurencius
1344 954 1394 1035 dd
1424 954 1583 1053 Eslibu'r,
1626 952 1916 1057 'Phomussig-

115 1062 260 1155 widhae
280 1090 379 1158 sou,
407 1061 658 1170 Laureucius
685 1060 849 1168 jousscn
880 1061 1097 1165 Nicholaus
1125 1062 1176 1144 de
1205 1065 1373 1159 uuum,
1404 1066 1545 1147 Erieus
1573 1064 1786 1158 cristiarui,
1815 1060 1915 1142 siluis

61 1239 65 1243 a
114 1172 384 1285 spiaelbodher
417 1170 468 1253 de
505 1188 650 1275 wanze
693 1170 905 1273 hersiliuus
927 1170 982 1252 de
1010 1172 1233 1281 Arbogltae,
1273 1177 1326 1253 ln
1363 1175 1793 1259 Cuius‘testimonium
1837 1202 1915 1253 una
1998 1247 2002 1254 .

114 1313 203 1367 cum
233 1284 374 1393 sigillis
403 1283 692 1365 uenerabilium
723 1300 885 1393 patrum
915 1282 1172 1365 dominorum
1217 1287 1509 1395 Episcoporum
1559 1286 1833 1396 predictorum
1862 1285 1916 1365 si-

115 1397 255 1505 gillum
297 1424 428 1477 meum
474 1390 729 1502 presentibus
770 1413 830 1475 est
872 1422 1095 1504 appensum
1138 1398 1287 1477 Datum
1332 1397 1556 1507 Arbugwm
1594 1403 1713 1479 Anno
1741 1395 1915 1492 domini,

116 1511 189 1604 Μ’,
216 1507 337 1589 CCC‘
368 1508 467 1586 1111·
499 1508 542 1588 in
569 1505 705 1613 uigilia
735 1506 844 1587 beati
872 1506 1008 1614 jacobi
1035 1507 1222 1616 apostoli.
1592 1512 1601 1535 “’
1814 1513 1816 1525 ’

754 1646 882 1729 Sigillen
904 1646 1055 1733 sladnde,
1076 1649 1174 1711 liunus
1194 1672 1280 1735 quer.

65 1942 76 1951 ‘
127 2012 294 2143 1436.
352 2067 370 2113 .·
662 1976 671 1993 ⁸
772 1924 912 2142 1304
959 2011 1008 2118 d.
1055 2012 1129 2119 28
1176 2009 1287 2119 Juli.
1367 1996 1421 2102 '.
1722 1926 1918 2125 elenu.

198 2230 485 2312 Koounguuoms
511 2227 709 2295 Stadllstelse
739 2234 784 2316 μδ
812 2242 858 2297 ott
878 2233 1012 2297 emellau
1032 2192 1101 2296 deus
1121 2190 1223 2313 leder,
1255 2233 1337 2299 Koo.
1358 2232 1489 2314 Magnus
1519 2242 1597 2295 sumt
1618 2230 1736 2317 Upsa'la
1759 2197 1921 2320 Ilomlyr·

251 2317 291 2377 la
312 2312 400 2377 skedt
422 2312 598 2397 iordeluyte,
619 2316 713 2379 meu
735 2318 906 2381 lrleluislo
947 2338 1029 2379 nuu
1050 2317 1237 2397 dterlemuat
1257 2318 1290 2380 sl
1312 2318 1453 2401 myc'let,
1474 2336 1541 2377 som
1563 2316 1668 2379 dertill
1690 2320 1817 2382 utsetlde
1838 2324 1921 2401 Man,
2010 2324 2020 2345 “

247 2398 329 2460 elles·
350 2398 508 2481 lb'retageu
529 2398 690 2483 priilniug,
712 2399 815 2462 sunsit
835 2412 881 2463 att
935 2406 1031 2461 ronan
1054 2400 1159 2464 blisult
1183 2400 1307 2463 lidaude
1329 2402 1370 2487 pls
1390 2399 1490 2483 byses.

1670 2483 1705 2535 A.
1723 2502 1747 2554 7.
1764 2502 1788 2540 a.

229 2617 432 2715 Btncunus
473 2612 558 2697 dei.
580 2617 714 2725 gracia
748 2645 951 2699 sweorum
993 2616 1292 2729 gothorumque
1334 2618 1420 2699 Rex
1468 2618 1665 2699 uniuersis
1698 2622 1963 2699 ¹Presentes..

117 2728 271 2811 litteras
300 2728 561 2835 inspecturis,
589 2727 759 2809 salutem
787 2731 830 2810 in
866 2728 1033 2810 domino
1067 2729 1361 2837 sempiternam.
1411 2728 1512 2809 Cum
1542 2726 1778 2839 magnificus
1808 2732 1923 2811 Prin·
1949 2752 1953 2759 ’
1983 2795 1985 2804 .

74 2898 83 2907 -
114 2838 215 2951 ceps
241 2855 283 2921 et
311 2836 523 2935 domiuus,
561 2840 758 2920 Dominus
800 2841 970 2949 Magnus
1006 2838 1114 2921 bone
1144 2842 1332 2921 memorie
1362 2857 1478 2951 pater
1507 2834 1644 2922 noster
1673 2838 1923 2940 karissimus,

117 2982 166 3036 ac
195 2948 438 3034 uenerabilis
465 2965 582 3060 pater
610 2947 797 3032 dominus
824 2951 992 3059 Magnus
1020 2950 1128 3033 bone
1158 2954 1347 3036 memorie
1375 2954 1580 3064 quondam
1611 2950 1770 3046 electus,
1795 2953 1924 3035 eccle·

117 3056 178 3148 sie
206 3062 425 3172 upsalensis
453 3061 733 3161 conlirmatus,
780 3061 982 3175 quandam
1012 3064 1119 3144 iute'r
1147 3091 1188 3145 se
1216 3055 1557 3174 permutacioncm
1594 3063 1836 3173 *prediorum
1865 3065 1924 3146 le·

117 3177 289 3271 cissent,
315 3166 511 3282 exparte
547 3200 697 3254 corone
732 3191 774 3256 et
809 3175 976 3256 ecclesie
1017 3177 1235 3283 upsalensis
1287 3191 1412 3284 prout
1440 3175 1482 3254 iu
1513 3174 1655 3255 litteris
1696 3202 1817 3284 super
1845 3176 1923 3258 hoc

112 3285 316 3370 conlectis
345 3283 463 3394 plene
490 3300 619 3393 patet,
655 3286 756 3386 Nos,
792 3283 1088 3394 considerantes
1117 3289 1157 3376 iu
1188 3285 1309 3366 huius
1338 3284 1569 3396 prediorum
1591 3289 1925 3395 permutacione,
1990 3350 1992 3362 ,

118 3425 315 3483 coronam
344 3397 574 3506 aliqualiter
595 3411 687 3488 ‚esse
716 3397 855 3494 lesam,
884 3397 1076 3477 Discretis
1105 3400 1220 3495 viris,
1249 3395 1420 3478 dominis
1440 3395 1654 3504 Thurgillo
1678 3397 1923 3478 knuthzsson

120 3507 346 3592 marslualco
375 3525 534 3604 nostro,
562 3506 723 3589 Andree
751 3511 961 3617 preposito
999 3508 1220 3616 upsalensi,
1248 3524 1290 3587 et
1318 3508 1484 3614 Birgero
1527 3523 1752 3616 paetersson'
1783 3509 1926 3618 uplan·
2006 3593 2009 3598 Δ
2059 3535 2063 3540 ’

120 3616 282 3718 diarum
311 3619 477 3729 legifero
506 3605 747 3727 co‘nsiliarijs
776 3621 923 3700 nostris
953 3617 1202 3728 predilectis,
1240 3645 1311 3699 nec
1350 3647 1431 3699 non
1459 3633 1501 3698 et
1530 3617 1638 3698 fideli
1668 3637 1809 3701 nostro
1838 3623 1947 3701 Cri-·

120 3736 277 3819 stiarno
307 3729 487 3840 prefecto
515 3729 825 3828 stokholmeusi,
853 3731 904 3812 de
932 3758 1129 3812 consensu
1160 3732 1399 3813 uenerabilis
1415 3731 1552 3838 patris,
1583 3728 1744 3812 Domini
1770 3732 1928 3812 Nicolai

119 3842 573 3966 diuinamiseraqioue,
603 3871 713 3924 nuuc
739 3841 1047 3952 Arclriepiscopi
1077 3841 1316 3950 upsalensis„
1353 3841 1535 3922 dedimus
1563 3840 1604 3922 in
1634 3841 1853 3938 mandatis,
1882 3859 1928 3920 ut

121 3958 204 4064 ipsi
233 3949 357 4057 Quod
384 3953 575 4063 equitatis
602 3969 705 4034 esset
731 3971 771 4035 et
798 3982 884 4036 esse
914 3969 1048 4064 posset
1076 3956 1119 4032 in
1150 3949 1451 4062 permutacione
1482 3950 1662 4060 predicta
1689 3952 1928 4060 diligencius

122 4065 418 4174 inuestigarent
445 4079 487 4162 et
516 4065 810 4174 ponderarent,
827 4055 1139 4176 ,deliberataque
1155 4063 1366 4158 referrent,
1394 4063 1546 4174 quibus
1568 4064 1696 4141 uisum
1712 4080 1783 4160 est,
1811 4060 1927 4173 quod

116 4205 176 4260 ex
205 4191 322 4292 parte
349 4173 514 4257 ecclesie
543 4177 779 4286 upsalensis,
820 4177 1013 4286 assignari
1041 4167 1236 4294 deberent
1264 4202 1426 4271 corone,
1456 4173 1665 4256 duodecim
1697 4190 1925 4272 orestem,

116 4306 229 4401 quas
317 4283 420 4368 idem
450 4285 784 4369 duodecim-oras
811 4304 941 4383 terre,
983 4285 1173 4369 uidelicet
1200 4315 1319 4368 unam
1363 4285 1583 4376 Marcluam.
1605 4302 1712 4365 terre
1741 4285 1781 4366 iu
1811 4286 1930 4370 stawi

121 4315 343 4512 parrolllle
369 4398 755 4508 feringiaetluunum,
791 4416 832 4478 et
860 4398 1066 4480 dimidiam
1096 4399 1300 4482 Marcha‘m
1342 4413 1449 4478 terre
1491 4397 1532 4477 iu
1575 4396 1719 4504 Tluorp
1764 4395 1931 4496 husaebt

110 4513 251 4624 ¹lituo,
279 4507 395 4590 Jdem
424 4510 612 4592 dominus
640 4510 980 4620 Arcltiepiscopus
1021 4511 1262 4618 upsalensis,
1297 4507 1518 4592 secundum
1561 4509 1836 4617 predictorum
1868 4511 1928 4589 ui·

120 4649 267 4707 rorum
297 4623 564 4704 assessionem
593 4637 633 4703 et
666 4623 987 4719 estimacionem,
1015 4620 1183 4704 tradidit
1211 4625 1252 4702 et
1280 4621 1519 4729 assignauit,
1568 4621 1652 4700 No's
1681 4620 1805 4726 igitur
1834 4631 1928 4728 sup

123 4733 354 4844 pleeionem
384 4731 604 4841 predictam
633 4749 908 4843 acceptantes,
936 4731 1182 4843 sepedictam
1212 4733 1444 4841 prediorum
1475 4730 1838 4839 permutaciouem,
1868 4733 1930 4811 in·

122 4863 196 4927 ter
223 4842 478 4953 supradictos
505 4843 708 4940 dominos,
758 4863 913 4955 patrem
943 4861 1126 4925 nostrum
1156 4862 1196 4925 et
1224 4845 1413 4952 Magnum
1463 4843 1636 4924 electum
1680 4842 1956 4953 upsalensem¹

123 4957 296 5056 lucum,
323 4952 548 5040 secuudum
576 4955 746 5038 torum
773 4958 817 5040 iu
845 4954 1142 5068 litteris⁸super
1168 4956 1246 5038 hiis
1274 4954 1467 5037 confectis
1496 4971 1747 5050 contentam,
1794 4954 1932 5036 Ratifi·
1998 5055 1999 5058 p
