4317 5975
784 408 1175 498 ...15-

91 604 298 717 duhietatis
327 629 498 739 caligine
538 628 783 713 in'uoluatur
816 628 1062 739 perhenutri
1096 629 1199 719 solet
1240 628 1466 711 litterarum
1493 624 1673 729 indiciis,
1713 657 1773 735 ex,
1791 632 1884 753 qpi·
2026 627 2035 633 ”

89 744 157 828 bus
197 740 361 851 preberi
389 742 515 851 possit
545 741 717 850 posteris
746 740 998 823 credulitatis
1039 740 1353 838 firmamentum,
1402 741 1461 819 Ea
1489 757 1661 853 propter
1695 756 1884 847 constare

89 856 266 937 uolumus
279 868 364 937 tam
392 853 649 962 prpsentibns
663 882 787 964 quam
816 854 975 951 futuris,
1005 880 1079 937 nos
1106 852 1159 937 ad
1185 852 1264 943 Dei
1288 851 1444 935 cultum
1471 856 1516 938 dt
1540 853 1783 963 prolecturus,
1797 856 1884 936 ani·

88 994 232 1051 marum
276 979 411 1051 totum
441 963 614 1065 fundum
644 982 685 1047 et
713 966 963 1047 territorium
991 962 1214 1073 Hospitalis
1242 959 1450 1074 qnondam
1479 963 1731 1073 leprosorum
1771 963 1885 1076 apud
1973 977 1981 1002 “
2045 941 2050 950 Χ
2083 964 2090 977 ’

89 1075 309 1174 Stolrholm,
353 1068 464 1188 quod
494 1075 545 1158 de
574 1078 749 1158 Domino
779 1076 977 1188 vpsalensi
991 1075 1311 1269 archiepiscopo
1340 1072 1462 1154 titulo
1493 1076 1713 1184 empcionis
1741 1076 1884 1160 habui·

88 1218 175 1287 mus,
203 1217 283 1268 vna
309 1210 402 1269 cnm
432 1204 525 1268 orto
543 1200 684 1272 nostro
713 1187 876 1288 ibidem,
905 1194 945 1269 &
974 1184 1224 1298 mortequi
1282 1186 1403 1266 icitur
1421 1184 1555 1282 Malm,
1583 1212 1630 1266 ac
1656 1202 1748 1267 toto
1774 1195 1892 1273 terre'
1985 1236 1993 1249 ·

89 1302 216 1413 spacio
247 1298 299 1382 ad
328 1300 581 1381 occidentem
609 1299 728 1397 dieti,
757 1300 896 1398 Malm,
924 1298 1135 1413 usquead
1169 1300 1266 1381 litus
1293 1297 1427 1408 stagni
1454 1323 1594 1378 versus
1634 1296 1884 1385 occidentem

88 1412 335 1497 saltatore
364 1410 593 1493 meridiano
632 1440 761 1522 usque
797 1412 848 1493 ad
877 1413 974 1523 juga
1003 1413 1208 1493 monrium
1236 1406 1518 1494 communitati
1545 1408 1772 1502 attinencia.
1802 1439 1884 1523 qne

91 1541 173 1608 sunt
200 1552 223 1604 e
252 1527 440 1635 proximo
469 1550 607 1605 versus
636 1523 877 1635 aquilonem,
907 1524 1064 1606 dedisse
1087 1522 1223 1606 ordini
1251 1539 1388 1604 sancte
1415 1522 1534 1604 Clare
1562 1538 1768 1631 perpetuo
1788 1552 1884 1631 pos·

90 1636 266 1735 sidenda,
297 1636 348 1718 ad
392 1634 708 1718 construendum
753 1641 794 1717 8(
836 1634 1147 1719 inhabitandum
1177 1634 1278 1717 inibi
1305 1636 1610 1733 Monosterium,
1640 1638 1684 1719 St
1717 1630 1771 1714 ad
1806 1635 1900 1717 alla

89 1750 296 1830 necessaria
338 1746 548 1829 sororibus
589 1742 744 1829 ordinis
773 1750 981 1830 memorati
1009 1745 1232 1829 secundum
1270 1747 1574 1830 ¹ordinacionem
1601 1746 1775 1831 Ministri
1803 1745 1885 1827 fra·

91 1883 182 1945 trum
209 1862 435 1957 Minorum,
464 1859 668 1957 volentes,
706 1876 751 1939 vt
778 1861 843 1940 via
871 1847 1095 1942 communis
1137 1888 1217 1970 que
1245 1860 1376 1972 vergit
1411 1856 1463 1939 de
1505 1857 1716 1960 Stoltholm
1744 1884 1894 1946 versus

92 1988 185 2069 estre
218 1999 333 2069 aros,
384 1976 424 2051 &
451 1999 561 2051 nunc
606 1999 679 2079 per
707 1970 859 2053 dictum
887 1975 1068 2082 spacium
1109 1972 1320 2081 dirigitur,
1362 1986 1542 2080 ponatur
1568 1968 1622 2052 ad
1651 1970 1886 2088 aquilonem

92 2086 200 2194 ipsius
240 2082 380 2194 spaoij,
409 2085 524 2163 iuxta
560 2100 750 2164 montana
779 2082 960 2193 predicta
991 2110 1064 2193 per
1092 2102 1363 2165 transversum
1405 2080 1602 2191 sepedicti
1644 2082 1785 2179 Malm,
1829 2080 1884 2163 ad

92 2198 180 2277 tiam
201 2223 282 2304 que
317 2194 370 2274 ab
411 2194 567 2275 oriente
595 2190 864 2303 ipsius*duoit
885 2194 937 2277 ad
966 2198 1181 2294 ciuitatem,
1210 2198 1263 2275 Jn
1290 2195 1562 2277 testimonium
1590 2211 1726 2275 autem
1761 2194 1884 2274 huius

92 2325 213 2389 nostre
256 2305 514 2403 donacionis,
543 2321 768 2415 presentem
799 2307 974 2391 litteram
1003 2323 1146 2389 nostro
1173 2306 1327 2417 sigillo,
1368 2334 1448 2388 vna
1477 2333 1569 2389 oum
1596 2305 1738 2414 sigillis
1765 2304 1884 2386 nobi-

94 2420 176 2500 lium
195 2419 377 2499 virorum
392 2418 545 2499 scilieet
564 2419 748 2517 Domini,
776 2417 985 2501 Benedicti
999 2419 1199 2530 prepositi
1221 2419 1434 2514 Scarensis,
1463 2419 1628 2499 Domini
1641 2417 1717 2498 Vlf
1739 2414 1882 2498 Hulm·

93 2557 169 2641 gers
195 2558 288 2627 son,
317 2530 482 2613 Domini
511 2527 694 2638 Haquini
722 2528 937 2635 Marslralei
965 2534 1115 2631 nostri,
1141 2537 1184 2617 ssr
1210 2532 1375 2612 Domini
1392 2529 1595 2613 ‘Wcrneri
1623 2528 1794 2635 Bruulr„
1841 2532 1883 2609 ui

92 2659 279 2751 presentes
307 2639 476 2723 aderant
503 2639 691 2720 duximus
727 2639 1006 2742 muniendam,
1046 2640 1206 2724 'Datum
1233 2648 1275 2723 8r
1300 2658 1435 2725 actum
1462 2639 1622 2739 Dafhn,
1658 2558 1840 2723 Anud‘d

90 2755 200 2850 mini,
224 2752 576 2851 M⁰,CC⁰LXXX⁰,
604 2768 738 2851 sexto,
767 2754 843 2841 Die
873 2755 968 2837 lune
997 2753 1109 2836 infra·
1132 2775 1319 2842 octauam
1346 2754 1460 2844 Beati
1486 2753 1703 2852 Franclttti.
1727 2825 1751 2855 2,

92 2894 226 2979 sigillent
249 2916 262 2959 r
285 2894 473 2981 Kooungens
492 2896 503 2958 i
524 2896 616 2977 grdut
637 2914 694 2955 vax
714 2892 757 2979 pt
778 2895 852 2975 gula
872 2892 933 2957 och
955 2896 1259 2974 rddasillestrtdan
1281 2895 1499 2977 a'bortlallet3
1522 2898 1542 2969 3
1562 2887 1789 2983 Afldlll'gt1,lpfi
1810 2894 1884 2959 ,gdt

494 2976 505 3032 ἰ
526 2978 548 3058 d
567 2978 608 3064 pa
630 2975 727 3059 hvitt,
748 2976 809 3040 och
830 2976 851 3038 5
871 2978 912 3064 pt
934 2976 1006 3041 riidt
1027 2978 1118 3060 silke,
1140 2980 1199 3042 allt
1219 2981 1230 3042 i
1251 2981 1343 3062 grint
1363 2997 1430 3040 vax·
1526 2990 1528 2993 ·

97 3344 208 3490 923.
718 3341 869 3452 1286
917 3343 966 3451 a.
1020 3383 1086 3452 12
1135 3342 1250 3452 oe.
1474 3328 1482 3486 ζ
1703 3261 1884 3462 nawa·

159 3567 292 3652 llonuug
314 3569 445 3634 Mecum
466 3567 506 3631 lta
526 3559 709 3630 vidimatiou
729 3565 791 3630 oola
813 3564 998 3630 belrtllelse
1018 3568 1059 3654 pa
1080 3566 1122 3630 Κ.
1144 3567 1252 3630 Krurs
1269 3565 1442 3651 gdlcsbrel‘
1455 3564 1505 3630 till
1526 3563 1630 3668 wlny'
1645 3561 1772 3637 kloster.

700 3719 705 3728 '
1051 3705 1053 3710 ’
1536 3712 1746 3785 hanno

179 3826 459 3942 monus-del
479 3851 615 3962 gracia
642 3877 871 3934 sweuorum
899 3852 1199 3964 gothorumque
1227 3881 1322 3950 rex,
1350 3851 1552 3935 Omusnus
1579 3867 1797 3960 presentes·
1814 3851 1881 3944 lit·
2021 3832 2025 3841 ⁵

91 3982 180 4050 teras
207 3967 456 4076 inspecturis
482 3963 653 4048 salutem
681 3965 729 4048 in
754 3961 940 4061 domino,
969 3965 1129 4064 Tenore
1157 3965 1405 4072 presentium
1427 3981 1569 4060 notum
1598 3961 1767 4058 facimus
1795 3965 1881 4058 Nos

91 4081 325 4190 perspexisse
351 4083 393 4164 tr
421 4077 562 4186 legisse
586 4075 787 4184 magnifici
810 4078 1003 4185 principis
1018 4074 1173 4161 domini
1192 4075 1572 4186 Kauutiquoudam
1586 4075 1693 4183 regis
1720 4101 1907 4164 screno--

90 4219 179 4290 run,
208 4193 387 4289 litteras,
428 4187 563 4296 sigillo
590 4215 685 4286 suo,
713 4187 916 4296 &sigillo
958 4188 1200 4270 venerabilis
1241 4190 1378 4297 patris¹
1405 4188 1560 4271 domiui
1587 4187 1695 4297 petri
1724 4187 1880 4271 archie-

88 4305 226 4413 pisoopi
256 4301 516 4412 wpsulensis,
544 4299 758 4408 sigillatae,
786 4327 958 4410 quarum
987 4315 1106 4383 tenor
1133 4299 1401 4394 eratiuhuno
1429 4299 1688 4399 monumen
1714 4301 1879 4404 nomine
1967 4357 1973 4366 s

88 4419 147 4500 &o
174 4418 226 4502 Se
241 4414 508 4526 fhrugderide
535 4413 617 4499 Nm
635 4414 721 4498 113.
751 4411 836 4500 Nos
863 4414 1008 4523 igitur,
1037 4412 1225 4520 Magum,
1253 4427 1496 4503 memoratus
1525 4439 1599 4498 rer
1624 4437 1899 4508 suenorum„

87 4529 389 4637 suprascriptam
433 4525 699 4616 donacionem
726 4523 983 4609 :ratificamus
1024 4540 1148 4634 atque
1176 4524 1226 4609 ad
1261 4524 1546 4620 ratificaoionis
1586 4525 1879 4621 testimonium,

88 4643 251 4744 presenti
280 4641 434 4748 scripto
463 4636 638 4748 sigillum
668 4655 850 4726 nostrum
878 4635 1037 4746 apponi·
1062 4635 1249 4734 lacinus,
1277 4635 1329 4720 ad
1356 4633 1608 4730 euideneiam
1635 4635 1883 4747 pleniorem,-

87 4749 240 4851 Datum,
272 4753 406 4844 Dawe
433 4777 541 4838 enno
579 4747 738 4856 donini
778 4746 1136 4848 M'CC⁰‚LXXX'.
1171 4747 1316 4847 Sexto,
1357 4764 1513 4859 quarto.
1549 4740 1671 4850 ldua'
1698 4764 1794 4846 octo
1823 4749 1891 4851 ris,

87 4863 191 4946 luno
217 4865 344 4973 regni
367 4862 496 4952 nostri
524 4859 778 4946 duodecimo.
1799 4869 1807 4879 ’

402 5093 413 5112 u,
508 5025 513 5034 '
587 4945 1352 5120 1.,ldllstlfllffi⁸llfflei⁸f⁸lssl¹li¹Vidhllld‘lff¹

1838 2627 2003 2724 ts·-
