4317 5975
982 303 1053 419 ὲ-
1164 354 1244 439 ess
1342 358 1412 419 ·-:-

298 528 483 743 4337.
826 675 833 693 .
934 584 1092 691 1301.
1136 512 1200 691 ns
1235 587 1305 692 26
1353 551 1501 691 sess.
1656 548 1660 557 ’
1777 550 2046 701 ‘stonmn
2094 536 2098 547 ’

385 786 493 874 Punic
513 800 718 871 Fmirrossors
737 805 773 866 al
790 804 917 887 Rumby
938 804 1088 869 salubres
1106 807 1145 891 pd
1166 807 1187 869 8
1208 808 1372 889 lirtuglend
1394 806 1460 889 jord
1484 808 1493 867 i
1516 804 1709 887 llemmerby
1729 806 1737 867 i
1759 803 1866 871 Erebo
1884 810 1992 889 oeten,
2007 816 2049 879 'till

437 894 483 956 δεῖ
505 892 596 953 Clare
619 890 733 951 kloster
755 891 764 950 i
785 888 982 951 Stoclrholm.
1873 940 1878 947 .

537 974 542 982 '
654 1002 658 1012 ι
1819 970 1849 1025 E.
1866 972 1904 1043 73:
1919 972 1954 1025 50.

417 1108 624 1189 Universis
655 1124 868 1216 praesentes
883 1105 1020 1186 literas
1042 1108 1304 1215 inspecturis,
1320 1110 1541 1189 Pnrntrrus
1555 1106 1890 1204 Frnwmnnzstm,
1909 1104 1952 1186 de
1966 1108 2054 1189 Run-

305 1222 383 1327 by,
411 1220 578 1301 salutem
609 1221 651 1299 in
680 1220 855 1299 Domino
884 1219 1177 1325 sempiternam.
1209 1220 1359 1299 Notum
1389 1246 1472 1297 esse
1502 1220 1624 1326 cupio
1653 1214 1853 1297 modernis
1882 1222 2009 1327 pariter
2030 1241 2055 1303 et

294 1332 475 1427 ‘latusim
501 1330 612 1439 quod
640 1347 735 1410 octo
764 1329 914 1409 solidos
943 1345 1059 1409 terrae
1089 1332 1131 1409 in
1160 1330 1253 1409 villa
1285 1358 1375 1438 quae
1413 1348 1581 1409 vocatur
1606 1329 1811 1435 Hamarby
1840 1331 1880 1407 in
1909 1334 2055 1437 parochia

57 1511 62 1529 .
164 1524 172 1533 ,
305 1444 396 1525 Eho
426 1439 560 1540 lraered
588 1472 678 1522 cum
710 1440 898 1548 omnibns
925 1442 1149 1521 attinentiis
1178 1435 1373 1519 sine'ulln
1404 1441 1641 1547 exceptione
1678 1441 1969 1549 prolegittimo
1994 1470 2056 1547 pre·

212 1618 215 1630 ‚
305 1558 369 1637 cio
399 1552 563 1635 vendidi
591 1555 835 1635 lllonasterio
863 1580 1047 1632 sororum
1076 1568 1225 1631 sanotae
1254 1551 1382 1630 Clerae
1425 1553 1466 1629 in
1510 1550 1719 1630 Stokholm
1750 1570 1942 1659 perpetuo
1966 1556 2058 1660 possi·

57 1683 64 1696 '
184 1673 188 1677 ’
306 1665 474 1749 dendos.
504 1667 552 1742 ln
583 1665 699 1772 cujus
727 1665 786 1743 rei
815 1661 1079 1759 euidentiam,
1109 1663 1284 1770 sigillum
1318 1690 1448 1743 meum
1481 1662 1743 1769 praesentibus
1780 1680 1839 1742 est
1867 1690 2058 1771 appensum.

173 1860 180 1875 ,
306 1781 454 1859 Datum
486 1774 696 1856 Stolsholm
726 1779 859 1854 ltnno.
889 1776 1051 1854 Domini
1080 1774 1291 1854 tt⁰.Ccc⁰.
1323 1774 1454 1881 primo
1478 1775 1686 1876 Dor-ninicn
1723 1773 1898 1855 secunda
1924 1777 1960 1853 in
1981 1770 2060 1877 Qna·

306 1879 540 1996 dragesima.

639 1994 843 2081 ‘Teclmiogen
865 1993 902 2055 el
918 1991 1147 2077 sigillet'v'tsar,
1175 2003 1218 2053 att
1241 1990 1294 2055 det
1317 1996 1396 2053 verit
1418 1993 1463 2055 till
1486 1991 1603 2055 lm'llten
1626 1992 1766 2055 slndadt.

65 2413 69 2423 ,
176 2346 182 2362 ’
314 2311 486 2419 1338.
578 2300 583 2308 ’
868 2417 871 2423 ,
949 2248 1481 2464 1'301d.1April.

391 2532 477 2594 Cret.
497 2530 650 2592 Drossons
674 2531 938 2591 testamentorisle
970 2532 1139 2611 nnordning
1162 2552 1212 2592 om
1235 2531 1278 2591 sin
1301 2530 1556 2615 qvar·l‹’rtenslep‚
1589 2530 1648 2593 och
1670 2531 1834 2594 derilrlend
1865 2532 1948 2593 elren
1968 2551 2063 2591 onen-

333 2665 339 2689 ,
443 2612 634 2691 venduingen
656 2613 692 2671 ol
709 2614 747 2671 de
769 2634 878 2693 genom
902 2615 1078 2694 l'o'rsltljning
1100 2616 1135 2674 nl
1153 2612 1212 2673 den
1235 2615 1280 2673 till
1304 2616 1532 2680 Dom-Prosten
1551 2615 1703 2675 Wimund
1726 2617 1735 2674 i
1757 2615 1929 2697 Linldping
1949 2622 2063 2698 pontsette

263 2704 265 2710 '
368 2718 372 2730 ·
425 2694 559 2774 ¹glrden
586 2698 750 2775 Westerby
772 2695 912 2757 erhdllne
934 2698 1120 2777 pruningar,
1144 2698 1188 2757 till
1213 2696 1316 2759 skulds
1334 2699 1491 2777 betnlning
1515 2718 1553 2757 m.
1576 2718 1633 2775 m.‚
1656 2707 1736 2758 saort
1755 2700 1802 2759 till
1817 2708 1937 2765 ,m‘e'ssor
1957 2697 1997 2757 fo'r
2013 2696 2065 2756 hem

389 2824 392 2829 .
438 2779 494 2861 sjtll
516 2777 575 2838 och
599 2780 646 2839 till
669 2774 784 2859 rerljns
805 2779 854 2840 tor
875 2780 1008 2859 Jungtru
1031 2783 1131 2841 Marte
1153 2780 1253 2841 beltte
1275 2782 1283 2840 i
1306 2782 1495 2864 Linlt‘ipiogs
1517 2777 1710 2863 Domlyrle.

1781 2892 1812 2953 B.
1831 2896 1855 2949 ³:
1876 2862 1930 2951 rit
1946 2913 1968 2950 v.

284 3045 313 3072 ·’
418 3030 470 3106 Jn
499 3029 661 3108 nomine
690 3029 846 3136 dominj
875 3059 991 3111 amen
1022 3036 1142 3110 Anno
1171 3029 1326 3138 dominj
1356 3031 1579 3114 lll⁰CCC⁰l⁰
1614 3029 1815 3112 dominica
1845 3025 2064 3141 quasimodo

267 3167 273 3177 ·
309 3140 437 3246 genitj
468 3141 554 3246 Ego
585 3140 785 3219 ltmoms
815 3165 975 3222 DnGson
1006 3159 1286 3222 testamentum
1303 3155 1435 3222 meum
1463 3141 1597 3222 condo
1626 3145 1666 3222 in
1697 3143 1809 3222 hunc
1832 3141 1984 3222 modum
2009 3141 2064 3248 prl-

309 3279 375 3328 mo
406 3251 494 3355 lego
524 3251 689 3329 ecclesie
719 3250 941 3358 lincopensi
972 3282 1090 3361 equm
1123 3281 1254 3332 meum
1285 3253 1454 3333 rubeum
1485 3255 1526 3333 in
1557 3281 1636 3362 qua
1666 3255 1762 3333 milri
1792 3253 1897 3361 eligo
1925 3253 2066 3362 sepultu-

309 3389 393 3439 ram
425 3359 578 3439 Deinde
609 3358 952 3468 predinnfmenm
984 3365 1022 3441 in
1056 3363 1260 3470 westerby
1304 3363 1490 3444 videlicet
1534 3362 1744 3444 dimidium
1773 3367 2013 3446 octonarium
2034 3356 2065 3438 ad

310 3469 607 3550 ordinacionem
638 3469 798 3551 discreti
830 3472 908 3579 virj
936 3474 1092 3581 dominj
1121 3476 1200 3555 .W.
1236 3477 1432 3582 prepositi
1461 3477 1724 3582 Lineopensis
1760 3477 1857 3556 volo
1886 3473 1997 3556 vendi
2021 3469 2067 3550 tali

310 3581 567 3677 condicione,
595 3578 707 3691 quod
736 3580 840 3662 idem
870 3585 1057 3664 dominus
1089 3587 1155 3666 W.
1185 3588 1413 3694 prepositus
1456 3587 1525 3694 cuj
1568 3585 1672 3666 idem
1720 3586 1904 3698 predium
1945 3579 2067 3696 prol'l
2113 3655 2114 3686 ἶ

309 3696 452 3772 marcis
481 3694 779 3800 inpignerotnm
812 3712 890 3789 est,
923 3697 1053 3800 primo
1083 3689 1235 3775 easdem
1265 3724 1334 3775 sex
1366 3725 1517 3778 marcas
1548 3699 1727 3808 recipiat,
1759 3717 1899 3808 postea
1928 3699 1974 3779 de
1998 3694 2068 3775 filin-
2113 3709 2114 3736 ³

308 3803 386 3883 bus
416 3806 512 3882 meis¹
540 3805 583 3882 in
612 3803 881 3909 faeringaedom
911 3807 948 3884 X
979 3835 1130 3887 marcas
1159 3804 1208 3884 de
1237 3811 1408 3916 pecunie
1454 3807 1591 3889 eadem
1642 3808 1860 3890 Residuum
1905 3837 1993 3892 vero
2017 3831 2069 3913 pro

272 3983 276 4004 ,
310 3918 440 3994 anima
471 3943 557 3993 mea
587 3915 629 3993 in
658 3917 783 3993 missis
813 3916 1014 4023 psalteriis
1044 3935 1084 3995 et
1113 3919 1256 4026 vigiliis
1286 3919 1447 4027 erogarj
1465 3921 1556 4000 volo
1582 3939 1726 4027 prout,
1756 3922 1899 4001 melius
1914 3917 2068 4028 expedire

177 4098 181 4105 .
309 4025 523 4121 videbitur,
553 4027 762 4134 preposito
792 4045 1013 4108 memorato
1041 4031 1145 4108 ltem
1176 4032 1269 4108 volo
1298 4029 1409 4138 quod
1426 4031 1527 4111 idem
1547 4031 1735 4112 dominus
1764 4035 1846 4114 .W.
1877 4029 2069 4142 prepositus
2113 4101 2114 4104 ,

306 4137 496 4244 recipiat,
525 4137 583 4216 VI
612 4165 703 4216 oras
731 4132 986 4219 denariorum
1017 4137 1066 4220 de.
1101 4139 1276 4247 johanne
1305 4143 1482 4249 lngason
1512 4140 1562 4222 de
1592 4143 1734 4253 predio
1763 4143 2070 4252 supradictorum
2113 4201 2114 4228 ᾗ

307 4248 456 4360 quibus
484 4248 573 4342 fiat,
600 4276 701 4345 vnus
731 4275 868 4326 cereus
897 4248 948 4329 ad
979 4279 1127 4330 nouam
1158 4254 1385 4360 ymaginem
1423 4251 1542 4333 beate
1571 4257 1737 4364 virginis
1767 4257 1808 4334 in
1839 4256 1993 4336 ecclesia
2018 4251 2069 4328 lin·
2113 4283 2114 4334 t

308 4360 472 4466 copensi
502 4360 604 4437 ltem
635 4357 799 4438 confero
829 4356 994 4439 domino
1024 4363 1106 4443 .W.
1138 4366 1344 4471 preposito
1388 4384 1627 4446 armaturam
1672 4393 1798 4446 meam
1843 4395 1932 4447 cum
1968 4381 2070 4442 torace
2113 4395 2114 4460 3

309 4471 428 4579 platee
457 4489 497 4549 et
526 4470 708 4551 laedaener
736 4471 840 4548 Jtem
872 4470 1036 4551 domino
1066 4475 1272 4581 lngimnro
1301 4477 1341 4554 in
1375 4473 1705 4582 llyaetelstadhnm
1727 4477 1863 4558 sellam
1887 4471 2069 4556 meanrlre·
2113 4495 2114 4576 p

308 4611 403 4660 num
439 4596 479 4658 et
508 4580 676 4660 calcaria
706 4580 860 4660 Horum
890 4583 1019 4691 igitur
1047 4599 1169 4664 testes
1197 4593 1305 4683 sunt,
1337 4585 1524 4666 dominus
1552 4589 1739 4669 Marchus
1776 4590 1936 4669 sacrista
1964 4579 2070 4665 Doni·
2113 4603 2114 4686 l

308 4719 385 4770 nns
414 4688 620 4781 rodbernus
649 4709 689 4770 et
719 4691 980 4801 Hemmingns
994 4722 1185 4793 susanne,
1215 4695 1266 4775 ad
1294 4697 1439 4776 horum
1461 4699 1848 4781 eciamenidenciam
1881 4699 2068 4809 pleniorem

308 4803 639 4994 sigillndeiuitatis
670 4805 910 4911 lincopensis
939 4823 979 4886 et
1008 4806 1162 4918 dominj
1193 4810 1315 4890 merci
1343 4825 1436 4888 sunt
1465 4839 1641 4919 appensa
1672 4810 1809 4895 datum
1832 4839 1939 4894 arrno
1964 4825 1997 4888 et
2021 4801 2067 4882 die

279 4943 431 5023 'supra
464 4933 554 4993 tcto.
2113 4937 2114 4940 ’
