<?xml version="1.0" encoding="UTF-8"?>
<!DOCTYPE html PUBLIC "-//W3C//DTD XHTML 1.0 Transitional//EN"
    "http://www.w3.org/TR/xhtml1/DTD/xhtml1-transitional.dtd">
<html xmlns="http://www.w3.org/1999/xhtml" xml:lang="en" lang="en">
 <head>
  <title>
</title>
<meta http-equiv="Content-Type" content="text/html;charset=utf-8" />
  <meta name='ocr-system' content='tesseract 3.04.00' />
  <meta name='ocr-capabilities' content='ocr_page ocr_carea ocr_par ocr_line ocrx_word'/>
</head>
<body>
  <div class='ocr_page' id='page_1' title='image "./svensktdiplomat01swegoog/svensktdiplomat01swegoog_0463.png"; bbox 0 0 4317 5975; ppageno 0'>
   <div class='ocr_carea' id='block_1_1' title="bbox 114 390 374 457">
    <p class='ocr_par' dir='ltr' id='par_1_1' title="bbox 114 390 374 457">
     <span class='ocr_line' id='line_1_1' title="bbox 114 390 374 457; baseline -0.004 -6"><span class='ocrx_word' id='word_1_1' title='bbox 114 390 374 457; x_wconf 62' lang='lat'>.&#39;11&#39;</span> 
     </span>
    </p>
   </div>
   <div class='ocr_carea' id='block_1_2' title="bbox 678 548 1664 696">
    <p class='ocr_par' dir='ltr' id='par_1_2' title="bbox 595 548 1664 696">
     <span class='ocr_line' id='line_1_2' title="bbox 678 548 1664 696; baseline -0.004 -27.311"><span class='ocrx_word' id='word_1_2' title='bbox 678 548 836 671; x_wconf 74' lang='lat' dir='ltr'><strong>Modus</strong></span> <span class='ocrx_word' id='word_1_3' title='bbox 871 554 1119 669; x_wconf 90' lang='lat' dir='ltr'><strong>ordinandi</strong></span> <span class='ocrx_word' id='word_1_4' title='bbox 1158 552 1358 669; x_wconf 84' lang='lat' dir='ltr'><strong>tabulam</strong></span> <span class='ocrx_word' id='word_1_5' title='bbox 1396 552 1664 696; x_wconf 88' lang='lat' dir='ltr'><strong>paschalem.</strong></span> 
     </span>
    </p>
   </div>
   <div class='ocr_carea' id='block_1_3' title="bbox 161 718 2042 936">
    <p class='ocr_par' dir='ltr' id='par_1_3' title="bbox 161 718 2042 936">
     <span class='ocr_line' id='line_1_3' title="bbox 161 718 2042 832; baseline -0.005 -19"><span class='ocrx_word' id='word_1_6' title='bbox 161 718 166 727; x_wconf 33' lang='lat'>⁸</span> <span class='ocrx_word' id='word_1_7' title='bbox 266 738 319 814; x_wconf 85' lang='lat' dir='ltr'><strong>Vt</strong></span> <span class='ocrx_word' id='word_1_8' title='bbox 358 731 478 809; x_wconf 88' lang='lat' dir='ltr'><strong>tabula</strong></span> <span class='ocrx_word' id='word_1_9' title='bbox 512 730 616 805; x_wconf 91' lang='lat' dir='ltr'><strong>Cerei</strong></span> <span class='ocrx_word' id='word_1_10' title='bbox 649 718 827 832; x_wconf 78' lang='lat' dir='ltr'><strong>paschalis</strong></span> <span class='ocrx_word' id='word_1_11' title='bbox 856 733 933 805; x_wconf 87' lang='lat' dir='ltr'><strong>sine</strong></span> <span class='ocrx_word' id='word_1_12' title='bbox 960 730 1077 829; x_wconf 82' lang='lat' dir='ltr'><strong>longa.</strong></span> <span class='ocrx_word' id='word_1_13' title='bbox 1094 730 1335 806; x_wconf 89' lang='lat' dir='ltr'><strong>calculacione</strong></span> <span class='ocrx_word' id='word_1_14' title='bbox 1361 746 1398 805; x_wconf 92' lang='lat' dir='ltr'><strong>et</strong></span> <span class='ocrx_word' id='word_1_15' title='bbox 1422 728 1552 805; x_wconf 86' lang='lat' dir='ltr'><strong>diffusa</strong></span> <span class='ocrx_word' id='word_1_16' title='bbox 1578 728 1799 831; x_wconf 85' lang='lat' dir='ltr'>inspectione</span> <span class='ocrx_word' id='word_1_17' title='bbox 1825 732 1972 831; x_wconf 87' lang='lat' dir='ltr'><strong>computi</strong></span> <span class='ocrx_word' id='word_1_18' title='bbox 1996 760 2042 809; x_wconf 78' lang='lat' dir='ltr'><strong>ra-</strong></span> 
     </span>
     <span class='ocr_line' id='line_1_4' title="bbox 266 832 1282 936; baseline -0.004 -23"><span class='ocrx_word' id='word_1_19' title='bbox 266 839 339 913; x_wconf 84' lang='lat' dir='ltr'><strong>leat</strong></span> <span class='ocrx_word' id='word_1_20' title='bbox 364 836 519 911; x_wconf 74' lang='lat' dir='ltr'><strong>faciliter</strong></span> <span class='ocrx_word' id='word_1_21' title='bbox 542 834 704 909; x_wconf 87' lang='lat' dir='ltr'><strong>ordinari</strong></span> <span class='ocrx_word' id='word_1_22' title='bbox 729 834 968 909; x_wconf 77' lang='lat' dir='ltr'><strong>consulantur</strong></span> <span class='ocrx_word' id='word_1_23' title='bbox 992 832 1241 936; x_wconf 80' lang='lat' dir='ltr'><strong>infrascripta</strong></span> <span class='ocrx_word' id='word_1_24' title='bbox 1280 874 1282 881; x_wconf 87' lang='lat'><em>·</em></span> 
     </span>
    </p>
   </div>
   <div class='ocr_carea' id='block_1_4' title="bbox 179 994 2051 1613">
    <p class='ocr_par' dir='ltr' id='par_1_4' title="bbox 179 994 2051 1613">
     <span class='ocr_line' id='line_1_5' title="bbox 271 994 2047 1103; baseline -0.002 -24"><span class='ocrx_word' id='word_1_25' title='bbox 271 1016 280 1031; x_wconf 86' lang='lat'><strong><em>‘</em></strong></span> <span class='ocrx_word' id='word_1_26' title='bbox 368 1006 523 1079; x_wconf 81' lang='lat' dir='ltr'><strong>Arrnus</strong></span> <span class='ocrx_word' id='word_1_27' title='bbox 560 1000 614 1076; x_wconf 89' lang='lat' dir='ltr'><strong>ab</strong></span> <span class='ocrx_word' id='word_1_28' title='bbox 651 1004 831 1103; x_wconf 85' lang='lat' dir='ltr'><strong>origiue</strong></span> <span class='ocrx_word' id='word_1_29' title='bbox 870 1001 1029 1078; x_wconf 86' lang='lat' dir='ltr'><strong>mundi</strong></span> <span class='ocrx_word' id='word_1_30' title='bbox 1068 1002 1121 1076; x_wconf 85' lang='lat' dir='ltr'><strong>sio</strong></span> <span class='ocrx_word' id='word_1_31' title='bbox 1147 1002 1273 1077; x_wconf 75' lang='lat' dir='ltr'><strong>scitur</strong></span> <span class='ocrx_word' id='word_1_32' title='bbox 1299 1000 1659 1077; x_wconf 78' lang='lat' dir='ltr'><strong>Anniacreacione</strong></span> <span class='ocrx_word' id='word_1_33' title='bbox 1687 994 1815 1073; x_wconf 91' lang='lat' dir='ltr'><strong>mundi</strong></span> <span class='ocrx_word' id='word_1_34' title='bbox 1841 999 2047 1103; x_wconf 85' lang='lat' dir='ltr'><strong>sunt.5199.</strong></span> 
     </span>
     <span class='ocr_line' id='line_1_6' title="bbox 265 1106 2012 1183; baseline -0.009 0"><span class='ocrx_word' id='word_1_35' title='bbox 265 1108 366 1183; x_wconf 76' lang='lat' dir='ltr'><strong>iuxt&#39;a</strong></span> <span class='ocrx_word' id='word_1_36' title='bbox 392 1106 477 1180; x_wconf 88' lang='lat' dir='ltr'><strong>illos</strong></span> <span class='ocrx_word' id='word_1_37' title='bbox 502 1128 637 1182; x_wconf 82' lang='lat' dir='ltr'><strong>versus.</strong></span> <span class='ocrx_word' id='word_1_38' title='bbox 2011 1146 2012 1154; x_wconf 41' lang='lat'>1</span> 
     </span>
     <span class='ocr_line' id='line_1_7' title="bbox 401 1202 1624 1303; baseline -0.007 -20"><span class='ocrx_word' id='word_1_39' title='bbox 401 1216 404 1221; x_wconf 79' lang='grc'><strong>’</strong></span> <span class='ocrx_word' id='word_1_40' title='bbox 467 1208 476 1223; x_wconf 86' lang='grc'><strong>’</strong></span> <span class='ocrx_word' id='word_1_41' title='bbox 559 1263 562 1269; x_wconf 59' lang='grc'><em>»</em></span> <span class='ocrx_word' id='word_1_42' title='bbox 670 1206 770 1281; x_wconf 82' lang='lat' dir='ltr'><strong>Anni</strong></span> <span class='ocrx_word' id='word_1_43' title='bbox 794 1204 853 1280; x_wconf 88' lang='lat' dir='ltr'><strong>bis</strong></span> <span class='ocrx_word' id='word_1_44' title='bbox 877 1206 1038 1281; x_wconf 78' lang='lat' dir='ltr'><strong>Centum</strong></span> <span class='ocrx_word' id='word_1_45' title='bbox 1065 1206 1186 1280; x_wconf 88' lang='lat' dir='ltr'><strong>minus</strong></span> <span class='ocrx_word' id='word_1_46' title='bbox 1211 1230 1282 1281; x_wconf 85' lang='lat' dir='ltr'><strong>ruo</strong></span> <span class='ocrx_word' id='word_1_47' title='bbox 1309 1202 1425 1277; x_wconf 85' lang='lat' dir='ltr'><strong>millia</strong></span> <span class='ocrx_word' id='word_1_48' title='bbox 1451 1203 1624 1303; x_wconf 75' lang='lat' dir='ltr'><strong>quinque</strong></span> 
     </span>
     <span class='ocr_line' id='line_1_8' title="bbox 670 1304 1568 1407; baseline -0.007 -24"><span class='ocrx_word' id='word_1_49' title='bbox 670 1308 879 1383; x_wconf 85' lang='lat' dir='ltr'><strong>Precessere</strong></span> <span class='ocrx_word' id='word_1_50' title='bbox 906 1322 968 1382; x_wconf 88' lang='lat' dir='ltr'><strong>tue</strong></span> <span class='ocrx_word' id='word_1_51' title='bbox 993 1332 1090 1382; x_wconf 79' lang='lat' dir='ltr'><strong>noua</strong></span> <span class='ocrx_word' id='word_1_52' title='bbox 1116 1305 1206 1407; x_wconf 86' lang='lat' dir='ltr'><strong>legis</strong></span> <span class='ocrx_word' id='word_1_53' title='bbox 1232 1320 1395 1407; x_wconf 78' lang='lat' dir='ltr'><strong>tempora</strong></span> <span class='ocrx_word' id='word_1_54' title='bbox 1423 1304 1568 1377; x_wconf 78' lang='lat' dir='ltr'><strong>christe.</strong></span> 
     </span>
     <span class='ocr_line' id='line_1_9' title="bbox 268 1403 2051 1513; baseline -0.003 -26"><span class='ocrx_word' id='word_1_55' title='bbox 268 1412 348 1487; x_wconf 90' lang='lat' dir='ltr'><strong>Hiis</strong></span> <span class='ocrx_word' id='word_1_56' title='bbox 381 1412 492 1511; x_wconf 83' lang='lat' dir='ltr'><strong>igitur</strong></span> <span class='ocrx_word' id='word_1_57' title='bbox 524 1410 628 1483; x_wconf 86' lang='lat' dir='ltr'><strong>annis</strong></span> <span class='ocrx_word' id='word_1_58' title='bbox 660 1406 773 1513; x_wconf 82' lang='lat'><strong>5199.</strong></span> <span class='ocrx_word' id='word_1_59' title='bbox 805 1411 901 1485; x_wconf 83' lang='lat' dir='ltr'><strong>adde</strong></span> <span class='ocrx_word' id='word_1_60' title='bbox 933 1436 1129 1488; x_wconf 88' lang='lat' dir='ltr'><strong>numerum</strong></span> <span class='ocrx_word' id='word_1_61' title='bbox 1160 1434 1338 1485; x_wconf 89' lang='lat' dir='ltr'><strong>annorum</strong></span> <span class='ocrx_word' id='word_1_62' title='bbox 1364 1405 1410 1481; x_wconf 86' lang='lat' dir='ltr'><strong>ab</strong></span> <span class='ocrx_word' id='word_1_63' title='bbox 1435 1406 1686 1481; x_wconf 81' lang='lat' dir='ltr'><strong>incarnacione</strong></span> <span class='ocrx_word' id='word_1_64' title='bbox 1713 1403 1855 1479; x_wconf 91' lang='lat' dir='ltr'><strong>domini</strong></span> <span class='ocrx_word' id='word_1_65' title='bbox 1880 1418 1916 1481; x_wconf 90' lang='lat' dir='ltr'><strong>et</strong></span> <span class='ocrx_word' id='word_1_66' title='bbox 1938 1404 2051 1506; x_wconf 80' lang='lat' dir='ltr'><strong>patebit</strong></span> 
     </span>
     <span class='ocr_line' id='line_1_10' title="bbox 179 1513 1955 1613; baseline -0.001 -28"><span class='ocrx_word' id='word_1_67' title='bbox 179 1548 182 1553; x_wconf 96' lang='lat'>·</span> <span class='ocrx_word' id='word_1_68' title='bbox 269 1538 386 1587; x_wconf 87' lang='lat' dir='ltr'><strong>annus</strong></span> <span class='ocrx_word' id='word_1_69' title='bbox 411 1537 561 1613; x_wconf 84' lang='lat' dir='ltr'><strong>presens</strong></span> <span class='ocrx_word' id='word_1_70' title='bbox 587 1537 607 1583; x_wconf 91' lang='lat' dir='ltr'><strong>a</strong></span> <span class='ocrx_word' id='word_1_71' title='bbox 633 1516 818 1587; x_wconf 87' lang='lat' dir='ltr'><strong>creaeione</strong></span> <span class='ocrx_word' id='word_1_72' title='bbox 844 1513 984 1589; x_wconf 87' lang='lat' dir='ltr'><strong>mundi.</strong></span> <span class='ocrx_word' id='word_1_73' title='bbox 1449 1542 1452 1549; x_wconf 95' lang='lat'>·</span> <span class='ocrx_word' id='word_1_74' title='bbox 1950 1534 1955 1541; x_wconf 89' lang='lat'>·</span> 
     </span>
    </p>
   </div>
   <div class='ocr_carea' id='block_1_5' title="bbox 147 1686 2059 1901">
    <p class='ocr_par' dir='ltr' id='par_1_5' title="bbox 147 1686 2059 1901">
     <span class='ocr_line' id='line_1_11' title="bbox 147 1686 2059 1798; baseline -0.005 -24"><span class='ocrx_word' id='word_1_75' title='bbox 147 1783 154 1792; x_wconf 53' lang='grc'><strong><em>,</em></strong></span> <span class='ocrx_word' id='word_1_76' title='bbox 353 1698 525 1793; x_wconf 23' lang='lat' dir='ltr'><strong>‘Annus</strong></span> <span class='ocrx_word' id='word_1_77' title='bbox 563 1694 615 1768; x_wconf 89' lang='lat' dir='ltr'><strong>ah</strong></span> <span class='ocrx_word' id='word_1_78' title='bbox 654 1698 978 1771; x_wconf 81' lang='lat' dir='ltr'><strong>incarnacione</strong></span> <span class='ocrx_word' id='word_1_79' title='bbox 1014 1686 1192 1771; x_wconf 80' lang='lat' dir='ltr'><strong>d‘omini</strong></span> <span class='ocrx_word' id='word_1_80' title='bbox 1231 1709 1360 1798; x_wconf 90' lang='lat' dir='ltr'><strong>patet</strong></span> <span class='ocrx_word' id='word_1_81' title='bbox 1395 1719 1461 1797; x_wconf 87' lang='lat' dir='ltr'><strong>per</strong></span> <span class='ocrx_word' id='word_1_82' title='bbox 1486 1706 1670 1768; x_wconf 84' lang='lat' dir='ltr'><strong>recentem</strong></span> <span class='ocrx_word' id='word_1_83' title='bbox 1698 1717 1805 1771; x_wconf 85' lang='lat' dir='ltr'><strong>rsum</strong></span> <span class='ocrx_word' id='word_1_84' title='bbox 1831 1692 1908 1765; x_wconf 87' lang='lat' dir='ltr'><strong>eius</strong></span> <span class='ocrx_word' id='word_1_85' title='bbox 1942 1692 1977 1764; x_wconf 93' lang='lat' dir='ltr'><strong>in</strong></span> <span class='ocrx_word' id='word_1_86' title='bbox 2007 1688 2059 1765; x_wconf 51' lang='lat' dir='ltr'><strong>lit-1</strong></span> 
     </span>
     <span class='ocr_line' id='line_1_12' title="bbox 151 1795 1060 1901; baseline 0.008 -36"><span class='ocrx_word' id='word_1_87' title='bbox 151 1858 155 1865; x_wconf 90' lang='lat'>.</span> <span class='ocrx_word' id='word_1_88' title='bbox 269 1800 450 1901; x_wconf 86' lang='lat' dir='ltr'><strong>terisque</strong></span> <span class='ocrx_word' id='word_1_89' title='bbox 476 1797 628 1895; x_wconf 84' lang='lat' dir='ltr'><strong>singulis</strong></span> <span class='ocrx_word' id='word_1_90' title='bbox 653 1795 781 1871; x_wconf 90' lang='lat' dir='ltr'><strong>diebus</strong></span> <span class='ocrx_word' id='word_1_91' title='bbox 807 1800 1060 1873; x_wconf 85' lang='lat' dir='ltr'><strong>coniiciuntur.</strong></span> 
     </span>
    </p>
   </div>
   <div class='ocr_carea' id='block_1_6' title="bbox 159 1944 2052 2287">
    <p class='ocr_par' dir='ltr' id='par_1_6' title="bbox 159 1944 2052 2287">
     <span class='ocr_line' id='line_1_13' title="bbox 175 1944 2052 2084; baseline -0.004 -26"><span class='ocrx_word' id='word_1_92' title='bbox 175 2055 179 2066; x_wconf 80' lang='grc'>,</span> <span class='ocrx_word' id='word_1_93' title='bbox 368 1956 520 2058; x_wconf 67' lang='grc' dir='ltr'>Αἰιιιυε</span> <span class='ocrx_word' id='word_1_94' title='bbox 546 1982 802 2084; x_wconf 63' lang='grc' dir='ltr'><strong>εφαεεὶοῐιε</strong></span> <span class='ocrx_word' id='word_1_95' title='bbox 829 1982 1001 2055; x_wconf 90' lang='lat' dir='ltr'><strong>domini</strong></span> <span class='ocrx_word' id='word_1_96' title='bbox 1026 1994 1151 2083; x_wconf 90' lang='lat' dir='ltr'><strong>patet</strong></span> <span class='ocrx_word' id='word_1_97' title='bbox 1177 1982 1207 2055; x_wconf 86' lang='lat' dir='ltr'><strong>si</strong></span> <span class='ocrx_word' id='word_1_98' title='bbox 1234 1980 1279 2055; x_wconf 89' lang='lat' dir='ltr'><strong>ab</strong></span> <span class='ocrx_word' id='word_1_99' title='bbox 1306 1944 1414 2055; x_wconf 77' lang='lat' dir='ltr'><strong>arinis</strong></span> <span class='ocrx_word' id='word_1_100' title='bbox 1436 1979 1581 2054; x_wconf 91' lang='lat' dir='ltr'><strong>domini</strong></span> <span class='ocrx_word' id='word_1_101' title='bbox 1609 1978 1868 2055; x_wconf 80' lang='lat' dir='ltr'><strong>subtrahantur</strong></span> <span class='ocrx_word' id='word_1_102' title='bbox 1895 1976 1963 2052; x_wconf 70' lang='lat'><strong>33.</strong></span> <span class='ocrx_word' id='word_1_103' title='bbox 1987 1979 2052 2051; x_wconf 89' lang='lat' dir='ltr'><strong>anni</strong></span> 
     </span>
     <span class='ocr_line' id='line_1_14' title="bbox 159 2081 1828 2185; baseline 0 -28"><span class='ocrx_word' id='word_1_104' title='bbox 159 2112 162 2119; x_wconf 94' lang='lat'>·</span> <span class='ocrx_word' id='word_1_105' title='bbox 268 2109 392 2185; x_wconf 89' lang='lat' dir='ltr'><strong>passus</strong></span> <span class='ocrx_word' id='word_1_106' title='bbox 423 2088 598 2158; x_wconf 88' lang='lat' dir='ltr'><strong>nimirum</strong></span> <span class='ocrx_word' id='word_1_107' title='bbox 643 2084 713 2155; x_wconf 87' lang='lat' dir='ltr'><strong>fuit</strong></span> <span class='ocrx_word' id='word_1_108' title='bbox 756 2083 911 2157; x_wconf 89' lang='lat' dir='ltr'><strong>christus</strong></span> <span class='ocrx_word' id='word_1_109' title='bbox 944 2082 1026 2156; x_wconf 85' lang='lat'>33⁰.</span> <span class='ocrx_word' id='word_1_110' title='bbox 1059 2110 1157 2158; x_wconf 90' lang='lat' dir='ltr'><strong>anno</strong></span> <span class='ocrx_word' id='word_1_111' title='bbox 1181 2086 1285 2158; x_wconf 91' lang='lat' dir='ltr'><strong>etatis</strong></span> <span class='ocrx_word' id='word_1_112' title='bbox 1308 2110 1370 2157; x_wconf 89' lang='lat' dir='ltr'><strong>sue</strong></span> <span class='ocrx_word' id='word_1_113' title='bbox 1396 2086 1496 2159; x_wconf 84' lang='lat' dir='ltr'><strong>iuxta</strong></span> <span class='ocrx_word' id='word_1_114' title='bbox 1523 2081 1629 2159; x_wconf 91' lang='lat' dir='ltr'><strong>illurn</strong></span> <span class='ocrx_word' id='word_1_115' title='bbox 1657 2106 1828 2185; x_wconf 82' lang='lat' dir='ltr'><strong>ymnum.</strong></span> 
     </span>
     <span class='ocr_line' id='line_1_15' title="bbox 339 2184 1199 2287; baseline -0.002 -28"><span class='ocrx_word' id='word_1_116' title='bbox 339 2266 342 2272; x_wconf 56' lang='grc'>,</span> <span class='ocrx_word' id='word_1_117' title='bbox 421 2188 550 2260; x_wconf 86' lang='lat' dir='ltr'><strong>Lustra</strong></span> <span class='ocrx_word' id='word_1_118' title='bbox 576 2210 640 2259; x_wconf 82' lang='lat' dir='ltr'><strong>sex</strong></span> <span class='ocrx_word' id='word_1_119' title='bbox 663 2188 726 2287; x_wconf 88' lang='lat' dir='ltr'><strong>qui</strong></span> <span class='ocrx_word' id='word_1_120' title='bbox 752 2186 826 2259; x_wconf 87' lang='lat' dir='ltr'><strong>iam</strong></span> <span class='ocrx_word' id='word_1_121' title='bbox 852 2199 996 2286; x_wconf 86' lang='lat' dir='ltr'><strong>peracta</strong></span> <span class='ocrx_word' id='word_1_122' title='bbox 1023 2184 1199 2259; x_wconf 82' lang='lat' dir='ltr'><strong>&amp;cetera</strong></span> 
     </span>
    </p>
   </div>
   <div class='ocr_carea' id='block_1_7' title="bbox 251 2350 2056 2767">
    <p class='ocr_par' dir='ltr' id='par_1_7' title="bbox 251 2350 2056 2767">
     <span class='ocr_line' id='line_1_16' title="bbox 371 2350 2055 2456; baseline -0.004 -26"><span class='ocrx_word' id='word_1_123' title='bbox 371 2356 531 2430; x_wconf 81' lang='lat' dir='ltr'><strong>Annus</strong></span> <span class='ocrx_word' id='word_1_124' title='bbox 568 2354 679 2428; x_wconf 89' lang='lat' dir='ltr'><strong>cicli</strong></span> <span class='ocrx_word' id='word_1_125' title='bbox 717 2351 881 2426; x_wconf 86' lang='lat' dir='ltr'><strong>solaris</strong></span> <span class='ocrx_word' id='word_1_126' title='bbox 919 2352 1121 2427; x_wconf 89' lang='lat' dir='ltr'><strong>secundum</strong></span> <span class='ocrx_word' id='word_1_127' title='bbox 1158 2350 1366 2452; x_wconf 86' lang='lat' dir='ltr'><strong>dyonisium</strong></span> <span class='ocrx_word' id='word_1_128' title='bbox 1402 2367 1500 2456; x_wconf 88' lang='lat' dir='ltr'><strong>patet</strong></span> <span class='ocrx_word' id='word_1_129' title='bbox 1535 2356 1565 2429; x_wconf 87' lang='lat' dir='ltr'><strong>si</strong></span> <span class='ocrx_word' id='word_1_130' title='bbox 1591 2355 1694 2427; x_wconf 90' lang='lat' dir='ltr'><strong>annis</strong></span> <span class='ocrx_word' id='word_1_131' title='bbox 1719 2351 1863 2428; x_wconf 90' lang='lat' dir='ltr'><strong>domini</strong></span> <span class='ocrx_word' id='word_1_132' title='bbox 1905 2350 2055 2425; x_wconf 87' lang='lat' dir='ltr'><strong>addantur</strong></span> 
     </span>
     <span class='ocr_line' id='line_1_17' title="bbox 274 2452 2055 2556; baseline -0.003 -27"><span class='ocrx_word' id='word_1_133' title='bbox 274 2482 323 2556; x_wconf 84' lang='lat'><strong>.9.</strong></span> <span class='ocrx_word' id='word_1_134' title='bbox 362 2459 447 2556; x_wconf 87' lang='lat' dir='ltr'><strong>quia</strong></span> <span class='ocrx_word' id='word_1_135' title='bbox 473 2456 674 2529; x_wconf 89' lang='lat' dir='ltr'><strong>secuudum</strong></span> <span class='ocrx_word' id='word_1_136' title='bbox 711 2481 795 2527; x_wconf 89' lang='lat' dir='ltr'><strong>eum</strong></span> <span class='ocrx_word' id='word_1_137' title='bbox 834 2455 991 2529; x_wconf 88' lang='lat' dir='ltr'><strong>christus</strong></span> <span class='ocrx_word' id='word_1_138' title='bbox 1025 2455 1095 2528; x_wconf 88' lang='lat' dir='ltr'><strong>suit</strong></span> <span class='ocrx_word' id='word_1_139' title='bbox 1127 2466 1232 2527; x_wconf 88' lang='lat' dir='ltr'><strong>natus</strong></span> <span class='ocrx_word' id='word_1_140' title='bbox 1260 2480 1306 2553; x_wconf 86' lang='lat'><strong>.9.</strong></span> <span class='ocrx_word' id='word_1_141' title='bbox 1334 2480 1429 2527; x_wconf 89' lang='lat' dir='ltr'><strong>anno</strong></span> <span class='ocrx_word' id='word_1_142' title='bbox 1463 2453 1546 2527; x_wconf 90' lang='lat' dir='ltr'><strong>cicli</strong></span> <span class='ocrx_word' id='word_1_143' title='bbox 1573 2454 1709 2528; x_wconf 80' lang='lat' dir='ltr'><strong>solaris.</strong></span> <span class='ocrx_word' id='word_1_144' title='bbox 1735 2470 1772 2529; x_wconf 88' lang='lat' dir='ltr'><strong>et</strong></span> <span class='ocrx_word' id='word_1_145' title='bbox 1799 2452 1918 2529; x_wconf 85' lang='lat' dir='ltr'><strong>totalis</strong></span> <span class='ocrx_word' id='word_1_146' title='bbox 1941 2476 2055 2543; x_wconf 80' lang='lat' dir='ltr'><strong>summa</strong></span> 
     </span>
     <span class='ocr_line' id='line_1_18' title="bbox 271 2552 2056 2659; baseline -0.002 -28"><span class='ocrx_word' id='word_1_147' title='bbox 271 2583 339 2659; x_wconf 87' lang='lat' dir='ltr'><strong>per</strong></span> <span class='ocrx_word' id='word_1_148' title='bbox 364 2559 437 2632; x_wconf 71' lang='lat' dir='ltr'><strong>au.</strong></span> <span class='ocrx_word' id='word_1_149' title='bbox 464 2557 649 2631; x_wconf 88' lang='lat' dir='ltr'><strong>diuidatur</strong></span> <span class='ocrx_word' id='word_1_150' title='bbox 674 2570 711 2630; x_wconf 90' lang='lat' dir='ltr'><strong>et</strong></span> <span class='ocrx_word' id='word_1_151' title='bbox 736 2558 767 2629; x_wconf 91' lang='lat' dir='ltr'><strong>si</strong></span> <span class='ocrx_word' id='word_1_152' title='bbox 789 2556 905 2631; x_wconf 91' lang='lat' dir='ltr'><strong>nichil</strong></span> <span class='ocrx_word' id='word_1_153' title='bbox 931 2570 1094 2631; x_wconf 87' lang='lat' dir='ltr'><strong>remanet</strong></span> <span class='ocrx_word' id='word_1_154' title='bbox 1118 2580 1243 2629; x_wconf 89' lang='lat' dir='ltr'><strong>sumus</strong></span> <span class='ocrx_word' id='word_1_155' title='bbox 1268 2558 1309 2630; x_wconf 92' lang='lat' dir='ltr'><strong>in</strong></span> <span class='ocrx_word' id='word_1_156' title='bbox 1333 2556 1464 2632; x_wconf 88' lang='lat' dir='ltr'><strong>vltimo</strong></span> <span class='ocrx_word' id='word_1_157' title='bbox 1489 2582 1584 2633; x_wconf 90' lang='lat' dir='ltr'><strong>anno</strong></span> <span class='ocrx_word' id='word_1_158' title='bbox 1610 2556 1693 2655; x_wconf 88' lang='lat' dir='ltr'><strong>cicli</strong></span> <span class='ocrx_word' id='word_1_159' title='bbox 1720 2552 2056 2640; x_wconf 69' lang='lat' dir='ltr'><strong>soluriasit&#39;croali·</strong></span> 
     </span>
     <span class='ocr_line' id='line_1_19' title="bbox 251 2657 1480 2767; baseline -0.002 -35"><span class='ocrx_word' id='word_1_160' title='bbox 251 2660 364 2761; x_wconf 75' lang='lat' dir='ltr'><strong>&#39;quid</strong></span> <span class='ocrx_word' id='word_1_161' title='bbox 390 2674 554 2734; x_wconf 87' lang='lat' dir='ltr'><strong>remanet</strong></span> <span class='ocrx_word' id='word_1_162' title='bbox 578 2657 673 2733; x_wconf 92' lang='lat' dir='ltr'><strong>illud</strong></span> <span class='ocrx_word' id='word_1_163' title='bbox 698 2658 865 2733; x_wconf 88' lang='lat' dir='ltr'><strong>ostendet</strong></span> <span class='ocrx_word' id='word_1_164' title='bbox 889 2660 996 2734; x_wconf 91' lang='lat' dir='ltr'><strong>nobis</strong></span> <span class='ocrx_word' id='word_1_165' title='bbox 1022 2661 1060 2733; x_wconf 91' lang='lat' dir='ltr'><strong>in</strong></span> <span class='ocrx_word' id='word_1_166' title='bbox 1086 2672 1198 2767; x_wconf 90' lang='lat' dir='ltr'><strong>quoto</strong></span> <span class='ocrx_word' id='word_1_167' title='bbox 1224 2682 1318 2733; x_wconf 90' lang='lat' dir='ltr'><strong>anno</strong></span> <span class='ocrx_word' id='word_1_168' title='bbox 1344 2682 1480 2732; x_wconf 90' lang='lat' dir='ltr'><strong>sumus.</strong></span> 
     </span>
    </p>
   </div>
   <div class='ocr_carea' id='block_1_8' title="bbox 270 2806 2058 3338">
    <p class='ocr_par' dir='ltr' id='par_1_8' title="bbox 270 2806 2058 3338">
     <span class='ocr_line' id='line_1_20' title="bbox 371 2806 2056 2928; baseline -0.004 -26"><span class='ocrx_word' id='word_1_169' title='bbox 371 2827 532 2903; x_wconf 80' lang='lat' dir='ltr'><strong>Annus‘</strong></span> <span class='ocrx_word' id='word_1_170' title='bbox 570 2827 678 2904; x_wconf 89' lang='lat' dir='ltr'><strong>cicli</strong></span> <span class='ocrx_word' id='word_1_171' title='bbox 703 2826 865 2901; x_wconf 86' lang='lat' dir='ltr'><strong>solaris</strong></span> <span class='ocrx_word' id='word_1_172' title='bbox 886 2806 1103 2901; x_wconf 52' lang='lat' dir='ltr'><strong>xsecundum</strong></span> <span class='ocrx_word' id='word_1_173' title='bbox 1134 2825 1350 2927; x_wconf 85' lang='lat' dir='ltr'><strong>gerlandum</strong></span> <span class='ocrx_word' id='word_1_174' title='bbox 1384 2840 1421 2901; x_wconf 88' lang='lat' dir='ltr'><strong>et</strong></span> <span class='ocrx_word' id='word_1_175' title='bbox 1452 2825 1592 2928; x_wconf 86' lang='lat' dir='ltr'><strong>quoad</strong></span> <span class='ocrx_word' id='word_1_176' title='bbox 1617 2822 1893 2901; x_wconf 83' lang='lat' dir='ltr'><strong>ordinacionem</strong></span> <span class='ocrx_word' id='word_1_177' title='bbox 1918 2826 1988 2899; x_wconf 87' lang='lat' dir='ltr'><strong>eius</strong></span> <span class='ocrx_word' id='word_1_178' title='bbox 2008 2846 2056 2895; x_wconf 79' lang='lat' dir='ltr'><strong>nu·</strong></span> 
     </span>
     <span class='ocr_line' id='line_1_21' title="bbox 270 2926 1909 3032; baseline -0.004 -26"><span class='ocrx_word' id='word_1_179' title='bbox 270 2928 431 3006; x_wconf 91' lang='lat' dir='ltr'><strong>turalem</strong></span> <span class='ocrx_word' id='word_1_180' title='bbox 454 2956 597 3006; x_wconf 82' lang='lat' dir='ltr'><strong>necnon</strong></span> <span class='ocrx_word' id='word_1_181' title='bbox 623 2929 768 3032; x_wconf 89' lang='lat' dir='ltr'><strong>quoad</strong></span> <span class='ocrx_word' id='word_1_182' title='bbox 795 2954 901 3006; x_wconf 86' lang='lat' dir='ltr'><strong>rsum</strong></span> <span class='ocrx_word' id='word_1_183' title='bbox 926 2928 1076 3003; x_wconf 88' lang='lat' dir='ltr'><strong>ecclesie</strong></span> <span class='ocrx_word' id='word_1_184' title='bbox 1103 2930 1155 3003; x_wconf 90' lang='lat' dir='ltr'><strong>sic</strong></span> <span class='ocrx_word' id='word_1_185' title='bbox 1181 2930 1305 3003; x_wconf 86' lang='lat' dir='ltr'><strong>scitur.</strong></span> <span class='ocrx_word' id='word_1_186' title='bbox 1331 2930 1436 3004; x_wconf 90' lang='lat' dir='ltr'><strong>annis</strong></span> <span class='ocrx_word' id='word_1_187' title='bbox 1462 2928 1602 3004; x_wconf 87' lang='lat' dir='ltr'><strong>domini</strong></span> <span class='ocrx_word' id='word_1_188' title='bbox 1627 2926 1812 3006; x_wconf 87' lang='lat' dir='ltr'><strong>addantur</strong></span> <span class='ocrx_word' id='word_1_189' title='bbox 1837 2952 1909 3006; x_wconf 69' lang='lat' dir='ltr'><strong>no.</strong></span> 
     </span>
     <span class='ocr_line' id='line_1_22' title="bbox 700 3031 1671 3134; baseline 0 -30"><span class='ocrx_word' id='word_1_190' title='bbox 700 3058 856 3133; x_wconf 89' lang='lat' dir='ltr'><strong>namque</strong></span> <span class='ocrx_word' id='word_1_191' title='bbox 884 3033 985 3130; x_wconf 79' lang='lat' dir='ltr'><strong>vigin</strong></span> <span class='ocrx_word' id='word_1_192' title='bbox 1011 3033 1131 3134; x_wconf 89' lang='lat' dir='ltr'><strong>primo</strong></span> <span class='ocrx_word' id='word_1_193' title='bbox 1156 3031 1314 3104; x_wconf 90' lang='lat' dir='ltr'><strong>christus</strong></span> <span class='ocrx_word' id='word_1_194' title='bbox 1340 3046 1445 3104; x_wconf 84' lang='lat' dir='ltr'><strong>natus</strong></span> <span class='ocrx_word' id='word_1_195' title='bbox 1469 3031 1539 3106; x_wconf 86' lang='lat' dir='ltr'><strong>suit</strong></span> <span class='ocrx_word' id='word_1_196' title='bbox 1564 3055 1671 3104; x_wconf 83' lang='lat' dir='ltr'><strong>anno.</strong></span> 
     </span>
     <span class='ocr_line' id='line_1_23' title="bbox 272 3131 2058 3236; baseline -0.005 -29"><span class='ocrx_word' id='word_1_197' title='bbox 272 3133 308 3207; x_wconf 82' lang='lat' dir='ltr'><strong>dr</strong></span> <span class='ocrx_word' id='word_1_198' title='bbox 332 3147 407 3210; x_wconf 88' lang='lat' dir='ltr'><strong>tota</strong></span> <span class='ocrx_word' id='word_1_199' title='bbox 446 3159 588 3208; x_wconf 85' lang='lat' dir='ltr'><strong>summa</strong></span> <span class='ocrx_word' id='word_1_200' title='bbox 626 3135 813 3208; x_wconf 91' lang='lat' dir='ltr'><strong>diuidatur</strong></span> <span class='ocrx_word' id='word_1_201' title='bbox 852 3159 916 3231; x_wconf 91' lang='lat' dir='ltr'><strong>per</strong></span> <span class='ocrx_word' id='word_1_202' title='bbox 940 3134 1013 3207; x_wconf 71' lang='lat' dir='ltr'><strong>‚aa</strong></span> <span class='ocrx_word' id='word_1_203' title='bbox 1046 3135 1077 3205; x_wconf 89' lang='lat' dir='ltr'><strong>si</strong></span> <span class='ocrx_word' id='word_1_204' title='bbox 1111 3134 1221 3230; x_wconf 84' lang='lat' dir='ltr'><strong>igitur</strong></span> <span class='ocrx_word' id='word_1_205' title='bbox 1264 3131 1318 3206; x_wconf 90' lang='lat' dir='ltr'><strong>nil</strong></span> <span class='ocrx_word' id='word_1_206' title='bbox 1374 3131 1468 3206; x_wconf 83' lang='lat' dir='ltr'><strong>vltra</strong></span> <span class='ocrx_word' id='word_1_207' title='bbox 1519 3131 1628 3236; x_wconf 75' lang='lat' dir='ltr'><strong>huius</strong></span> <span class='ocrx_word' id='word_1_208' title='bbox 1666 3131 1889 3208; x_wconf 85' lang='lat' dir='ltr'><strong>diuisionem</strong></span> <span class='ocrx_word' id='word_1_209' title='bbox 1925 3141 2058 3205; x_wconf 81' lang='lat' dir='ltr'><strong>remanet</strong></span> 
     </span>
     <span class='ocr_line' id='line_1_24' title="bbox 274 3229 2003 3338; baseline -0.002 -29"><span class='ocrx_word' id='word_1_210' title='bbox 274 3260 399 3310; x_wconf 83' lang='lat' dir='ltr'><strong>sumus</strong></span> <span class='ocrx_word' id='word_1_211' title='bbox 424 3239 464 3310; x_wconf 92' lang='lat' dir='ltr'><strong>in</strong></span> <span class='ocrx_word' id='word_1_212' title='bbox 493 3237 623 3312; x_wconf 85' lang='lat' dir='ltr'><strong>vltimo</strong></span> <span class='ocrx_word' id='word_1_213' title='bbox 649 3239 800 3309; x_wconf 89' lang='lat' dir='ltr'><strong>annosi</strong></span> <span class='ocrx_word' id='word_1_214' title='bbox 826 3232 966 3338; x_wconf 85' lang='lat' dir='ltr'><strong>aliquid</strong></span> <span class='ocrx_word' id='word_1_215' title='bbox 990 3232 1087 3312; x_wconf 94' lang='lat' dir='ltr'><strong>illud</strong></span> <span class='ocrx_word' id='word_1_216' title='bbox 1112 3231 1269 3306; x_wconf 90' lang='lat' dir='ltr'><strong>ostendit</strong></span> <span class='ocrx_word' id='word_1_217' title='bbox 1296 3229 1400 3308; x_wconf 87' lang='lat' dir='ltr'><strong>nohis</strong></span> <span class='ocrx_word' id='word_1_218' title='bbox 1425 3246 1577 3336; x_wconf 89' lang='lat' dir='ltr'><strong>quotum</strong></span> <span class='ocrx_word' id='word_1_219' title='bbox 1603 3259 1741 3310; x_wconf 87' lang='lat' dir='ltr'><strong>annum</strong></span> <span class='ocrx_word' id='word_1_220' title='bbox 1768 3235 1856 3310; x_wconf 88' lang='lat' dir='ltr'><strong>cicli</strong></span> <span class='ocrx_word' id='word_1_221' title='bbox 1881 3233 2003 3308; x_wconf 87' lang='lat' dir='ltr'><strong>solaris</strong></span> 
     </span>
    </p>
   </div>
   <div class='ocr_carea' id='block_1_9' title="bbox 272 3398 2108 3706">
    <p class='ocr_par' dir='ltr' id='par_1_9' title="bbox 272 3398 2108 3706">
     <span class='ocr_line' id='line_1_25' title="bbox 380 3398 2056 3494; baseline -0.004 -20"><span class='ocrx_word' id='word_1_222' title='bbox 380 3404 534 3494; x_wconf 75' lang='lat' dir='ltr'><strong>Annus</strong></span> <span class='ocrx_word' id='word_1_223' title='bbox 570 3401 677 3474; x_wconf 90' lang='lat' dir='ltr'><strong>cicli</strong></span> <span class='ocrx_word' id='word_1_224' title='bbox 715 3398 1106 3477; x_wconf 89' lang='lat' dir='ltr'><strong>decemnouinalis</strong></span> <span class='ocrx_word' id='word_1_225' title='bbox 1144 3402 1197 3473; x_wconf 89' lang='lat' dir='ltr'><strong>sic</strong></span> <span class='ocrx_word' id='word_1_226' title='bbox 1235 3403 1347 3476; x_wconf 88' lang='lat' dir='ltr'><strong>scitur</strong></span> <span class='ocrx_word' id='word_1_227' title='bbox 1387 3404 1491 3476; x_wconf 84' lang='lat' dir='ltr'><strong>aunis</strong></span> <span class='ocrx_word' id='word_1_228' title='bbox 1529 3401 1670 3476; x_wconf 89' lang='lat' dir='ltr'><strong>domini</strong></span> <span class='ocrx_word' id='word_1_229' title='bbox 1710 3401 1885 3476; x_wconf 77' lang='lat' dir='ltr'><strong>addatur</strong></span> <span class='ocrx_word' id='word_1_230' title='bbox 1909 3403 2056 3477; x_wconf 84' lang='lat' dir='ltr'><strong>unitaset</strong></span> 
     </span>
     <span class='ocr_line' id='line_1_26' title="bbox 272 3497 2108 3604; baseline -0.006 -25"><span class='ocrx_word' id='word_1_231' title='bbox 272 3502 393 3579; x_wconf 90' lang='lat' dir='ltr'><strong>totalis</strong></span> <span class='ocrx_word' id='word_1_232' title='bbox 431 3529 572 3576; x_wconf 86' lang='lat' dir='ltr'><strong>summa</strong></span> <span class='ocrx_word' id='word_1_233' title='bbox 605 3503 790 3576; x_wconf 91' lang='lat' dir='ltr'><strong>diuidatur</strong></span> <span class='ocrx_word' id='word_1_234' title='bbox 821 3529 887 3604; x_wconf 89' lang='lat' dir='ltr'><strong>per</strong></span> <span class='ocrx_word' id='word_1_235' title='bbox 922 3529 995 3603; x_wconf 87' lang='lat'><strong>·¹9·</strong></span> <span class='ocrx_word' id='word_1_236' title='bbox 1027 3516 1064 3576; x_wconf 88' lang='lat' dir='ltr'><strong>et</strong></span> <span class='ocrx_word' id='word_1_237' title='bbox 1096 3502 1135 3599; x_wconf 55' lang='lat' dir='ltr'><strong>sia</strong></span> <span class='ocrx_word' id='word_1_238' title='bbox 1162 3501 1276 3576; x_wconf 89' lang='lat' dir='ltr'><strong>nichil</strong></span> <span class='ocrx_word' id='word_1_239' title='bbox 1308 3503 1420 3578; x_wconf 83' lang='lat' dir='ltr'><strong>luerit</strong></span> <span class='ocrx_word' id='word_1_240' title='bbox 1452 3505 1636 3580; x_wconf 87' lang='lat' dir='ltr'><strong>residuum</strong></span> <span class='ocrx_word' id='word_1_241' title='bbox 1664 3529 1792 3578; x_wconf 89' lang='lat' dir='ltr'><strong>sumus</strong></span> <span class='ocrx_word' id='word_1_242' title='bbox 1818 3508 1856 3578; x_wconf 92' lang='lat' dir='ltr'><strong>in</strong></span> <span class='ocrx_word' id='word_1_243' title='bbox 1883 3501 2001 3581; x_wconf 87' lang='lat' dir='ltr'><strong>vltimo</strong></span> <span class='ocrx_word' id='word_1_244' title='bbox 2022 3497 2056 3570; x_wconf 88' lang='lat' dir='ltr'><strong>si·</strong></span> <span class='ocrx_word' id='word_1_245' title='bbox 2105 3539 2108 3548; x_wconf 88' lang='lat'>·</span> 
     </span>
     <span class='ocr_line' id='line_1_27' title="bbox 279 3606 476 3706; baseline -0.005 -28"><span class='ocrx_word' id='word_1_246' title='bbox 279 3619 341 3680; x_wconf 91' lang='lat' dir='ltr'><strong>cut</strong></span> <span class='ocrx_word' id='word_1_247' title='bbox 365 3606 476 3706; x_wconf 87' lang='lat' dir='ltr'><strong>prius.</strong></span> 
     </span>
    </p>
   </div>
   <div class='ocr_carea' id='block_1_10' title="bbox 275 3769 2056 4074">
    <p class='ocr_par' dir='ltr' id='par_1_10' title="bbox 275 3769 2056 4074">
     <span class='ocr_line' id='line_1_28' title="bbox 375 3769 2055 3853; baseline -0.004 -5"><span class='ocrx_word' id='word_1_248' title='bbox 375 3773 528 3848; x_wconf 80' lang='lat' dir='ltr'><strong>Annus</strong></span> <span class='ocrx_word' id='word_1_249' title='bbox 569 3771 678 3846; x_wconf 89' lang='lat' dir='ltr'><strong>cicli</strong></span> <span class='ocrx_word' id='word_1_250' title='bbox 707 3771 894 3853; x_wconf 80' lang='lat' dir='ltr'><strong>¹lunuris</strong></span> <span class='ocrx_word' id='word_1_251' title='bbox 928 3773 981 3845; x_wconf 90' lang='lat' dir='ltr'><strong>sic</strong></span> <span class='ocrx_word' id='word_1_252' title='bbox 1011 3771 1141 3846; x_wconf 86' lang='lat' dir='ltr'><strong>scitur</strong></span> <span class='ocrx_word' id='word_1_253' title='bbox 1164 3770 1212 3846; x_wconf 83' lang='lat' dir='ltr'><strong>ah</strong></span> <span class='ocrx_word' id='word_1_254' title='bbox 1242 3773 1346 3847; x_wconf 91' lang='lat' dir='ltr'><strong>annis</strong></span> <span class='ocrx_word' id='word_1_255' title='bbox 1380 3773 1521 3848; x_wconf 89' lang='lat' dir='ltr'><strong>domini</strong></span> <span class='ocrx_word' id='word_1_256' title='bbox 1553 3774 1816 3850; x_wconf 81' lang='lat' dir='ltr'><strong>subtrahantur</strong></span> <span class='ocrx_word' id='word_1_257' title='bbox 1850 3803 1895 3851; x_wconf 85' lang='lat'><strong>.2.</strong></span> <span class='ocrx_word' id='word_1_258' title='bbox 1928 3772 1983 3849; x_wconf 88' lang='lat' dir='ltr'><strong>vel</strong></span> <span class='ocrx_word' id='word_1_259' title='bbox 2008 3769 2055 3842; x_wconf 88' lang='lat' dir='ltr'><strong>ad·</strong></span> 
     </span>
     <span class='ocr_line' id='line_1_29' title="bbox 276 3871 2056 3977; baseline -0.003 -28"><span class='ocrx_word' id='word_1_260' title='bbox 276 3874 409 3961; x_wconf 88' lang='lat' dir='ltr'><strong>dantur</strong></span> <span class='ocrx_word' id='word_1_261' title='bbox 443 3901 514 3977; x_wconf 89' lang='lat'><strong>·¹7·</strong></span> <span class='ocrx_word' id='word_1_262' title='bbox 541 3889 578 3949; x_wconf 90' lang='lat' dir='ltr'><strong>et</strong></span> <span class='ocrx_word' id='word_1_263' title='bbox 602 3899 743 3947; x_wconf 91' lang='lat' dir='ltr'><strong>summa</strong></span> <span class='ocrx_word' id='word_1_264' title='bbox 775 3873 861 3950; x_wconf 91' lang='lat' dir='ltr'><strong>inde</strong></span> <span class='ocrx_word' id='word_1_265' title='bbox 893 3876 1112 3975; x_wconf 81' lang='lat' dir='ltr'><strong>prouenieus</strong></span> <span class='ocrx_word' id='word_1_266' title='bbox 1138 3874 1325 3950; x_wconf 87' lang='lat' dir='ltr'><strong>diuidatur</strong></span> <span class='ocrx_word' id='word_1_267' title='bbox 1358 3899 1424 3976; x_wconf 89' lang='lat' dir='ltr'><strong>per</strong></span> <span class='ocrx_word' id='word_1_268' title='bbox 1450 3901 1523 3976; x_wconf 87' lang='lat'><strong>·¹9·</strong></span> <span class='ocrx_word' id='word_1_269' title='bbox 1550 3877 1641 3951; x_wconf 84' lang='lat' dir='ltr'><strong>etsi</strong></span> <span class='ocrx_word' id='word_1_270' title='bbox 1668 3873 1783 3952; x_wconf 86' lang='lat' dir='ltr'><strong>nichil</strong></span> <span class='ocrx_word' id='word_1_271' title='bbox 1814 3877 1921 3954; x_wconf 86' lang='lat' dir='ltr'><strong>fuerit</strong></span> <span class='ocrx_word' id='word_1_272' title='bbox 1945 3871 2056 3950; x_wconf 85' lang='lat' dir='ltr'><strong>residu·</strong></span> 
     </span>
     <span class='ocr_line' id='line_1_30' title="bbox 275 3975 1204 4074; baseline -0.003 -25"><span class='ocrx_word' id='word_1_273' title='bbox 275 4003 340 4050; x_wconf 90' lang='lat' dir='ltr'><strong>um</strong></span> <span class='ocrx_word' id='word_1_274' title='bbox 368 3975 434 4049; x_wconf 80' lang='lat' dir='ltr'><strong>&amp;c</strong></span> <span class='ocrx_word' id='word_1_275' title='bbox 460 3980 551 4051; x_wconf 86' lang='lat' dir='ltr'><strong>sicut</strong></span> <span class='ocrx_word' id='word_1_276' title='bbox 575 3977 685 4074; x_wconf 87' lang='lat' dir='ltr'><strong>prius.</strong></span> <span class='ocrx_word' id='word_1_277' title='bbox 796 4017 808 4029; x_wconf 84' lang='lat'><strong>·</strong></span> <span class='ocrx_word' id='word_1_278' title='bbox 1201 3997 1204 4004; x_wconf 83' lang='lat'>&#39;</span> 
     </span>
    </p>
   </div>
   <div class='ocr_carea' id='block_1_11' title="bbox 374 4097 2053 4212">
    <p class='ocr_par' dir='ltr' id='par_1_11' title="bbox 374 4097 2053 4212">
     <span class='ocr_line' id='line_1_31' title="bbox 374 4097 2053 4212; baseline -0.002 -29"><span class='ocrx_word' id='word_1_279' title='bbox 374 4097 524 4184; x_wconf 74' lang='lat' dir='ltr'><strong>Annus</strong></span> <span class='ocrx_word' id='word_1_280' title='bbox 561 4108 832 4184; x_wconf 91' lang='lat' dir='ltr'><strong>indictionis</strong></span> <span class='ocrx_word' id='word_1_281' title='bbox 868 4113 921 4186; x_wconf 88' lang='lat' dir='ltr'><strong>sic</strong></span> <span class='ocrx_word' id='word_1_282' title='bbox 958 4112 1063 4185; x_wconf 89' lang='lat' dir='ltr'><strong>anuis</strong></span> <span class='ocrx_word' id='word_1_283' title='bbox 1101 4107 1241 4186; x_wconf 88' lang='lat' dir='ltr'><strong>domini</strong></span> <span class='ocrx_word' id='word_1_284' title='bbox 1265 4107 1448 4188; x_wconf 85' lang='lat' dir='ltr'><strong>adduntur</strong></span> <span class='ocrx_word' id='word_1_285' title='bbox 1480 4109 1525 4188; x_wconf 79' lang='lat'>.3·.</span> <span class='ocrx_word' id='word_1_286' title='bbox 1559 4115 1733 4212; x_wconf 86' lang='lat' dir='ltr'><strong>quonium</strong></span> <span class='ocrx_word' id='word_1_287' title='bbox 1759 4114 1919 4188; x_wconf 88' lang='lat' dir='ltr'><strong>christus</strong></span> <span class='ocrx_word' id='word_1_288' title='bbox 1949 4112 2053 4187; x_wconf 86' lang='lat' dir='ltr'><strong>dieitur</strong></span> 
     </span>
    </p>
   </div>
   <div class='ocr_carea' id='block_1_12' title="bbox 272 4200 2055 4414">
    <p class='ocr_par' dir='ltr' id='par_1_12' title="bbox 272 4200 2055 4414">
     <span class='ocr_line' id='line_1_32' title="bbox 272 4200 2055 4330; baseline -0.003 -43"><span class='ocrx_word' id='word_1_289' title='bbox 272 4200 378 4330; x_wconf 73' lang='lat' dir='ltr'><strong>uatus</strong></span> <span class='ocrx_word' id='word_1_290' title='bbox 418 4208 513 4303; x_wconf 63' lang='lat' dir='ltr'><strong>ahto.</strong></span> <span class='ocrx_word' id='word_1_291' title='bbox 553 4233 649 4286; x_wconf 90' lang='lat' dir='ltr'><strong>anno</strong></span> <span class='ocrx_word' id='word_1_292' title='bbox 680 4212 889 4286; x_wconf 85' lang='lat' dir='ltr'><strong>indictionis</strong></span> <span class='ocrx_word' id='word_1_293' title='bbox 919 4226 956 4288; x_wconf 88' lang='lat' dir='ltr'><strong>et</strong></span> <span class='ocrx_word' id='word_1_294' title='bbox 988 4226 1105 4288; x_wconf 90' lang='lat' dir='ltr'><strong>totum</strong></span> <span class='ocrx_word' id='word_1_295' title='bbox 1140 4239 1205 4314; x_wconf 90' lang='lat' dir='ltr'><strong>per</strong></span> <span class='ocrx_word' id='word_1_296' title='bbox 1231 4215 1304 4290; x_wconf 72' lang='lat' dir='ltr'><strong>ns.</strong></span> <span class='ocrx_word' id='word_1_297' title='bbox 1329 4213 1514 4292; x_wconf 86' lang='lat' dir='ltr'><strong>diuidatur</strong></span> <span class='ocrx_word' id='word_1_298' title='bbox 1544 4228 1581 4288; x_wconf 88' lang='lat' dir='ltr'><strong>et</strong></span> <span class='ocrx_word' id='word_1_299' title='bbox 1605 4229 1775 4316; x_wconf 86' lang='lat' dir='ltr'><strong>operetur</strong></span> <span class='ocrx_word' id='word_1_300' title='bbox 1800 4229 1841 4290; x_wconf 90' lang='lat' dir='ltr'><strong>vt</strong></span> <span class='ocrx_word' id='word_1_301' title='bbox 1866 4215 2055 4290; x_wconf 80' lang='lat' dir='ltr'><strong>dictumest</strong></span> 
     </span>
     <span class='ocr_line' id='line_1_33' title="bbox 273 4337 385 4414; baseline -0.036 -28"><span class='ocrx_word' id='word_1_302' title='bbox 273 4337 385 4414; x_wconf 76' lang='lat' dir='ltr'><strong>prius.</strong></span> 
     </span>
    </p>
   </div>
   <div class='ocr_carea' id='block_1_13' title="bbox 101 4442 2055 4551">
    <p class='ocr_par' dir='ltr' id='par_1_13' title="bbox 101 4442 2055 4551">
     <span class='ocr_line' id='line_1_34' title="bbox 101 4442 2055 4551; baseline -0.002 -31"><span class='ocrx_word' id='word_1_303' title='bbox 101 4467 106 4480; x_wconf 88' lang='lat'><strong>·</strong></span> <span class='ocrx_word' id='word_1_304' title='bbox 202 4505 211 4512; x_wconf 85' lang='lat'>.</span> <span class='ocrx_word' id='word_1_305' title='bbox 294 4459 316 4530; x_wconf 60' lang='grc' dir='ltr'><strong>ζ</strong></span> <span class='ocrx_word' id='word_1_306' title='bbox 376 4448 528 4520; x_wconf 84' lang='lat' dir='ltr'><strong>Annus</strong></span> <span class='ocrx_word' id='word_1_307' title='bbox 560 4473 580 4520; x_wconf 92' lang='lat' dir='ltr'><strong>a</strong></span> <span class='ocrx_word' id='word_1_308' title='bbox 612 4442 786 4520; x_wconf 81' lang='lat' dir='ltr'><strong>bisext&#39;o</strong></span> <span class='ocrx_word' id='word_1_309' title='bbox 811 4449 874 4519; x_wconf 89' lang='lat' dir='ltr'><strong>sie.</strong></span> <span class='ocrx_word' id='word_1_310' title='bbox 901 4449 932 4520; x_wconf 86' lang='lat' dir='ltr'><strong>ai</strong></span> <span class='ocrx_word' id='word_1_311' title='bbox 952 4451 1051 4522; x_wconf 88' lang='lat' dir='ltr'><strong>&#39;anni</strong></span> <span class='ocrx_word' id='word_1_312' title='bbox 1084 4449 1226 4524; x_wconf 91' lang='lat' dir='ltr'><strong>domini</strong></span> <span class='ocrx_word' id='word_1_313' title='bbox 1258 4460 1409 4551; x_wconf 82' lang='lat' dir='ltr'><strong>possunt</strong></span> <span class='ocrx_word' id='word_1_314' title='bbox 1432 4446 1551 4524; x_wconf 90' lang='lat' dir='ltr'><strong>diuidi</strong></span> <span class='ocrx_word' id='word_1_315' title='bbox 1576 4450 1615 4524; x_wconf 92' lang='lat' dir='ltr'><strong>in</strong></span> <span class='ocrx_word' id='word_1_316' title='bbox 1640 4446 1687 4540; x_wconf 62' lang='lat' dir='ltr'><strong>d.</strong></span> <span class='ocrx_word' id='word_1_317' title='bbox 1715 4463 1837 4549; x_wconf 84' lang='lat' dir='ltr'><strong>partes</strong></span> <span class='ocrx_word' id='word_1_318' title='bbox 1862 4445 1995 4549; x_wconf 87' lang='lat' dir='ltr'><strong>equales</strong></span> <span class='ocrx_word' id='word_1_319' title='bbox 2015 4451 2055 4512; x_wconf 76' lang='lat' dir='ltr'><strong>est</strong></span> 
     </span>
    </p>
   </div>
   <div class='ocr_carea' id='block_1_14' title="bbox 159 4541 2054 4861">
    <p class='ocr_par' dir='ltr' id='par_1_14' title="bbox 159 4541 2054 4861">
     <span class='ocr_line' id='line_1_35' title="bbox 207 4541 2054 4651; baseline -0.006 -29"><span class='ocrx_word' id='word_1_320' title='bbox 207 4565 213 4575; x_wconf 79' lang='grc'><em>“</em></span> <span class='ocrx_word' id='word_1_321' title='bbox 272 4550 314 4622; x_wconf 91' lang='lat' dir='ltr'><strong>in</strong></span> <span class='ocrx_word' id='word_1_322' title='bbox 346 4549 424 4647; x_wconf 87' lang='lat' dir='ltr'><strong>ipso</strong></span> <span class='ocrx_word' id='word_1_323' title='bbox 457 4573 551 4620; x_wconf 89' lang='lat' dir='ltr'><strong>anno</strong></span> <span class='ocrx_word' id='word_1_324' title='bbox 582 4547 740 4622; x_wconf 82' lang='lat' dir='ltr'><strong>bisextili</strong></span> <span class='ocrx_word' id='word_1_325' title='bbox 766 4563 803 4622; x_wconf 92' lang='lat' dir='ltr'><strong>et</strong></span> <span class='ocrx_word' id='word_1_326' title='bbox 828 4574 894 4648; x_wconf 89' lang='lat' dir='ltr'><strong>per</strong></span> <span class='ocrx_word' id='word_1_327' title='bbox 918 4573 1141 4651; x_wconf 83' lang='lat' dir='ltr'><strong>consequens</strong></span> <span class='ocrx_word' id='word_1_328' title='bbox 1174 4549 1277 4626; x_wconf 89' lang='lat' dir='ltr'><strong>nullo</strong></span> <span class='ocrx_word' id='word_1_329' title='bbox 1296 4547 1355 4624; x_wconf 73' lang='lat' dir='ltr'><strong>¹ab¹</strong></span> <span class='ocrx_word' id='word_1_330' title='bbox 1376 4549 1526 4626; x_wconf 82' lang='lat' dir='ltr'><strong>bisexto.</strong></span> <span class='ocrx_word' id='word_1_331' title='bbox 1551 4552 1582 4626; x_wconf 83' lang='lat' dir='ltr'><strong>si</strong></span> <span class='ocrx_word' id='word_1_332' title='bbox 1609 4574 1695 4624; x_wconf 82' lang='lat' dir='ltr'><strong>vero</strong></span> <span class='ocrx_word' id='word_1_333' title='bbox 1723 4577 1837 4626; x_wconf 89' lang='lat' dir='ltr'><strong>vnum</strong></span> <span class='ocrx_word' id='word_1_334' title='bbox 1862 4550 1963 4623; x_wconf 88' lang='lat' dir='ltr'><strong>fuerit</strong></span> <span class='ocrx_word' id='word_1_335' title='bbox 1985 4541 2054 4618; x_wconf 89' lang='lat' dir='ltr'><strong>resi·</strong></span> 
     </span>
     <span class='ocr_line' id='line_1_36' title="bbox 191 4643 2053 4755; baseline -0.006 -24"><span class='ocrx_word' id='word_1_336' title='bbox 191 4731 194 4737; x_wconf 82' lang='grc'><em>,</em></span> <span class='ocrx_word' id='word_1_337' title='bbox 275 4651 389 4742; x_wconf 81' lang='lat' dir='ltr'><strong>duum</strong></span> <span class='ocrx_word' id='word_1_338' title='bbox 427 4648 539 4722; x_wconf 82' lang='lat' dir='ltr'><strong>vltra&#39;</strong></span> <span class='ocrx_word' id='word_1_339' title='bbox 565 4649 783 4723; x_wconf 86' lang='lat' dir='ltr'><strong>diuisionem</strong></span> <span class='ocrx_word' id='word_1_340' title='bbox 806 4672 986 4724; x_wconf 88' lang='lat' dir='ltr'><strong>annorum</strong></span> <span class='ocrx_word' id='word_1_341' title='bbox 1015 4653 1159 4730; x_wconf 87' lang='lat' dir='ltr'><strong>domini</strong></span> <span class='ocrx_word' id='word_1_342' title='bbox 1183 4656 1248 4753; x_wconf 81' lang='lat' dir='ltr'><strong>per</strong></span> <span class='ocrx_word' id='word_1_343' title='bbox 1274 4653 1320 4749; x_wconf 69' lang='grc'><strong>..4</strong></span> <span class='ocrx_word' id='word_1_344' title='bbox 1347 4652 1499 4755; x_wconf 80' lang='lat' dir='ltr'><strong>equalia.</strong></span> <span class='ocrx_word' id='word_1_345' title='bbox 1524 4673 1563 4726; x_wconf 83' lang='lat' dir='ltr'><strong>es</strong></span> <span class='ocrx_word' id='word_1_346' title='bbox 1588 4654 1628 4726; x_wconf 88' lang='lat' dir='ltr'><strong>in</strong></span> <span class='ocrx_word' id='word_1_347' title='bbox 1654 4655 1774 4752; x_wconf 72' lang='lat' dir='ltr'><strong>primo</strong></span> <span class='ocrx_word' id='word_1_348' title='bbox 1799 4675 1895 4726; x_wconf 88' lang='lat' dir='ltr'><strong>anno</strong></span> <span class='ocrx_word' id='word_1_349' title='bbox 1919 4643 2053 4752; x_wconf 86' lang='lat' dir='ltr'><strong>posthi-</strong></span> 
     </span>
     <span class='ocr_line' id='line_1_37' title="bbox 159 4750 1805 4861; baseline 0.003 -37"><span class='ocrx_word' id='word_1_350' title='bbox 159 4775 162 4777; x_wconf 63' lang='grc'>“</span> <span class='ocrx_word' id='word_1_351' title='bbox 276 4765 433 4860; x_wconf 82' lang='lat' dir='ltr'><strong>sextum.</strong></span> <span class='ocrx_word' id='word_1_352' title='bbox 459 4752 489 4823; x_wconf 88' lang='lat' dir='ltr'><strong>si</strong></span> <span class='ocrx_word' id='word_1_353' title='bbox 511 4750 587 4857; x_wconf 92' lang='lat' dir='ltr'><strong>duo</strong></span> <span class='ocrx_word' id='word_1_354' title='bbox 612 4773 650 4824; x_wconf 87' lang='lat' dir='ltr'><strong>es</strong></span> <span class='ocrx_word' id='word_1_355' title='bbox 676 4751 899 4853; x_wconf 84' lang='lat' dir='ltr'><strong>insecundo</strong></span> <span class='ocrx_word' id='word_1_356' title='bbox 925 4767 962 4828; x_wconf 87' lang='lat' dir='ltr'><strong>et</strong></span> <span class='ocrx_word' id='word_1_357' title='bbox 986 4756 1038 4860; x_wconf 81' lang='lat' dir='ltr'><strong>sic</strong></span> <span class='ocrx_word' id='word_1_358' title='bbox 1062 4755 1245 4861; x_wconf 81' lang='lat' dir='ltr'><strong>deinceps.</strong></span> <span class='ocrx_word' id='word_1_359' title='bbox 1313 4848 1318 4858; x_wconf 22' lang='grc' dir='ltr'><strong>μ</strong></span> <span class='ocrx_word' id='word_1_360' title='bbox 1691 4769 1695 4774; x_wconf 87' lang='grc'><em>“</em></span> <span class='ocrx_word' id='word_1_361' title='bbox 1799 4763 1805 4770; x_wconf 86' lang='grc'><strong>“</strong></span> 
     </span>
    </p>
   </div>
   <div class='ocr_carea' id='block_1_15' title="bbox 274 4875 2051 5094">
    <p class='ocr_par' dir='ltr' id='par_1_15' title="bbox 274 4875 2051 5094">
     <span class='ocr_line' id='line_1_38' title="bbox 389 4875 2051 4988; baseline -0.001 -32"><span class='ocrx_word' id='word_1_362' title='bbox 389 4881 545 4958; x_wconf 89' lang='lat' dir='ltr'><strong>Ciclus</strong></span> <span class='ocrx_word' id='word_1_363' title='bbox 584 4899 750 4987; x_wconf 87' lang='lat' dir='ltr'><strong>quotus</strong></span> <span class='ocrx_word' id='word_1_364' title='bbox 788 4875 897 4962; x_wconf 89' lang='lat' dir='ltr'><strong>cicli</strong></span> <span class='ocrx_word' id='word_1_365' title='bbox 933 4875 1156 4964; x_wconf 87' lang='lat' dir='ltr'><strong>ciclorum</strong></span> <span class='ocrx_word' id='word_1_366' title='bbox 1193 4891 1245 4965; x_wconf 81' lang='lat' dir='ltr'><strong>sic</strong></span> <span class='ocrx_word' id='word_1_367' title='bbox 1296 4913 1469 4964; x_wconf 86' lang='lat' dir='ltr'><strong>numerus</strong></span> <span class='ocrx_word' id='word_1_368' title='bbox 1506 4913 1684 4964; x_wconf 83' lang='lat' dir='ltr'><strong>annorum</strong></span> <span class='ocrx_word' id='word_1_369' title='bbox 1716 4889 1800 4963; x_wconf 89' lang='lat' dir='ltr'><strong>cicli</strong></span> <span class='ocrx_word' id='word_1_370' title='bbox 1840 4886 1935 4988; x_wconf 88' lang='lat' dir='ltr'><strong>19:lis</strong></span> <span class='ocrx_word' id='word_1_371' title='bbox 1962 4908 1980 4955; x_wconf 87' lang='lat' dir='ltr'><strong>a</strong></span> <span class='ocrx_word' id='word_1_372' title='bbox 2007 4875 2051 4950; x_wconf 82' lang='lat' dir='ltr'><strong>bl·</strong></span> 
     </span>
     <span class='ocr_line' id='line_1_39' title="bbox 274 4985 2048 5094; baseline -0.004 -32"><span class='ocrx_word' id='word_1_373' title='bbox 274 4985 393 5062; x_wconf 77' lang='lat' dir='ltr'><strong>seritili</strong></span> <span class='ocrx_word' id='word_1_374' title='bbox 407 4989 576 5088; x_wconf 87' lang='lat' dir='ltr'><strong>proximo</strong></span> <span class='ocrx_word' id='word_1_375' title='bbox 601 4988 729 5091; x_wconf 85' lang='lat' dir='ltr'><strong>quouis</strong></span> <span class='ocrx_word' id='word_1_376' title='bbox 755 4988 881 5063; x_wconf 92' lang='lat' dir='ltr'><strong>ordine</strong></span> <span class='ocrx_word' id='word_1_377' title='bbox 907 4991 1081 5094; x_wconf 85' lang='lat' dir='ltr'><strong>rsquead</strong></span> <span class='ocrx_word' id='word_1_378' title='bbox 1107 4993 1219 5066; x_wconf 90' lang='lat' dir='ltr'><strong>finem</strong></span> <span class='ocrx_word' id='word_1_379' title='bbox 1246 4990 1417 5067; x_wconf 87' lang='lat' dir='ltr'><strong>eiusdem</strong></span> <span class='ocrx_word' id='word_1_380' title='bbox 1435 5016 1500 5093; x_wconf 91' lang='lat' dir='ltr'><strong>per</strong></span> <span class='ocrx_word' id='word_1_381' title='bbox 1526 4993 1604 5086; x_wconf 61' lang='lat' dir='ltr'><strong>tzor</strong></span> <span class='ocrx_word' id='word_1_382' title='bbox 1629 4991 1874 5066; x_wconf 85' lang='lat' dir='ltr'><strong>diuidatur.et</strong></span> <span class='ocrx_word' id='word_1_383' title='bbox 1896 4990 1924 5063; x_wconf 89' lang='lat' dir='ltr'><strong>si</strong></span> <span class='ocrx_word' id='word_1_384' title='bbox 1946 4999 2048 5059; x_wconf 76' lang='lat' dir='ltr'><strong>sunus</strong></span> 
     </span>
    </p>
   </div>
   <div class='ocr_carea' id='block_1_16' title="bbox 0 0 2173 5975">
    <p class='ocr_par' dir='ltr' id='par_1_16' title="bbox 0 0 2173 5975">
     <span class='ocr_line' id='line_1_40' title="bbox 0 0 2173 5975; baseline 0 0"><span class='ocrx_word' id='word_1_385' title='bbox 0 0 2173 5975; x_wconf 95' lang='lat' dir='ltr'><strong> </strong></span> 
     </span>
    </p>
   </div>
  </div>
 </body>
</html>
