4317 5975
822 339 924 442 -'
992 334 1071 459 sse
1183 415 1239 438 .-

111 573 305 710 sess
483 527 535 601 ³⁷
700 735 703 743 μ
797 603 1035 751 1309u.
1085 547 1331 752 asept.¹
1669 525 1982 706 aenan

211 791 332 856 Ptfven
354 787 492 853 Curuus
512 787 570 852 Vts
591 787 680 851 Bulla
702 790 750 852 till
772 786 1015 876 brimicium,
1037 793 1187 877 Bisio‘par
1207 792 1265 856 och
1288 789 1387 854 andra
1400 791 1534 876 lytlans
1547 789 1700 869 Prelater,
1723 788 1792 852 med
1811 787 1937 872 tarbud,

260 883 307 934 att
327 871 436 933 osrede
458 865 713 934 Cistercieuscrue
734 881 800 934 mo't
821 872 910 936 decas
932 875 1119 960 privilegien.
1633 950 1657 1007 Α
1688 971 1699 1006 ¹
1729 951 1791 1017 ‘NJ

158 1076 160 1084 “
237 1055 428 1136 Gtuutnrts
452 1054 671 1163 episcopus
698 1082 840 1136 seruus
868 1083 1076 1137 seruorum
1109 1056 1178 1136 ‘dei
1214 1059 1510 1140 venerabilibus
1548 1057 1741 1138 fratribus
1782 1054 1937 1160 archie7
2043 1045 2061 1126 ¹.

131 1165 308 1274 pisoopis
352 1164 553 1275 episcopis
580 1191 628 1244 ac
656 1166 812 1246 dilectis
848 1167 939 1249 filiis
981 1168 1069 1248 aliis
1097 1167 1352 1248 ecclesiarum
1397 1169 1560 1277 prelatis
1590 1166 1640 1248 ad
1662 1176 1771 1276 ‘quos
1801 1166 1934 1246 littere

127 1278 200 1358 iste
232 1277 492 1386 peruenerint
520 1274 697 1356 Salutem
727 1295 769 1357 et
797 1279 1060 1386 apostolicam
1091 1277 1409 1360 benedictionem
1448 1278 1703 1360 Benefaciens
1746 1279 1936 1388 dominus

21 1469 26 1477 ,
128 1389 247 1475 bonis
276 1405 319 1468 et
346 1389 465 1468 rectis
493 1384 616 1467 corde
645 1386 814 1494 dilectos
842 1390 946 1469 filios
976 1391 1121 1470 fratres
1158 1392 1419 1474 cisterciensis
1462 1387 1612 1468 ordinis
1642 1391 1683 1482 in
1712 1391 1776 1468 via
1823 1385 1954 1467 mant

127 1497 311 1580 datorum
345 1500 472 1607 ipsius
499 1497 697 1604 jnoffense
723 1517 934 1582 currentes
962 1517 1165 1610 tamquam
1196 1503 1392 1610 populum
1422 1499 1723 1607 acceptabilem*¹
1744 1498 1820 1579 sibi
1857 1527 1934 1578 nu·

128 1635 239 1691 mero
268 1626 309 1690 et
338 1611 481 1689 merito
510 1611 722 1718 ampliauit
750 1612 887 1722 eisque
913 1608 963 1690 de
992 1639 1084 1690 rore
1118 1611 1192 1691 celi
1221 1630 1261 1692 et
1290 1613 1340 1694 de
1378 1610 1624 1720 pinguedine
1660 1627 1765 1692 terre
1808 1610 1932 1688 bene·

128 1722 265 1816 diceus
291 1717 480 1802 dilatauit
507 1720 638 1801 locum
668 1725 835 1803 tentorii
864 1718 1037 1803 eiusdem
1067 1720 1220 1801 ordinis
1249 1740 1288 1803 et
1318 1723 1441 1832 pelles
1471 1721 1825 1802 tabernaculorum
1848 1721 1933 1800 eins

126 1833 334 1928 extendit.¹
389 1829 468 1912 Sed
497 1829 608 1940 quod
639 1828 835 1926 dolentes,
866 1833 1075 1914 referimus
1104 1834 1147 1912 in
1176 1833 1240 1913 via
1277 1834 1353 1916 hac
1389 1863 1469 1943 qua
1513 1828 1725 1914 anibulant
1767 1830 1934 1938 superbi

124 1971 248 2052 super
277 1969 345 2023 eos
374 1941 637 2024 extendentes
669 1941 789 2022 velud
820 1960 1018 2024 torrentes
1045 1945 1271 2052 iniquitatis
1301 1947 1499 2025 irruentes
1535 1945 1579 2023 in
1616 1971 1684 2023 eos
1721 1945 1829 2052 ipsos
1858 1940 1933 2022 bo·
2028 1949 2034 1968 ’“

127 2056 189 2135 nis
217 2057 408 2164 suisque
436 2054 511 2134 soli
539 2050 987 2136 donrinosuntdica'ta
1022 2057 1115 2136 Non
1153 2054 1281 2136 solum
1325 2057 1510 2166 nequiter
1554 2053 1793 2135 defraudare
1830 2053 1932 2132 Cum

123 2165 196 2246 filii
224 2165 344 2244 huius
371 2163 496 2246 seculi
527 2163 815 2272 prudenciores
843 2167 934 2246 filiis
963 2166 1062 2247 lucis
1090 2168 1171 2246 sint
1200 2168 1241 2246 in
1271 2169 1514 2272 grauacione
1538 2193 1609 2245 sua
1637 2193 1777 2245 verum
1806 2166 1932 2244 eciam

125 2278 554 2386 iniquitate-potentes
588 2275 787 2367 violenter
829 2278 1004 2384 spoliare
1047 2278 1234 2356 nituntur
1272 2280 1323 2358 Et
1359 2276 1483 2389 quod
1513 2276 1677 2383 grauius
1720 2291 1780 2356 est
1826 2287 1950 2356 non·'
2055 2328 2060 2344 ·

127 2389 230 2470 nulli
273 2385 324 2467 de
367 2386 429 2466 his
471 2386 545 2496 qui
585 2415 653 2468 eos
677 2385 921 2484 ,debuerant
947 2389 988 2467 in
1022 2388 1160 2468 christi
1189 2388 1408 2471 visceribus
1458 2388 1589 2468 carius
1632 2386 1851 2494 amplexari
1890 2403 1933 2468 et

124 2497 390 2594 fauorabilius
426 2497 645 2579 confouere
686 2496 798 2606 jpsos
834 2491 1044 2579 immanius
1072 2513 1377 2608 'persequentes
1406 2497 1626 2608 priuelegia
1666 2525 1747 2608 que
1780 2497 1876 2605 ipsis
1906 2525 1930 2578 a

117 2608 220 2709 ,sede
248 2609 464 2717 apostolica
495 2611 576 2689 suis
602 2609 860 2716 exigentibus
888 2612 1038 2691 meritis
1079 2628 1177 2706 suut
1209 2607 1362 2702 indulta
1400 2611 1577 2718 gestiunt
1617 2611 1778 2718 penitus
1815 2635 1930 2688 ener-

125 2748 224 2802 uare
252 2717 425 2802 dicendo
454 2719 521 2800 illa
548 2719 670 2800 fuisse
698 2723 865 2802 omnino
893 2724 936 2801 in
966 2715 1146 2829 generali
1175 2723 1342 2803 consilio
1372 2739 1562 2801 reuocata
1593 2721 1655 2801 vel
1685 2719 1780 2800 alias
1810 2717 1928 2798 intel-

126 2830 609 2939 lectum-priuilegiorum
638 2834 817 2939 ipsorum
848 2834 904 2912 ita
942 2832 1117 2939 maligna
1160 2833 1498 2941 interpretacione
1541 2829 1591 2912 ad
1637 2830 1793 2912 libitum
1840 2858 1930 2936 per·

126 2945 327 3039 uertendo
356 2940 467 3053 quod
496 2943 645 3024 nisius
681 2944 822 3051 iniqua
860 2945 1118 3054 loqueneium
1149 2944 1384 3027 obstruatur
1407 2943 1463 3023 nil
1487 2960 1610 3025 restat
1631 2943 1730 3052 quin
1757 2942 1930 3049 predicti

126 3056 268 3136 fratres
299 3054 601 3162 priuilegiorum
630 3082 796 3135 suorum
831 3058 994 3164 penitus
1036 3055 1168 3137 fructu
1212 3054 1459 3149 frustrentur
1502 3082 1575 3163 per
1616 3050 1728 3164 quod
1757 3052 1815 3133 illi
1844 3080 1929 3133 non

125 3173 206 3247 iam
235 3166 383 3246 eisdem
414 3163 606 3246 fratribus
633 3194 755 3275 quam
786 3168 904 3249 nobis
931 3166 1116 3273 iniuriarj
1148 3166 1373 3273 probantur
1402 3164 1499 3249 dum
1526 3182 1668 3246 contra
1697 3164 1801 3245 sedis
1830 3191 1928 3273 apo-

126 3278 267 3359 stolice
295 3273 572 3383 indulgencias
610 3294 851 3359 memoratos
880 3278 1025 3359 fratres
1060 3294 1209 3359 temere
1251 3276 1492 3387 perturbare
1539 3292 1798 3387 presumunt,
1845 3302 1985 3386 mog„
2027 3360 2030 3365 ,

87 3475 93 3481 ,
127 3391 271 3470 lientes
294 3402 439 3492 ‚contra
469 3406 604 3468 nostre
634 3386 898 3496 plenitudinis
928 3404 1163 3497 potestatem
1186 3389 1284 3470 dum
1313 3388 1466 3470 indulta
1491 3405 1636 3468 nostra
1660 3388 1929 3468 irreuerenter
2035 3455 2042 3470 .

112 3500 356 3609 inpugnant
385 3499 469 3579 Nos
493 3500 621 3604 igitur
650 3500 723 3608 qui
752 3496 952 3610 predictos
982 3501 1125 3579 fratres
1151 3500 1314 3608 speciali
1346 3503 1605 3608 prerogancia
1638 3498 1864 3579 dilectionis
1888 3516 1929 3578 et
2025 3554 2043 3591 ,-

18 3620 24 3631 “
116 3608 258 3721 gracie
294 3609 570 3719 amplexamur
606 3626 747 3718 vtpote
783 3615 877 3721 quia
914 3613 1062 3719 iugiter
1105 3611 1323 3692 offerentes
1365 3609 1529 3690 domino
1560 3637 1737 3690 'suorum
1780 3608 1928 3689 vitulos

126 3724 326 3820 labiorum
356 3748 436 3798 nou
466 3719 596 3799 solum
631 3720 749 3801 nobis
786 3721 857 3801 sed
900 3720 1115 3803 rniuersali
1152 3721 1315 3801 ecclesie
1359 3722 1435 3827 piis
1479 3720 1825 3801 intercessionibus
1868 3722 1930 3799 in-

122 3830 454 3942 comparabiliter
481 3830 758 3936 suffragantur
786 3831 979 3912 Nolentes
1008 3828 1239 3913 huiusmodi
1269 3816 1554 3911 veriacionibus
1589 3858 1727 3910 eorum
1771 3832 1928 3911 sabbati

124 3942 333 4027 amaricari
374 3942 547 4050 quietem
593 3942 895 4021 uniuersitatem
937 3959 1107 4022 vestram
1149 3968 1354 4022 monemus
1398 3956 1438 4021 et
1475 3941 1737 4051 exhortamur
1779 3958 1927 4021 attente

33 4157 38 4162 ⁶
125 4084 198 4167 per
227 4055 446 4163 apostolica
474 4052 625 4158 scripta
654 4050 916 4161 precipiendo
945 4051 1181 4133 Mandantes
1223 4068 1442 4162 quatenus·
1464 4052 1576 4161 quod
1621 4054 1750 4133 dictos
1786 4050 1927 4132 fratres

124 4168 179 4249 ob
208 4164 478 4246 reuerenciam
509 4146 686 4242 diuinam
716 4191 765 4242 ac
793 4179 970 4243 nostram
999 4164 1193 4243 habentes
1222 4164 1265 4243 in
1295 4164 1513 4243 visceribus
1542 4164 1809 4248 caritatis.eis
1845 4164 1929 4271 pri·
2002 4166 2008 4172 ’

126 4278 272 4387 uilegia
302 4292 343 4355 et
370 4273 648 4381 indulgencias
676 4273 1030 4381 apostolice'sedis
1060 4273 1207 4354 eisdem
1251 4290 1455 4356 concessas
1497 4273 1786 4382 jnuiolabiliter
1831 4272 1927 4354 con·
1975 4300 1997 4365 j

127 4390 293 4471 seruetis
322 4402 362 4465 et
392 4386 542 4466 faciatis
570 4383 622 4462 ab
658 4385 746 4465 aliis
784 4387 1017 4467 conseruari
1060 4386 1168 4466 salua
1213 4386 1491 4467 moderacione
1534 4385 1728 4492 generalis
1770 4384 1929 4465 consilii

126 4498 313 4582 videlicet
342 4515 384 4575 vt
412 4494 462 4575 de
491 4496 628 4575 alienis
651 4498 768 4575 terris
797 4525 819 4576 a
850 4515 1031 4604 tempore
1061 4494 1231 4605 predicti
1254 4496 1408 4587 consilii
1434 4498 1638 4606 acquisitis
1663 4513 1703 4575 et
1726 4494 1776 4576 de
1791 4514 1927 4577 cetero

54 4606 62 4618 ’
126 4606 379 4721 acquirendis
408 4607 617 4687 exsoluant
645 4603 817 4686 decimas
846 4609 1020 4688 ecclesiis
1049 4606 1199 4717 quibus
1234 4610 1395 4688 racione
1439 4606 1670 4714 prediorum
1702 4621 1818 4687 antea
1863 4634 1927 4685 so·

104 4722 344 4811 'luebantur
374 4719 447 4797 nisi
476 4719 592 4798 aliter
622 4744 710 4797 cum
740 4719 796 4797 eis
824 4715 1016 4798 duxerint
1045 4717 1367 4827 componendum
1397 4718 1505 4835 illias
1534 4747 1698 4829 quoque
1723 4716 1926 4827 predictos

147 4934 193 5010 a)
214 4928 263 4990 Ur
284 4929 343 4989 deu
366 4898 555 4987 vidimatiun
568 4925 683 5011 ilislcp
703 4886 858 5014 Tuon-asi
881 4874 1045 5008 Streugnas
1066 4927 1100 4991 d.
1122 4894 1166 4989 ²6·
1183 4928 1275 4991 Febr.
1301 4928 1373 5005 1441
1400 4928 1487 5011 gifvit
1510 4928 1548 4990 af
1564 4925 1754 5013 irlrebislop
1776 4928 1921 4993 Jonnnsi
2043 4936 2051 4951 '
2123 4877 2125 4886 Α

206 5011 325 5097 Upsala
347 5010 377 5073 d.
403 5031 441 5075 ro
460 5011 535 5072 Juui
559 5011 635 5087 1423
659 5010 838 5075 mirtstadc
858 5010 992 5072 afslrift.
1189 5022 1194 5033 ’
