4317 5975
790 388 847 414 ··-
956 342 1049 426 603ι
1149 387 1206 414 ..-

26 565 270 716 icae
452 581 458 591 ·
558 517 562 520 ’
741 572 1296 720 1310d527uen12.

117 728 122 746 ι
183 768 312 832 Asucrn
333 766 435 830 Lasos
455 762 727 828 testamentariska
758 763 936 846 anordniug
968 765 1006 827 af
1026 763 1203 847 Hofsgtirdc
1235 763 1277 852 pa
1308 761 1469 846 Wisingsd
1499 764 1550 829 till
1582 767 1730 832 Alvastra
1760 767 1901 836 kloster-

225 848 345 934 kyrka,
367 853 545 936 penniugar
565 847 617 910 till
637 846 738 910 andra
758 846 879 910 kloster
900 847 963 911 och
983 848 1123 933 kyrkm,
1153 857 1236 912 samt
1260 848 1464 932 ldsegendom
1485 849 1537 915 till
1558 850 1717 990 mullas
1737 872 1901 936 pemoner·
2022 933 2026 940 ι

385 971 388 974 .
1676 971 1683 988 ι
1717 953 1769 994 av.

217 1034 268 1110 Jn
299 1034 459 1112 nomine
487 1047 625 1112 sancte
653 1046 694 1109 et
722 1021 932 1137 jndiuidue
961 1031 1173 1128 trinitatis,
1206 1027 1293 1139 Ego
1322 1055 1561 1116 assuunnus
1599 1034 1731 1117 dictus
1766 1059 1902 1120 annun

109 1165 226 1222 sanus
263 1161 394 1224 mente
431 1145 525 1223 licet
560 1170 654 1248 eger
696 1167 868 1249 corpore
912 1140 1173 1222 considerans
1215 1145 1354 1222 mortis
1394 1144 1677 1228 certitudinem
1717 1152 1902 1257 quamuis

105 1253 186 1330 eius
216 1253 316 1333 hora
348 1255 507 1364 penitus
528 1253 741 1360 Jgnoretur
771 1254 927 1332 cunctis
957 1251 1194 1334 mortalibus
1214 1253 1393 1360 jmiuere.
1425 1257 1545 1364 cupio
1560 1262 1791 1366 peccamina
1815 1285 1901 1340 mea

18 1443 22 1448 .
105 1362 327 1445 elemosinis
356 1393 402 1444 ac
430 1365 622 1473 operibus
651 1361 920 1446 misericordie
951 1366 1164 1471 preuenire
1201 1383 1241 1443 et
1269 1366 1502 1476 temporalia
1540 1367 1584 1474 jn
1625 1370 1901 1478 jndeficientes

81 1491 301 1565 ‚tessauros
328 1493 587 1556 commutare.
617 1503 666 1555 ex
696 1474 990 1555 deliberacione
1017 1475 1176 1556 diutina
1204 1474 1340 1559 condo
1376 1492 1657 1560 testamentum
1696 1509 1827 1562 meum
1855 1481 1897 1589 ju
2002 1499 2008 1502 “

105 1585 210 1666 bunc
240 1585 401 1667 modum
431 1589 476 1694 jn
507 1587 645 1695 primis
673 1585 817 1666 eclesie
845 1603 983 1666 sancte
1015 1588 1140 1666 marie
1188 1615 1213 1666 n
1251 1587 1471 1668 aluastrum
1508 1605 1550 1668 et
1586 1592 1790 1672 monachis
1811 1591 1901 1674 'ibi-

91 1694 190 1776 dem
205 1693 284 1777 deo
303 1698 591 1778 famulantibus
611 1725 659 1777 ex
688 1723 923 1777 conssenssu
953 1699 1130 1778 unanimi
1159 1615 1304 1777 dilecte
1332 1700 1549 1778 conssortis
1573 1729 1657 1780 mee
1673 1701 1901 1810 rainburgis

104 1807 284 1889 confiero
314 1811 463 1889 curiam
501 1809 625 1888 meum
654 1807 698 1914 ju
728 1808 972 1916 wisingxhd
1000 1810 1115 1888 sitam
1151 1806 1414 1915 hollxgerdbe
1450 1837 1543 1890 cum
1578 1811 1768 1892 omnihus
1800 1815 1901 1896 ssuis

104 1916 330 1999 attinenciis
360 1919 546 2001 domibus
576 1921 681 2026 agris
710 1919 835 2028 pratis
872 1920 1106 2000 nemoribus
1138 1947 1184 1999 ao
1228 1919 1450 2028 pisscarijs,
1493 1921 1682 2030 jnssnper
1719 1919 1813 2004 volo
1850 1923 1901 2004 de

107 2030 320 2111 mobilibus
349 2030 526 2120 eiusdem
557 2032 667 2110 curie
696 2045 853 2111 tantum
883 2029 925 2136 jn
956 2056 1002 2110 ea
1031 2043 1237 2110 remanere
1271 2027 1457 2110 videlicet
1485 2033 1595 2112 1111⁰¹
1625 2034 1761 2113 boues.
1791 2033 1901 2113 IIII⁰r
1999 2109 2007 2114 .

106 2134 244 2220 vaccas
264 2143 304 2220 ΙΙ
332 2141 544 2248 vectigalia
572 2141 687 2220 VIII⁰
716 2168 825 2220 ssues
852 2163 943 2221 oum
973 2164 1131 2222 annona
1160 2153 1312 2250 quanta
1334 2141 1501 2223 ssuflicit
1525 2140 1577 2224 ad
1605 2140 1898 2225 sseminandam
1938 2183 1943 2190 *

25 2251 29 2262 ’
105 2253 254 2332 curiam
283 2253 556 2363 supradictam
585 2279 666 2332 vno
695 2280 802 2333 anno
831 2250 885 2358 jta
925 2265 1058 2330 tamen
1087 2249 1199 2362 quod
1227 2250 1389 2333 dimidia
1429 2278 1520 2360 pars
1561 2255 1726 2333 istarum
1763 2281 1898 2334 rerum

106 2362 311 2442 mobilium
342 2364 458 2445 cedat
487 2363 658 2444 discrete
685 2378 868 2444 matrone
898 2362 1091 2446 katerine.
1120 2379 1160 2444 et
1188 2359 1353 2444 dimidia
1383 2391 1478 2472 paru
1517 2363 1720 2444 monachis
1756 2392 1899 2473 supra·

12 2547 13 2550 a
105 2473 219 2558 dictis
246 2474 479 2582 supplicans
509 2491 643 2554 autem
675 2472 879 2555 monachis
909 2475 1138 2554 memoratis
1166 2500 1216 2553 ex
1253 2473 1440 2553 conssilio
1475 2473 1632 2555 abbatis
1659 2472 1823 2584 birgeri.
1854 2491 1898 2556 vt

105 2585 178 2664 mei
207 2587 437 2666 memoriam
481 2585 658 2669 habeant
700 2582 887 2693 ssingnlis
929 2587 1045 2665 annis
1081 2583 1127 2694 jn
1170 2585 1346 2666 erastino
1389 2585 1665 2696 apostolorum
1709 2587 1816 2692 petri
1859 2602 1901 2666 et

105 2695 215 2802 pauli
244 2713 286 2776 et
314 2697 535 2805 conuentuj
566 2698 803 2778 nessessaria
832 2726 880 2780 ex
912 2695 1182 2808 prouentibus
1208 2694 1315 2777 dicte
1351 2698 1461 2778 curie
1496 2695 1637 2780 eodem
1675 2694 1740 2779 die
1781 2697 1899 2777 mini·

104 2823 284 2887 strentnr
313 2809 416 2889 Jtem
454 2827 496 2891 rt
525 2807 801 2918 multiplicatis
833 2807 1184 2917 jutersse‘ssorihus
1221 2825 1339 2915 pater
1381 2805 1744 2889 misericordiarum
1785 2807 1904 2890 flaui«

106 2918 181 2997 lius
211 2916 260 3013 ad
293 2919 594 3029 jndulgenciam
625 2918 857 3027 inclinetur.
888 2917 979 3029 lego
1008 2920 1260 3003 monasteriis
1289 2918 1506 3030 junacopie
1540 2919 1779 3029 sskaeningie
1812 2921 1899 3002 cui·
1933 2935 1939 2944 ’

106 3028 202 3109 libet
231 3031 514 3115 Ill‘marchas.
541 3030 722 3139 osspitali
765 3030 1001 3139 sskaeniggie
1043 3059 1162 3115 vnam
1199 3030 1399 3112 marcham
1441 3032 1536 3139 jtenr
1580 3030 1721 3113 eclesie
1763 3048 1900 3116 sancte

106 3141 226 3221 marie
255 3146 395 3224 sscaris
424 3171 470 3225 ac
501 3143 669 3252 reliquis*
694 3142 849 3251 eclesijs
876 3160 917 3223 et
946 3140 1195 3251 monasterijs
1223 3140 1372 3225 ibidem
1401 3170 1493 3225 cum
1522 3143 1702 3253 osspitali
1731 3143 1900 3226 cuilibet

102 3280 219 3331 vnam
249 3253 460 3334 marcham.
498 3254 671 3337 Eclessie
700 3252 744 3362 ju
775 3284 820 3333 ru
853 3254 1068 3361 biargbum
1095 3282 1215 3364 unam
1253 3254 1467 3339 marcham.
1527 3252 1737 3363 Sacerdotj
1773 3254 1899 3337 eciam

102 3378 258 3442 tantum
290 3364 473 3445 Eclessiis
504 3364 783 3447 flrennarudh.
820 3284 1031 3447 duderaas.
1075 3394 1248 3473 grennae.
1292 3382 1380 3457 stro
1413 3382 1453 3447 et
1490 3362 1693 3464 humlaebi
1728 3367 1898 3447 cuilibet

11 3548 17 3557 .
102 3472 156 3553 do
191 3492 231 3553 et
267 3474 357 3583 lego
401 3503 518 3555 vnam
559 3474 759 3556 marcham
796 3476 1149 3560 et-sacerdotibus
1183 3475 1367 3557 similiter
1403 3475 1622 3559 earundem
1665 3474 1899 3559 eclesiarum

100 3580 197 3693 jtem
237 3613 286 3663 ne
314 3585 472 3693 judicer
502 3587 786 3668 beneficiorum
816 3614 863 3667 ac
894 3586 1079 3668 laborum
1108 3584 1292 3696 jngratus
1321 3586 1415 3667 mihi
1445 3587 1727 3695 jnpenssorum
1752 3587 1899 3671 dilecte

102 3696 301 3803 conssortj
330 3726 413 3776 mee
449 3698 634 3777 conllcro
677 3697 968 3777 ambulatorem
1013 3720 1142 3779 meum
1188 3698 1306 3807 rnbej
1345 3698 1503 3779 coloris.
1548 3697 1711 3779 domino
1754 3698 1899 3781 karulo

90 3806 301 3913 sacerdotj
345 3808 404 3887 .X.
443 3806 622 3886 marchas
665 3806 830 3888 domino
868 3805 1031 3913 hirgero
1067 3807 1209 3914 abbatj
1253 3835 1375 3886 vnum
1419 3836 1538 3918 equm
1580 3808 1699 3915 ruhej
1738 3810 1897 3893 coloris.

98 3920 252 3998 aberno
282 3920 573 4026 haemingxsson
603 3946 725 3997 vnum
755 3916 1048 3997 ambulatorem
1076 3932 1118 3999 et
1146 3944 1213 3999 sex
1244 3917 1422 3999 marchas
1451 3919 1710 3999 denariorum
1747 3917 1898 4001 dilecto
1961 3974 1962 3977 κ
1993 3915 2005 3925 ’

100 4030 423 4135 conssanguineo
455 4055 542 4107 meo
571 4026 748 4135 tbukonj
777 4054 905 4136 paruo
947 4054 1072 4109 vnum
1102 4026 1380 4110 dexstrarium.
1426 4056 1557 4109 meum
1602 4028 1828 4110 bernisskio
1858 4048 1898 4112 et

97 4142 232 4219 omnia
264 4169 371 4219 arma
404 4168 488 4219 mea
521 4138 688 4221 l'farnulo
723 4168 811 4221 meo
841 4137 1004 4219 latabur
1032 4138 1116 4219 .ΙΠ.
1145 4138 1328 4221 marchas
1359 4138 1573 4222 benedicto
1603 4140 1896 4247 jngiborghaes·

50 4337 54 4343 ,
95 4276 173 4333 son
202 4243 396 4333 Ilboues
425 4269 464 4333 et
494 4250 533 4328 ΙΙ
561 4278 651 4329 oras
681 4257 853 4330 untione.
883 4248 1031 4358 Magno
1063 4250 1257 4359 laurencij
1296 4251 1378 4331 lilio
1414 4279 1538 4332 senum
1575 4248 1783 4331 herniskio
1825 4251 1895 4332 he·

98 4361 263 4442 nedicto
293 4391 423 4470 paruo
452 4390 573 4441 vnum
605 4391 721 4471 equm
752 4390 842 4441 cnm
875 4389 957 4441 mea
987 4360 1085 4441 cella
1118 4360 1262 4445 dilecte
1291 4362 1370 4444 filie
1399 4391 1484 4444 mee
1513 4360 1654 4471 girdhu
1690 4360 1918 4443 dimidiam

97 4474 297 4553 marcham
329 4502 489 4554 annone
518 4492 558 4552 et
587 4475 762 4554 tunicam
797 4500 921 4553 meam
951 4471 1115 4553 rubeam
1147 4472 1302 4554 Dilecte
1331 4474 1424 4554 llilie
1454 4498 1539 4555 mee
1576 4490 1797 4582 margarete
1834 4471 1914 4557 di*

95 4584 260 4663 midiam
298 4586 498 4665 marcham
534 4610 693 4665 annone
728 4600 768 4662 et
802 4586 979 4664 tunicam
1023 4612 1149 4664 meum
1196 4583 1322 4690 blauij
1365 4583 1523 4668 coloris.
1593 4582 1808 4665 Sororibus
1849 4584 1895 4693 jn

96 4694 303 4793 kumlaebir
333 4724 452 4777 vnam
481 4724 639 4777 vaccam
667 4692 875 4776 et'karelo
912 4692 1091 4775 conifero
1137 4694 1358 4775 libertatem
1395 4722 1441 4775 ac
1484 4724 1608 4775 vnum
1640 4724 1759 4807 equm
1802 4724 1893 4777 eum

61 4832 176 4912 xrna
206 4807 317 4885 cella.
347 4807 451 4888 ebbe
480 4837 602 4888 vnum
632 4832 762 4915 equm.
794 4806 969 4912 paruulo
999 4834 1086 4886 meo
1118 4804 1332 4887 nicholauo
1369 4833 1491 4887 vnum
1527 4834 1660 4917 equm.
1705 4834 1780 4914 pro
1821 4836 1896 4918 pe·

21 4909 25 4916 ⁸
93 4918 216 4999 cunia
244 4917 289 5026 jn
318 4947 398 5028 qua
434 4937 493 4999 est
523 4919 616 4998 mihi
655 4916 828 5024 obligata
867 4919 1013 5025 osspita
1055 4944 1138 4997 mea
1182 4917 1416 5027 sskaeniggie
1457 4918 1729 5029 hiamborggis
1765 4919 1893 5029 jpsa'm
