4317 5975
833 484 890 509 ···
1000 440 1079 523 213
1190 485 1267 539 -,

145 668 319 775 1166.
410 586 498 785 ’,
584 700 590 713 ·
696 710 697 715 ψ
853 673 1003 818 1296
1049 656 1314 829 siuns

210 888 350 956 -Tluride'
366 890 564 975 &menneo
587 859 696 961 brnen
715 890 856 957 Eulelru
875 892 1054 961 Bionnos
1073 895 1576 963 remotissimorum·
1595 898 1606 959 i
1626 917 1746 965 suumn
1765 907 1866 961 emus.
1977 916 1983 922 ·
2059 845 2064 858 ¹

498 1030 546 1041 ··
803 1004 806 1013 '
1019 1030 1079 1045 ·<
1285 1008 1289 1013 ’
1517 1014 1739 1086 essum
1829 1036 1834 1047 ·

275 1144 484 1225 Vniuersis
512 1142 839 1227 christifidelibus
868 1174 1030 1255 presens
1044 1152 1240 1259 scriptum
1269 1142 1540 1246 cernentibus,
1568 1139 1815 1231 Rsnermms
1842 1146 1939 1228 reli·

34 1280 39 1285 ·
134 1254 204 1335 cta
234 1250 389 1337 domini
417 1254 570 1337 israelis
599 1253 953 1366 c'ondamlegiferi
982 1260 1183 1359 tbiundie
1211 1262 1379 1341 salutern
1397 1264 1438 1341 in
1462 1257 1628 1341 domino
1643 1261 1937 1373 sempiternam,

134 1382 283 1445 tenore
304 1367 508 1475 'presentis
537 1366 786 1469 vniuersitati
813 1384 945 1447 vestre
975 1388 1116 1452 notum
1146 1365 1271 1469 facio,
1300 1402 1362 1455 me
1385 1370 1466 1453 lilio
1487 1400 1576 1453 meo
1598 1398 1646 1451 ac
1668 1370 1826 1451 filiabus
1841 1372 1941 1451 meis

136 1486 217 1559 nec
247 1505 332 1557 non
361 1478 537 1589 ipsarum
566 1480 718 1559 maritis
761 1476 868 1560 bona
902 1507 983 1559 mea
1027 1482 1214 1565 videlieet
1241 1482 1505 1566 hereditatem
1534 1497 1658 1562 totam
1695 1510 1817 1595 quam
1847 1495 1940 1595 post
2050 1474 2080 1505 ⁹

15 1584 18 1593 ’
115 1596 298 1695 ‘patrem
329 1618 460 1671 meum
489 1595 530 1670 &
558 1604 724 1669 matrem
759 1586 1003 1671 hereditario
1031 1596 1118 1675 iure
1142 1592 1360 1703 ‘adquisivi
1403 1612 1494 1701 post
1524 1608 1692 1672 mortem
1720 1614 1847 1683 meam
1877 1595 1939 1672 in·

137 1702 351 1810 tegrsliter
379 1701 623 1811 ubicumque
665 1699 819 1781 fuerint
847 1696 1066 1784 constituta
1096 1705 1168 1786 tali
1197 1705 1438 1786 condicione
1479 1703 1690 1815 reliquisse
1719 1700 1833 1814 quod
1861 1702 1940 1813 ipsi

137 1815 182 1894 in
212 1810 483 1893 diebusmeis
510 1808 562 1893 de
590 1811 740 1895 eisdem
768 1812 886 1893 bonis
918 1814 1040 1896 nichil
1071 1817 1170 1897 iuris
1197 1814 1275 1904 sibi
1311 1813 1525 1897 vendicent
1569 1814 1634 1917 uel
1675 1818 1941 1921 usurpent&

171 1924 253 2006 uod
290 1952 366 2033 ego
395 1924 501 2005 bona
532 1950 618 2004 mea
648 1950 729 2035 que
757 1940 852 2035 sunt
880 1922 921 2005 in
951 1926 1097 2006 sweeia
1139 1927 1340 2035 superiori
1382 1928 1423 2007 in
1452 1924 1565 2007 nullo
1624 1927 1804 2034 er'ipsos
1825 1924 1940 2033 inpe-

137 1954 225 2117 dita
255 2034 445 2115 videlicet
473 2034 755 2144 Morgbengeif
777 2040 815 2116 Sc
843 2062 891 2115 ea
920 2038 1053 2117 omnia
1082 2066 1162 2149 que
1192 2036 1397 2118 dewoluta
1426 2052 1522 2118 sunt
1550 1954 1688 2119 adme
1714 2034 1940 2134 iurehere-

138 2144 293 2230 ditario
319 2145 673 2273 ‘uelsquocumque
692 2142 819 2245 modo
849 2146 929 2227 alio
955 2151 1177 2231 euenerant
1206 2150 1325 2228 michi
1353 2168 1447 2262 post
1475 2147 1601 2229 filium
1626 2174 1759 2227 meum
1787 2152 1829 2227 &·
1854 2173 1939 2225 ma·
2051 2211 2059 2224 ,
2116 2164 2119 2176 ·

138 2262 264 2339 ritu-m
294 2256 545 2365 temporibus
573 2272 653 2336 vite
682 2283 768 2337 mee
796 2256 933 2370 quiete
961 2256 1164 2367 possidere
1196 2259 1350 2340 valeam
1379 2285 1424 2340 ec
1439 2253 1577 2341 ‘libere
1613 2258 1814 2355 ordinare,
1841 2284 1941 2339 ven·

138 2370 258 2468 dere„
279 2367 451 2466 donare,
479 2382 726 2451 commutare
753 2364 998 2449 distribuere
1026 2372 1256 2453 &alienare
1284 2368 1503 2451 secundum
1527 2396 1613 2450 mee
1639 2368 1939 2479 beneplacitum
1986 2403 1989 2410 ⁴
2032 2391 2037 2399 ’

140 2480 377 2565 volontatis.
407 2480 457 2558 Jn
488 2481 601 2561 cuius
631 2481 688 2559 rei
716 2478 881 2559 euidens
909 2482 1183 2562 testimonium
1213 2498 1441 2589 presentem
1470 2480 1647 2562 litteram
1662 2480 1821 2589 siggillo
1836 2506 1939 2574 meo,

75 2604 77 2613 '
138 2617 331 2677 necnon
361 2588 683 2677 venerandorum
713 2586 969 2671 dominorum
998 2590 1168 2701 siggillis
1197 2589 1383 2674 videlicet
1400 2590 1553 2673 domini
1576 2591 1742 2700 birgeri
1773 2590 1964 2671 illustris

47 2746 56 2761 s
139 2700 250 2812 regis
291 2729 492 2783 sweorum
520 2700 572 2779 th'
595 2698 773 2783 knutson'
817 2700 1057 2781 marslsalchi
1096 2701 1298 2784 benedicti
1341 2703 1497 2811 legiferi
1538 2720 1807 2809 wesgotorum
1854 2700 1941 2780 lau·
1987 2764 1991 2777 ,

136 2816 269 2895 rencii
299 2812 472 2921 bobierg
500 2813 648 2895 andree
677 2809 1107 2923 prepositivpsalensis
1136 2814 1300 2894 beronis
1328 2814 1420 2896 nell.
1451 2815 1586 2894 thome
1614 2815 1787 2894 lonsson
1819 2812 1940 2891 karu-

136 2928 169 3008 li
199 2950 436 3036 gregerson‚
466 2926 505 3004 8ι
533 2920 771 3034 Rungwaldi
801 2921 962 3007 riwasae
988 2951 1063 3005 son
1093 2924 1192 3008 duxi
1221 2919 1504 3008 roborandam.
1546 2926 1697 3007 Datum
1725 2950 1834 3006 anno
1867 2920 1939 3002 do-
2023 2954 2026 2964 ·

135 3041 252 3121 mini.
281 3031 656 3142 M·.Cc·.Xc·'.v1⁰.
687 3035 820 3116 Mense
850 3036 984 3116 lunio.
1246 3054 1250 3069 ⁷

377 3177 488 3272 Under
509 3175 707 3241 dorurnentet
729 3177 843 3260 benger
865 3181 955 3264 Bjdrn
979 3181 1058 3244 Nels
1079 3178 1185 3264 Sigill,
1207 3179 1258 3244 det
1279 3142 1359 3280 corle
1378 3201 1444 3242 som
1466 3156 1568 3242 blilrit
1589 3177 1702 3240 ditsatt.

147 3544 408 3694 1167.¹
507 3619 511 3628 ,
739 3503 1318 3692 ⁴1296=d¹30Juli
1643 3503 1648 3516 Ι
1739 3506 1981 3692 Upsnla.x

225 3727 369 3846 Ksnikcn
393 3767 402 3826 i
422 3729 542 3850 Upsela
565 3763 647 3828 Creu
668 3763 876 3848 &cnosson
897 3767 1179 3840 Testomeoteriska
1200 3766 1371 3849 anomalus
1392 3787 1444 3830 om
1466 3768 1512 3837 rio
1533 3763 1780 3859 qrerlrltemlep.

462 3895 464 3898 ’
1664 3881 1700 3935 Α·
1716 3883 1741 3951 l·
1861 3950 1863 3955 ,

277 4019 327 4096 Jn
357 4014 520 4098 nomine
555 4017 679 4120 patris
708 4019 748 4096 8r
781 4011 855 4122 filij
885 4020 924 4095 8ι
953 4019 1120 4126 spiritus
1147 4019 1276 4096 suncti
1304 4043 1432 4097 amen.
1489 4015 1591 4098 Cum
1621 4017 1762 4097 mortis
1789 4014 1874 4097 dies
1901 4020 1941 4095 8<

137 4132 244 4210 hore
273 4125 462 4208 omnibus
488 4126 747 4223 stnrincena,
777 4124 926 4207 ideirco
950 4131 1036 4236 Ego
1065 4131 1264 4211 Kaaonus
1293 4129 1531 4210 Ennnuzsorr
1553 4129 1782 4210 Canonicus
1810 4127 1941 4233 Vpsa⁶
2054 4231 2058 4238 ἱ

138 4239 266 4344 lensis
295 4240 389 4320 lieet
420 4263 592 4344 corpore
617 4234 761 4317 debilis
791 4265 864 4344 per
892 4241 1025 4318 onmia
1055 4255 1188 4319 tamen
1216 4265 1382 4348 compos
1411 4241 1556 4319 mentis
1584 4264 1682 4331 mee,
1710 4238 1941 4346 subscripto
1987 4239 1995 4246 ’

138 4348 267 4431 modo
295 4375 426 4430 meum
456 4343 592 4428 condo
620 4353 660 4426 8<
687 4347 835 4429 ordino
858 4364 1181 4445 testamentum,
1225 4353 1275 4430 Jn
1307 4350 1444 4458 primis
1488 4351 1610 4432 Ratae
1639 4357 1678 4430 Sc
1707 4365 1841 4457 gratos
1868 4347 1941 4427 ba·

139 4465 221 4543 beo
252 4487 328 4569 pro
355 4470 470 4570 p‘srte
500 4485 585 4540 mea
614 4459 1245 4567 omnesdonaeionessrtegata,
1277 4488 1361 4570 que
1392 4460 1565 4542 dilectus
1587 4457 1815 4544 auunculus
1831 4483 1941 4540 meus

140 4573 333 4654 dominus
362 4573 424 4653 ,tt
454 4573 695 4680 Jooensson,
726 4568 822 4650 fecit
849 4573 890 4651 in
920 4587 1163 4654 testamento
1187 4572 1452 4679 suoecclesijs
1482 4572 1744 4678 monasterijs,
1773 4578 1812 4651 &
1841 4597 1941 4678 pau·
1989 4644 1998 4654 r
2066 4664 2069 4670 ,

141 4682 324 4794 peribus,
354 4683 498 4791 volens·
520 4685 560 4759 &
589 4707 736 4789 rogans
763 4697 813 4762 rt·
835 4683 1158 4764 sanctimoniales
1175 4685 1216 4763 in
1233 4683 1357 4764 seboo
1381 4685 1698 4765 anniuersarium
1729 4699 1942 4791 parentum

140 4821 324 4876 meorum
355 4793 618 4875 &karissimi
647 4791 790 4872 irat-ris
811 4797 886 4874 mei
915 4792 1050 4874 fratris
1079 4794 1241 4874 israelis
1269 4801 1308 4876 81
1333 4809 1469 4873 'meum
1496 4794 1614 4875 simul
1629 4794 1796 4902 singulis
1824 4793 1941 4889 annis

56 4969 61 4986 .
139 4891 424 5016 sollempniter
451 4921 594 5014 agant,
623 4905 702 4984 Pro
731 4903 937 4986 solucione
966 4921 1101 4986 autem
1121 4905 1352 4987 debitorum
1380 4932 1462 5014 que
1488 4903 1541 4985 ad
1571 4932 1632 4986 me
1660 4934 1709 4986 ex
1740 4918 1941 5013 partepa·
2036 4921 2040 4930 ·

139 5019 217 5108 tris
246 5018 324 5099 mei
352 5019 559 5128 pertinent
585 5015 851 5112 &gsimilite'r
875 5043 953 5130 pro
994 5015 1456 5101 solucione-debitorum
1483 5043 1587 5128 ‘que
1630 5042 1693 5099 me
1730 5041 1781 5096 ex
1823 5029 1940 5123 parte
2057 5103 2062 5118 Ι
