4317 5975
728 289 731 296 ’
820 356 889 414 ·--
974 342 1075 483 ‘sas
1177 348 1251 417 aa

127 566 211 653 hns
241 562 541 653 'venerabilibus
571 566 757 678 patribus
784 568 1052 681 suffraganeis
1082 574 1248 669 nostris,
1281 566 1531 661 etdiscretis
1553 573 1642 681 alijs
1657 577 1820 657 actioni
1849 576 1934 657 cui·

15 772 16 777 Ν
118 682 255 779 iiber,
285 710 332 761 au
360 683 422 762 liti
455 682 788 780 omninouessit,
832 710 913 792 que
942 683 1050 790 jnter
1077 682 1349 767 venerabilem
1399 704 1553 793 patrem
1595 684 1802 768 dominum
1845 687 1936 787 isa·

129 822 226 875 rum
254 813 590 908 straengepeusem
642 794 888 902 Episcopum
916 822 964 873 ex
994 807 1072 873 vna'
1117 811 1252 903 parte,
1290 812 1338 875 ‘et
1367 797 1498 903 ipsum
1526 795 1734 879 dominnm
1765 802 1857 879 Dan
1877 810 1937 878 ‘eir

131 905 273 1001 altera,
302 905 559 1014 supercurijs
575 902 874 1013 mundisthorp,
900 920 942 985 et
964 904 1356 1013 Nirraethaegnaebir‚
1385 923 1426 986 et
1455 907 1597 1016 predio
1619 910 1664 1018 jn
1678 910 1937 1017 sidraethaeg·

130 1016 256 1115 nesbit
286 1019 524 1097 renuncians
554 1016 715 1125 penitus
742 1034 785 1097 et
811 1036 999 1125 expresse
1027 1020 1136 1096 omni
1178 1018 1259 1124 ju'ri
1300 1018 1445 1127 siquod
1475 1020 1509 1099 ei
1547 1020 1591 1128 jn
1636 1021 1753 1102 dictis
1792 1020 1937 1127 συνῇς,
2010 1109 2014 1117 .

129 1147 175 1209 et
202 1139 342 1209 earum
372 1125 632 1237 pertinenciis
660 1128 934 1236 competebat,
964 1129 1141 1209 Litteras
1167 1130 1304 1209 omnes
1337 1130 1716 1230 eciemreuooauit,
1745 1160 1937 1243 queonm-

133 1257 308 1351 qne,.et
336 1240 413 1321 sub
441 1240 726 1348 qualicumque
755 1256 894 1319 tenore
922 1242 1087 1347 jnuente
1118 1238 1287 1336 fuerint,
1317 1239 1498 1322 confecte
1527 1272 1650 1351 super
1678 1242 1754 1349 hijs
1784 1245 1848 1325 vel
1866 1244 1940 1323 bo·

132 1352 199 1433 nis
227 1352 315 1460 aljis
339 1351 404 1447 ¹de
441 1349 590 1459 quibus
618 1349 726 1457 jnter
767 1351 895 1460 ipsos·
914 1351 1085 1459 litigium
1116 1353 1289 1461 estitit,¹
1314 1379 1531 1461 earumque
1562 1356 1819 1435 renunciauit
1847 1357 1939 1465 qui·-

132 1460 615 1545 buslibet-munimentis.
645 1461 775 1569 Super
798 1462 899 1543 silua
917 1491 1013 1543 vero
1031 1462 1216 1571 birringi
1245 1489 1286 1543 se
1315 1491 1386 1543 sue
1404 1468 1602 1553 commisit
1632 1468 1765 1573 gracie
1794 1496 1936 1575 quam·

129 1602 309 1683 cumque
339 1574 414 1655 sibi
444 1572 814 1663 faeerevoluerit,
841 1578 978 1683 'super
1016 1574 1093 1655 hoo
1130 1572 1443 1680 fidedignorum·
1468 1578 1699 1655 testimonio
1727 1580 1956 1687 requisito·
2011 1591 2018 1609 '

134 1688 189 1766 ΙΝ
218 1688 332 1766 cuius
374 1686 649 1787 testimonium
691 1711 771 1764 vna
813 1713 903 1764 cum
946 1684 1079 1791 sigillo
1129 1705 1288 1782 nostro,
1332 1686 1459 1793 sigilla
1492 1686 1764 1795 predictorum
1792 1688 1939 1774 suffra-

135 1822 357 1904 ganearum
388 1812 640 1892 nostrorum‚
681 1812 722 1875 et
750 1796 875 1903 ipsius
904 1798 1066 1875 Domini
1096 1797 1185 1890 Dan
1216 1799 1470 1905 presentibus
1499 1814 1595 1877 sunt
1622 1827 1811 1907 appensa.
1861 1802 1940 1878 Da·

131 1924 222 1987 tum
253 1924 294 1987 et
323 1910 456 1989 actum
473 1909 639 2016 taeighis,
668 1911 788 1987 Anno
810 1909 974 1988 Domini
1002 1908 1213 2005 Maced,
1244 1908 1396 2015 primo,
1426 1908 1469 2016 jn
1500 1911 1828 1992 concilionostro
1845 1938 1940 2020 pro·

123 2020 315 2102 'nine-iad.
1425 2029 1428 2038 “

469 2127 598 2210 Sigideu
621 2130 680 2190 Nzo
705 2128 833 2211 1-3‚'7
854 2126 1005 2204 skeded05
1026 2126 1110 2209 4-6
1130 2127 1317 2205 hortunam
1339 2146 1495 2190 remsornu
1517 2096 1605 2210 qui'.

133 2486 318 2640 mss.
799 2494 936 2601 1301
989 2494 1039 2601 a.
1096 2497 1126 2601 s
1182 2498 1290 2601 nn.
1624 2492 1960 2599 senium:

221 2684 356 2765 Konung
377 2641 505 2745 Bnesris
527 2680 722 2744 Sladffistelse
744 2682 784 2765 pu
809 2683 889 2744 Herr
908 2683 1061 2763 Ambjo‘rn
1085 2683 1348 2744 Sistenssous'oeh
1367 2682 1656 2765 CarlGregerssons
1670 2682 1743 2767 hyle
1765 2682 1802 2743 af
1819 2680 1939 2763 Sydra-

272 2768 367 2849 lystre
390 2779 455 2829 mot
476 2766 610 2845 saresta,
640 2766 710 2827 med
733 2768 845 2843 vilior,
867 2777 913 2829 eti
932 2767 992 2830 deu
1011 2788 1076 2828 som
1101 2767 1236 2829 diriores
1262 2767 1303 2850 pa
1323 2767 1428 2851 hytet,
1450 2767 1499 2827 sir
1520 2767 1684 2845 ersetlning
1707 2767 1896 2827 iliorunda.
2000 2784 2007 2798 ⁵
2055 2848 2059 2864 Ι

1646 2884 1680 2935 Α.
1697 2884 1722 2937 6.
1740 2898 1754 2932 s
1773 2876 1805 2945 *).
1909 2943 1913 2953 Β

248 2986 451 3068 Braemos
485 2986 550 3067 dei
586 2987 721 3093 gracia
756 3013 945 3067 sueorum
987 2984 1301 3094 Gothorumque
1341 3015 1433 3080 rex,
1485 2986 1686 3066 Omnibus
1731 3004 1937 3092 presentes
2023 3078 2027 3086 Ι

140 3101 298 3180 litteras
322 3099 580 3206 inspecturis,
616 3097 794 3177 salutem
815 3098 858 3177 in
884 3094 1050 3178 domino
1087 3099 1557 3204 sempiternamTenore
1587 3125 1838 3205 presencium
1867 3125 1940 3176 no·
2048 3183 2056 3202 ι

139 3227 223 3290 tum
255 3208 420 3289 facimus
449 3210 657 3304 vniuersis‚
686 3207 797 3318 quod
828 3212 870 3288 in
900 3210 1104 3316 presencia
1136 3225 1273 3288 nostra
1297 3209 1451 3289 nobiles
1481 3210 1576 3305 viri,
1606 3208 1793 3289 dominus
1822 3207 1940 3286 aber-

19 3423 27 3432 ·
140 3349 217 3400 nus
245 3322 489 3416 sixtensson‚
518 3337 559 3399 et
587 3318 752 3400 karolus
780 3324 1016 3427 gregorison
1046 3321 1405 3399 commutacionem
1437 3318 1466 3430 ¹]
1503 3322 1793 3427 possessionum
1837 3319 1941 3398 fece-

31 3448 42 3460 '
137 3447 235 3511 runt
264 3433 307 3509 in
335 3433 445 3512 hunc
474 3431 648 3528 modum,
678 3431 865 3511 videlicet
894 3431 1005 3540 quod
1035 3432 1120 3538 ipse
1149 3429 1336 3511 dominus
1367 3433 1551 3512 ahernns·
1570 3431 1740 3510 insulam
1771 3429 1969 3545 sidhpa·'
2013 3461 2017 3472 ’

25 3562 31 3578 ’
141 3542 317 3654 lustra2)
359 3571 449 3623 oum
493 3544 683 3625 omnibus
726 3545 808 3622 suis
835 3543 1112 3652 pertinenoijs
1157 3571 1276 3652 quam
1308 3541 1384 3622 sibi
1423 3541 1604 3622 dedimus
1639 3541 1768 3646 eidem
1800 3541 1941 3622 karolo

141 3656 372 3761 assignuuit‚
387 3655 584 3763 recipiens
602 3654 654 3734 ab
670 3682 718 3734 eo
734 3653 918 3762 predium
934 3651 1106 3734 suumin
1124 3653 1327 3734 sialastum
1348 3653 1378 3762 ³)
1409 3682 1498 3732 oum
1517 3656 1597 3732 suis
1615 3651 1647 3764 4)
1677 3652 1941 3760 pertine-neijs

139 3768 452 3876 quibuscunque
467 3783 668 3874 perpetuo
684 3764 983 3874 possidendum,
1012 3793 1057 3844 ea
1087 3765 1324 3844 condicione
1353 3763 1521 3857 adiecta,
1551 3761 1663 3874 quod
1695 3765 1727 3842 si
1759 3763 1941 3846 redditus

144 3877 425 3986 prouenientes
454 3879 504 3958 de
524 3879 711 3984 predicta
742 3877 871 3955 insula
909 3877 1151 3956 excesserint
1184 3874 1366 3954 redditus
1398 3875 1530 3982 predij
1560 3875 1657 3954 dicti
1676 3875 1709 3986 ⁵)
1753 3877 1793 3954 in
1824 3877 1939 3952 siala-

142 4007 269 4085 stum,
299 3990 383 4097 ipse
414 3986 577 4068 karolus
607 3989 770 4068 domino
801 3987 953 4066 aberno
997 3989 1106 4065 iuxta
1152 3987 1444 4066 estimacionem
1487 3985 1749 4064 discretorum
1780 4001 1981 4064 tantum.
2089 4031 2099 4054 ·

15 4109 58 4202 ’,
141 4104 181 4179 in
212 4095 436 4180 redditibus
464 4102 505 4182 in
535 4101 744 4207 prouincia
774 4095 1011 4206 norundefi)
1041 4092 1253 4177 refundere
1285 4114 1489 4208 teneatur,
1519 4097 1558 4174 Si
1576 4123 1672 4175 vero
1703 4099 1939 4204 premissum

143 4211 324 4321 predium
355 4213 397 4289 in
426 4211 628 4290 siaiastum
659 4211 750 4319 pius
777 4211 946 4291 soluerit
975 4211 1183 4288 annuatim
1214 4236 1334 4317 qnam
1379 4207 1561 4316 predicta
1592 4207 1723 4286 insula
1752 4206 1939 4305 sidraiir-

33 4405 37 4414 ,
142 4345 221 4405 stra
241 4324 294 4435 7),
324 4323 428 4402 idem
458 4322 833 4404 dominusabernus
863 4323 938 4429 ipsi
956 4318 1309 4400 karoloconsimili
1340 4322 1504 4399 racione
1534 4321 1574 4398 in
1603 4319 1740 4402 eadem
1771 4321 1939 4428 prouip·
2024 4333 2066 4394 '.

122 4439 201 4517 ‘cia
229 4434 455 4515 satisfacere
484 4450 687 4529 teneatur,
719 4433 802 4514 Nos
831 4434 956 4540 igitur
984 4428 1599 4542 commutacionemhuiusmodi
1623 4459 1672 4508 ex
1703 4455 1812 4508 mero
1841 4459 1939 4510 con-

139 4546 262 4629 sensu
287 4547 495 4653 utriusque
526 4547 652 4653 pertis
674 4563 757 4624 tarn
786 4545 1039 4637 ritefactam,
1071 4559 1198 4622 ratam
1227 4561 1265 4622 et
1295 4541 1599 4622 irrenocebilem
1631 4556 1713 4620 esse
1744 4537 1934 4634 volentes,

142 4663 265 4769 ipsam
296 4661 536 4738 auctoritate
565 4663 673 4764 regia
702 4657 996 4752 confirmamus,
1025 4657 1074 4734 Jn
1098 4657 1212 4734 cuius
1245 4655 1514 4734 testimonium
1536 4650 1836 4733 eteu'idenciani
1855 4654 1939 4763 pie·

138 4811 412 4830 *unu-

182 4875 207 4947 *)
230 4871 287 4930 En
306 4882 401 4929 annal
414 4865 679 4953 Originalflmaes
698 4867 743 4947 as
756 4866 965 4945 sammabref,
977 4865 1050 4926 med
1059 4832 1216 4947 frilliande
1232 4865 1401 4926 olikbeter:
1427 4868 1452 4941 ν)
1466 4861 1643 4946 prediorum
1666 4873 1697 4924 et
1718 4867 1938 4945 possessiomrm

225 4959 255 5032 2)
277 4951 472 5036 Sydmdustm
495 4951 526 5028 3)
546 4948 776 5032 Spudasium-d)
798 4952 857 5012 suis
879 4951 965 5012 utesl.
986 4948 1017 5028 5)
1038 4947 1172 5033 predicti
1193 4947 1292 5033 predii
1313 4945 1344 5026 6)
1367 4945 1522 5010 norrunde
1545 4951 1575 5029 7)
1597 4945 1816 5030 Sydraiiustra.
