4317 5975
775 278 1549 479 ..I-334...

208 665 212 673 Ι
294 550 337 651 in
367 562 574 679 posterula
604 564 774 650 fideliter
801 562 1067 677 impendendi,
1107 564 1267 661 tibere,
1290 552 1453 677 p'enitus
1477 580 1531 647 et·
1547 580 1752 674 exempta,
1780 567 1840 645 lta
1865 560 2031 685 quorl‘per

295 681 428 760 omnia
458 675 597 761 eadem
626 678 814 760 libertate
831 675 1044 793 gaudeant
1066 706 1153 791 ,qua
1182 680 1306 759 ceteri
1334 678 1533 787 gaudent,
1562 676 1634 787 qui
1662 676 1779 759 nobis
1803 704 1889 759 cum
1912 680 2032 769 dextra·

294 787 367 897 rijs
393 792 577 871 seruiunt
607 790 846 899 phaleratis,
874 788 1140 871 Prohibemus
1178 790 1302 897 igitur
1331 791 1501 899 nequis
1545 786 1750 880 bonesen
1780 806 1949 897 personas
1969 826 2036 903 pre.
2097 814 2101 825 ·

160 908 167 923 '
293 902 431 983 missas
459 916 601 983 contra
631 898 859 981 huiusmodi
876 917 1054 981 nostram
1071 902 1301 997 tuicionem,
1330 902 1533 1010 inpetere,
1561 928 1749 1006 grauate,
1776 926 1841 979 seu
1870 903 2034 991 molestare

295 1028 520 1121 presumat,
548 1013 654 1092 sicut
680 1014 856 1120 graciam
886 1027 1064 1093 nostrarn
1095 1012 1262 1120 diligere
1286 1012 1488 1093 voluerint
1515 1010 1775 1105 inoffensam,
1803 1010 1937 1094 Datum
1950 1020 2036 1099 Anru

293 1120 446 1205 domini
480 1120 710 1219 lllillesimo,
742 1121 1064 1205 Trescentecimo
1092 1122 1289 1220 seeundo,
1319 1124 1450 1205 vtw.
1480 1120 1640 1203 kalend.
1667 1122 1865 1203 octobris.

392 1290 398 1301 ⁴
491 1265 541 1331 Pa
551 1255 751 1349 frinsidan:
773 1266 938 1348 Priuilegia
960 1266 1076 1348 regalia
1097 1268 1242 1351 episcopo
1262 1266 1486 1329 scamn'date
1508 1264 1561 1327 srtl
1582 1266 1687 1327 stricte
1708 1264 1886 1348 aliqualiter.

710 1380 832 1464 sigillet
853 1382 1014 1449 burtsallet
1032 1384 1104 1447 trtr
1125 1380 1185 1447 den
1206 1403 1245 1445 ur
1264 1384 1387 1447 bresret
1408 1382 1529 1469 llippto
1552 1402 1683 1445 nemun

269 1680 474 1893 4369.
942 1744 1090 1859 1302
1139 1746 1189 1851 d.
1239 1786 1266 1889 7
1315 1742 1430 1851 Oet.

154 1906 161 1922 Ι
283 1938 297 1956 ’
322 2028 326 2034 ,
374 1964 511 2046 Konuug
532 1961 662 2027 Binum
682 1961 760 2027 broi
776 1966 827 2028 ter
846 1964 960 2029 entre
981 1964 1085 2029 Jelob
1106 1966 1144 2027 el
1159 1964 1296 2031 llallnnd
1318 1966 1378 2027 ocb
1400 1964 1473 2027 llere
1496 1964 1619 2029 ornos
1640 1960 1815 2047 llyltingnr,
1837 1961 1976 2025 attslulit
1992 1962 2042 2027 ‹lrn

341 2140 345 2145 ³
425 2055 488 2110 rttt
506 2048 545 2109 el
560 2046 697 2131 Kouung
720 2047 830 2127 Erill
849 2048 1009 2115 maman
1031 2047 1093 2109 orb
1115 2050 1296 2141 emedlertid
1318 2050 1401 2129 gilas
1423 2047 1494 2111 tem
1517 2044 1644 2131 tillllylt
1665 2048 1674 2108 i
1697 2046 1832 2124 Sverige.

1824 2158 1947 2232 etp.

404 2296 612 2381 Universis
671 2312 856 2380 rarenter
892 2298 1046 2381 litteras
1081 2296 1321 2407 inspecturis
1361 2296 1563 2379 Bauer-:nus
1591 2294 1657 2379 dei
1686 2298 1822 2405 gracia
1863 2294 2043 2375 Svecorun

290 2408 606 2521 Gallorumque
631 2326 721 2492 Rex
748 2406 919 2491 salutem
948 2410 990 2490 in
1018 2408 1185 2493 domino
1213 2406 1498 2515 sempiternam
1516 2408 1667 2491 Notum
1697 2408 1865 2489 lecimus
1893 2434 1958 2515 per
1981 2416 2050 2512 pre

286 2537 424 2603 sentes
452 2548 575 2603 noso
606 2522 701 2602 viris
729 2515 807 2600 fide
839 2516 973 2631 dignis
1002 2523 1196 2603 veraciter
1231 2518 1438 2617 didicisse,
1481 2520 1591 2631 qvod
1621 2518 1857 2628 magnificus
1896 2517 2047 2623 Princeps

291 2630 478 2715 dominus
506 2632 649 2713 Erieus
676 2632 884 2711 Danorum
913 2631 1207 2742 Slavorumqve
1242 2630 1347 2727 Rex,
1389 2630 1514 2712 frater
1549 2647 1687 2713 noster
1729 2628 1919 2723 dilectus,
1939 2651 2045 2734 ‚super

289 2741 440 2838 causis,
468 2768 568 2853 qvas
594 2743 681 2851 ipse
711 2739 916 2821 nobilibus
943 2746 1060 2839 viris,
1089 2734 1282 2839 dominis,
1310 2742 1482 2839 Jacobo,
1520 2740 1657 2846 comiti
1686 2738 1921 2834 llallandie,
1957 2738 2046 2819 Petro

289 2851 448 2935 Jacobs.
478 2852 689 2935 domicello
718 2851 888 2934 Nicolao
915 2868 957 2935 et
989 2853 1174 2933 lobanne
1203 2854 1394 2935 Peterson
1425 2852 1475 2933 de
1516 2878 1644 2961 reguo
1679 2850 1804 2933 Dacie
1835 2848 1998 2959 profugis
2013 2859 2048 2949 et

289 2964 530 3076 proscriptis
557 2965 814 3076 imposuerit,
842 2963 1004 3046 eosdem
1035 2963 1192 3046 nobiles
1219 2980 1360 3045 contra
1389 2962 1590 3074 justiciam
1619 2978 1660 3044 et
1689 2962 1798 3074 leges
1826 2962 1950 3072 patrie
1974 2954 2047 3037 mul·
2092 2978 2094 2990 ·

289 3076 322 3157 ti
354 3077 486 3159 liciter
512 3090 750 3185 aggraverat
776 3091 818 3156 et
846 3073 1006 3156 eosdem
1022 3077 1076 3158 ab
1091 3079 1179 3158 aliis
1206 3073 1688 3186 procuraveratindebite
1717 3071 2048 3180 molestari;.qvan

289 3107 353 3268 ub³
375 3215 459 3268 reru
487 3185 539 3268 ad
568 3186 805 3295 petitionem
847 3201 890 3266 et
918 3188 1146 3268 instantiam
1191 3186 1320 3268 incliti
1349 3185 1545 3297 principis
1587 3184 1740 3266 domini
1770 3186 1830 3266 Ha
1862 3182 1949 3266 enni
1973 3177 2048 3284 regit

288 3299 492 3407 Norvegie
519 3295 688 3378 illustris
716 3296 852 3376 fratris
880 3299 1009 3378 nostri
1037 3298 1248 3394 carissimi,
1276 3299 1531 3406 promisimus
1558 3293 1705 3378 eisdem
1736 3215 1939 3377 nobilibus
1970 3289 2047 3372 bont
2100 3322 2104 3333 ·

289 3406 393 3505 fide,
421 3405 533 3519 qvod
561 3432 639 3517 pro
668 3407 765 3517 ipsis
793 3421 834 3488 et
870 3431 1011 3488 eorum
1053 3407 1192 3488 liberis
1227 3407 1452 3518 praedictis,
1494 3406 1710 3489 efficaciter
1747 3407 1938 3518 placitare
1964 3398 2049 3480 volu·

288 3525 400 3616 mus,
426 3545 474 3602 ae
503 3520 600 3628 ipsis
627 3545 744 3626 opem
774 3532 965 3630 praestare
995 3520 1324 3616 convenientem,
1352 3535 1399 3599 nt
1428 3542 1505 3628 pro
1529 3519 1687 3628 injuriis
1713 3535 1756 3598 et
1785 3517 1963 3626 dampnis
1987 3509 2051 3590 illa·

288 3633 344 3713 tis
369 3627 536 3725 eisdem,
563 3627 764 3737 justiciam
793 3630 983 3740 consequi
1028 3628 1188 3710 valeant
1216 3645 1256 3710 et
1286 3655 1363 3739 pro
1388 3631 1519 3711 causis
1546 3628 1603 3709 eis
1631 3631 1830 3738 impositis
1859 3623 2050 3710 excummu-

288 3768 381 3823 nem
413 3740 578 3851 legalem
619 3767 691 3820 seu
721 3740 956 3847 legittimam
986 3739 1140 3834 lacere,
1168 3739 1389 3823 meandum
1418 3743 1548 3822 Deum
1577 3757 1617 3821 et
1643 3740 1870 3848 justiciam,
1897 3747 2000 3818 et‘ut
2021 3731 2049 3809 iu

231 3869 234 3880 '
285 3855 392 3936 veris
418 3865 459 3932 et
487 3851 723 3961 approbatis
752 3847 866 3932 libris
893 3852 1007 3958 regni
1036 3851 1159 3932 Dacis
1195 3849 1391 3962 legalibus
1419 3851 1673 3948 continetur,
1717 3879 1794 3932 nec
1824 3877 1906 3931 non
1932 3861 1969 3927 et
1992 3865 2050 3922 me·

285 3963 451 4045 moratis
479 3961 686 4045 nobilibus
713 3977 754 4040 et
786 3989 925 4044 eorum
969 3962 1108 4044 liberis
1150 3961 1412 4071 supradictis,
1461 3961 1662 4070 refugium
1704 3965 1746 4044 in
1789 3987 1915 4068 regno
1942 3969 2051 4036 nostro

187 4091 191 4099 “
254 4089 261 4095 '
286 4073 528 4170 concedere,
556 4074 590 4152 si
621 4097 781 4152 necesse
810 4071 952 4170 fuerit,
980 4089 1022 4154 et
1049 4073 1107 4152 eis
1136 4073 1341 4156 ridebitur
1369 4089 1638 4182 oportunum,
1669 4099 1745 4154 nec
1765 4074 1876 4181 ipsos
1898 4069 2052 4151 deseras

283 4184 474 4267 volumus
501 4211 525 4262 a
554 4183 703 4262 nostris
730 4181 973 4291 specialibus
1000 4183 1133 4290 gracia
1149 4198 1191 4262 et
1215 4183 1365 4266 lavore.
1395 4185 1443 4266 ln
1470 4181 1588 4290 cujus
1616 4185 1672 4264 rei
1703 4183 1968 4264 testimonium
1994 4197 2052 4254 unt

147 4345 156 4359 =
285 4325 378 4378 cum
407 4293 540 4404 sigillo
570 4311 712 4374 nostro
740 4291 912 4400 sigillum
944 4291 1096 4373 domini
1141 4294 1249 4396 Erjei
1287 4293 1402 4377 ducis
1444 4295 1579 4374 fratris
1622 4297 1749 4379 nostri
1780 4292 1934 4386 dilecti,
1960 4301 1995 4366 et
2015 4283 2052 4362 si·

285 4408 380 4516 gilla
408 4407 666 4488 dominorum
694 4402 771 4484 Tb.
803 4401 1039 4484 Marscalehi
1077 4406 1206 4485 nostri
1254 4423 1307 4498 ct,
1332 4405 1473 4486 aberni
1518 4407 1718 4488 sinstoins.
1760 4402 2050 4517 consiliariorum

284 4535 518 4599 nostrorum
547 4517 813 4628 praesentibus
840 4530 935 4594 sunt
965 4541 1158 4624 appensa.
1192 4515 1339 4600 Datum
1356 4513 1633 4602 annodomini
1662 4515 1712 4599 M.
1742 4517 1858 4602 CCG
1886 4512 1934 4594 ll.
1960 4525 2051 4588 nonu

288 4629 492 4713 Octobris.

1836 4889 1947 4992 ¹37⁰·
