4317 5975
825 526 882 545 ..
992 482 1068 591 39¹
1186 528 1244 549 ..

60 674 308 871 ,¹397
447 853 451 861 .
646 688 649 691 ⁴
784 674 1304 861 13o3d.18blaj.

215 934 436 1000 llilsmarslea
458 934 607 999 Tuosne
640 931 801 998 Kana-sors
834 937 1000 1019 Bytesbrel'
1027 936 1096 999 med
1133 935 1360 1018 lrlehislopen
1393 936 1459 997 Nils
1480 936 1613 998 rb'rande
1633 940 1727 999 duno
1749 938 1852 1004 Amub
1872 938 1931 1001 oab
1973 992 1976 997 ,

263 1020 393 1085 ffinrne
414 1030 495 1083 unat
514 1020 631 1101 gdrdeu
651 1016 808 1099 ducerer,
830 1022 923 1105 jemte
945 1021 1074 1083 stralild
1098 1020 1309 1108 mellangilt'd
1334 1020 1565 1091 llilsmarslens
1586 1020 1659 1083 sida.

1681 1136 1799 1211 ΜΛ.
1906 1206 1932 1221 ,Ι
2052 1182 2056 1193 .

241 1271 446 1353 Omnibus
475 1286 680 1378 presentes
699 1271 851 1353 litteras
879 1272 1132 1382 inspecturis,
1161 1270 1421 1353 Turnuuuus
1452 1296 1661 1355 nuurssou
1691 1272 1931 1354 marscalcus

134 1382 289 1470 domini
332 1384 452 1492 llegis
490 1410 693 1465 sweorum
737 1386 922 1480 illustris,
964 1386 1139 1466 Salutem
1180 1386 1220 1464 in
1251 1383 1417 1464 domino
1459 1386 1742 1492 sempiternam
1771 1384 1931 1467 Tenore

135 1495 383 1605 presencium
415 1512 607 1577 constare
631 1497 817 1577 volumus
844 1498 1056 1577 euidenter
1100 1498 1184 1577 Nos
1220 1524 1311 1577 cum
1358 1498 1584 1576 reuerendo
1613 1514 1726 1604 patre
1756 1498 1930 1578 Domino

98 1604 101 1609 ’
132 1606 302 1688 Nieolao
331 1606 470 1686 diuina
501 1608 759 1689 miseracione
779 1609 1084 1717 archiepiscopo
1107 1607 1319 1716 upsalensi,
1349 1604 1549 1716 quandam
1576 1607 1807 1715 prediorum
1840 1638 1931 1717 per·

23 1792 30 1812 ,
87 1720 401 1798 ‘mutacionem
431 1719 570 1799 fecisse
599 1722 638 1799 in
669 1720 778 1800 bunc
809 1720 989 1815 modum,
1019 1721 1159 1800 Dictus
1188 1719 1292 1798 enim
1322 1715 1509 1798 dominns
1549 1718 1737 1799 Nicolaus
1778 1720 1931 1799 archie-

133 1831 333 1938 piscopus,
365 1829 482 1909 nobis
510 1849 550 1910 et
580 1835 724 1911 nostris
753 1830 967 1912 heredibus
984 1831 1133 1915 dimisit
1162 1846 1203 1909 et
1232 1830 1451 1936 assignauit
1472 1829 1634 1910 totalem
1666 1846 1820 1938 partem
1839 1856 1932 1939 pos·

117 1942 320 2028 ¹sessionis
350 1943 390 2019 in
421 1941 548 2021 insula
580 1958 732 2050 ampnet
762 1942 836 2024 sibi
860 1945 1111 2034 attinentem,
1141 1940 1329 2020 videlicet
1346 1939 1479 2019 decem
1512 1959 1553 2019 et
1581 1957 1676 2020 octo
1695 1968 1796 2024 oras
1824 1957 1930 2022 terre
2012 1993 2018 2003 ι

131 2080 225 2131 cum
253 2051 444 2131 oninibus
470 2054 554 2133 suis
582 2055 813 2160 attinencijs
846 2056 931 2134 iure
956 2072 1155 2162 perpetuo
1185 2049 1478 2160 possidendam,
1509 2079 1585 2159 pro
1606 2081 1683 2163 qua
1703 2070 1817 2161 parte
1841 2080 1932 2161 pre·

132 2162 246 2244 dicto
274 2160 440 2242 domino
469 2164 776 2271 archiepiscopo
820 2165 981 2245 racione
1010 2164 1399 2271 recompensacionis
1432 2161 1614 2243 dedimus
1642 2180 1684 2243 et
1711 2166 1933 2270 assignaui·

133 2304 222 2355 mus
251 2271 454 2355 dimidiam
486 2275 688 2356 Marcham
719 2292 826 2357 terre
855 2279 896 2355 in
924 2278 1052 2355 insula
1070 2279 1295 2368 llisarnum,
1324 2300 1446 2383 quam
1476 2302 1497 2352 a
1528 2275 1702 2355 discreto
1730 2275 1820 2354 viro
1849 2276 1933 2355 Do-

132 2386 244 2465 mino
275 2385 464 2495 philippo¹
492 2385 542 2466 de
585 2386 750 2484 Rurnbir
792 2390 900 2468 iusto
935 2387 1072 2487 titulo
1101 2386 1438 2495 conquisiuintus,
1484 2414 1557 2466 nec
1601 2414 1682 2466 non
1712 2401 1754 2465 et
1785 2412 1930 2467 nouem

2 2537 3 2540 ¹
130 2523 226 2579 oras
254 2512 361 2576 terre
390 2501 429 2577 in
463 2498 554 2577 villa
584 2513 784 2594 usterrur,
813 2526 914 2607 quas
942 2528 964 2577 a
996 2499 1126 2578 nobili
1155 2500 1244 2577 viro
1273 2494 1444 2577 Nicolao
1467 2512 1660 2583 tunesson
1689 2497 1825 2595 titulo
1841 2526 1932 2605 per·

129 2610 372 2689 mutacionis
400 2610 689 2718 acquisittimus
717 2638 807 2690 cunr
820 2611 929 2717 agris
944 2612 1084 2718 pratis,
1106 2609 1230 2701 siluis,
1261 2609 1433 2715 pascuis,
1458 2606 1651 2716 piscarijs,
1682 2603 1936 2705 molendinis,

130 2734 175 2801 et
203 2718 526 2800 molendinorum
557 2721 674 2815 locis,
704 2748 751 2800 ao
787 2720 876 2829 alijs
905 2720 1136 2829 attinenciis
1158 2719 1504 2829 quibuscumque,
1533 2747 1669 2800 verum
1700 2722 1792 2829 quia
1823 2720 1933 2801 bona

16 2896 24 2905 .
131 2834 357 2940 prescripta
381 2856 463 2941 que
490 2859 564 2912 nos
590 2832 747 2940 prelato
770 2830 1256 2940 domino‘archiepiscopo
1271 2828 1470 2926 dedimus,
1500 2829 1742 2939 propredijs
1770 2856 1851 2941 que
1880 2833 1933 2913 ab

127 2968 181 3024 eo
209 2943 433 3052 recepimus
461 2967 503 3023 se
529 2943 582 3023 ad
611 2946 1026 3052 'recompensacionem
1056 2943 1232 3024 debitam
1270 2967 1353 3021 non
1384 2943 1630 3038 extendunt,
1682 2946 1940 3050 recognosci-0

128 3082 221 3134 mus
256 3083 329 3134 nos
357 3057 433 3134 sibi
464 3057 713 3164 promisisse,
748 3053 859 3164 quod
890 3056 1088 3135 delectum
1114 3053 1350 3134 huiusmodi
1380 3054 1689 3163 complebimus,
1719 3056 1759 3134 in
1789 3081 1934 3162 supra·

122 3166 241 3246 dicta
270 3166 365 3246 villa
393 3182 575 3260 psterior
604 3182 676 3245 ant
704 3166 823 3261 alibi,
860 3159 963 3247 sidut
991 3165 1095 3246 idem
1125 3168 1311 3247 dominus
1341 3164 1667 3274 archiepiscopus
1695 3169 1861 3272 gesserit
1890 3193 1933 3247 se
1984 3159 1995 3172 ’

126 3294 389 3372 contentum,
418 3293 459 3356 et
485 3305 556 3356 sue
585 3278 777 3386 placitum
807 3279 929 3360 luerit
958 3278 1178 3373 voluntati,
1207 3273 1505 3356 Transierimus
1534 3279 1658 3383 igitur
1687 3278 1727 3356 in
1757 3304 1847 3355 eum
1871 3280 1933 3358 ius
2024 3357 2030 3366 ,

67 3407 72 3414 ’
128 3381 421 3498 proprietatem
451 3403 493 3468 et
521 3385 761 3483 dominium,
803 3390 1130 3498 supradictorum
1175 3389 1453 3498 bonorumin
1492 3389 1703 3468 Ilisarnum
1748 3387 1935 3477 videlicet

111 3515 175 3579 ·et
203 3516 385 3594 psterror
412 3503 476 3579 lta
505 3500 616 3610 quod
647 3501 815 3580 liberam
845 3499 1077 3581 facultatem
1121 3499 1269 3580 habeat
1312 3497 1449 3577 eadem
1487 3497 1710 3595 vendendi,
1756 3523 1936 3581 commu·

26 3712 38 3720 ⁶
76 3619 81 3623 ’
127 3610 266 3709 tandi,
295 3610 496 3707 donandi,
528 3639 599 3692 seu
627 3612 710 3694 aliu
735 3639 994 3724 quocumque
1025 3610 1336 3692 modovoluerit
1358 3608 1688 3720 ordinandi,pro
1716 3637 1787 3690 sue
1816 3611 1935 3694 libito

132 3724 374 3818 voluntatis,
403 3726 452 3801 ln
482 3725 598 3803 onius
626 3726 683 3803 rei
712 3727 985 3804 testimonium
1015 3751 1094 3803 rna
1124 3751 1213 3802 eum
1244 3720 1377 3828 sigillo
1419 3719 1572 3800 domini
1624 3724 1749 3802 nostri
1793 3723 1933 3831 Regis,

125 3835 246 3944 quod
275 3833 532 3944 presentibus
560 3837 714 3944 apponi
751 3837 940 3942 petimus,
982 3835 1157 3942 sigillum
1190 3847 1369 3912 nostrum
1399 3831 1543 3911 eisdem
1588 3829 1777 3912 duximus
1806 3859 1934 3944 appo·

128 3945 307 4027 neudum
337 3948 487 4024 Datum
503 3973 611 4026 anno
632 3947 784 4026 domini
815 3943 1108 4026 Macccuss’.
1137 3945 1186 4023 ln
1217 3941 1281 4023 die
1306 3941 1414 4022 beati
1431 3943 1537 4022 Erici
1553 3943 1672 4051 Regis
1693 3963 1733 4024 et
1748 3947 1933 4028 martiris.

256 4087 512 4171 Pdsrdnn‘daur
542 4089 582 4150 de
602 4089 730 4150 dimidia
759 4107 862 4149 marca
885 4099 966 4150 terre
987 4088 1017 4149 ia
1039 4087 1219 4148 riisiaeruuru
1242 4095 1273 4146 et
1295 4085 1338 4147 tx
1358 4086 1421 4145 oris
1440 4095 1521 4147 terre
1545 4086 1574 4145 ia
1598 4084 1671 4146 villa
1693 4087 1809 4147 deterdr

403 4205 545 4286 sigillent
567 4209 625 4268 lito
652 4225 661 4265 ι
688 4188 834 4282 sladadl,
857 4206 917 4273 N:o
940 4225 957 4265 a
980 4211 1084 4265 uastari
1106 4199 1272 4278 ostadadt,
1296 4199 1455 4280 lrtngande
1478 4199 1518 4284 pa
1541 4222 1667 4263 temtor.

141 4454 313 4601 1398.
441 4577 447 4588 ‚
785 4453 928 4558 i30'3
975 4450 1023 4556 d.
1072 4489 1142 4556 ao
1189 4449 1307 4591 Maj..

214 4676 351 4758 Konung
371 4677 501 4738 Bmorss
521 4673 752 4750 Fdrllarande,
774 4683 819 4734 att
841 4677 1007 4735 strdmmen
1031 4674 1040 4732 i
1063 4671 1188 4752 Aspwll
1211 4673 1220 4734 i
1244 4673 1302 4734 llas
1324 4669 1434 4732 socleu
1469 4669 1518 4730 vid
1541 4671 1689 4733 altmar-ne
1713 4671 1845 4754 lagligen
1868 4673 1934 4735 till·

269 4763 362 4822 nae
383 4759 551 4820 runnu-n
573 4759 582 4819 t
606 4756 801 4834 stonum,
825 4756 931 4819 istan
953 4757 1009 4818 aer
1030 4759 1159 4840 upplan
1180 4777 1217 4818 en
1241 4777 1349 4838 uer·
1648 4835 1675 4889 D
1701 4853 1716 4907 7
1743 4837 1793 4905 4„

249 4979 452 5058 Bmoauus
480 4973 545 5058 dei
575 4974 709 5082 gracia
739 4973 952 5053 Sweorum
982 4971 1295 5084 Got‘lmru'tnque
1325 4959 1409 5052 llex
1429 4971 1616 5050 omnibus
1646 4971 1934 5078 presenteslit-
2048 5003 2049 5008 Ν

129 5109 245 5173 teras
273 5091 515 5200 inspecturis
544 5086 714 5167 salutem
744 5089 786 5167 in
816 5083 982 5167 domino
1011 5086 1307 5194 sempiternam.
1356 5083 1514 5164 Tenore
1555 5085 1799 5192 presentium
1836 5112 1935 5164 con·
