4317 5975
974 401 1031 425 ..
1144 314 1396 442 323?-

287 584 425 667 abbas
454 574 683 692 predictus,
704 578 847 694 Sigillo
873 593 1040 679 nostro,
1068 579 1155 662 Nos
1170 606 1267 663 vero
1280 577 1527 695 conuentus,
1560 580 1657 690 quia
1672 580 1891 663 secundum
1904 582 2051 691 justitia

288 698 427 779 nostri
451 694 607 777 ordinis
636 690 777 798 Sigillo
808 694 1014 775 autentico
1041 719 1125 774 non
1154 696 1316 790 vtimur,
1344 693 1486 803 Sigillo
1514 691 1756 774 venerabilis
1786 696 1910 802 patris
1936 695 2054 787 donini

296 807 448 890 abrahe
481 806 640 887 abbatis
677 803 937 886 aluastrensis
977 803 1330 912 intestimonium·
1350 820 1391 883 et
1420 806 1623 885 munimen
1660 820 1903 913 perpetuum
1929 807 2055 895 lecints

289 920 504 1047 roborari,
533 917 683 1044 Datum
711 916 910 1026 Lincopie
937 914 1047 997 anno
1076 915 1229 999 domini
1261 917 1478 1014 M⁹,CCC⁰,
1510 914 1602 1026 jpso
1630 914 1695 997 die
1719 916 1984 1026 apostolorum
2006 948 2056 1032 pc-

295 1046 352 1111 ω
378 1044 420 1108 et
449 1027 574 1109 palm·
799 1136 920 1219 sigillet
939 1138 997 1203 lito
1020 1160 1039 1207 t
1059 1134 1238 1212 bortfallett
1266 1137 1325 1201 Nto
1344 1136 1427 1215 2-4
1446 1135 1592 1201 sladtde.

266 1416 477 1668 ptiar.
532 1489 535 1493 ’
911 1500 1063 1611 1300
1110 1504 1158 1609 d.
1208 1502 1239 1608 3
1285 1501 1397 1608 Juli.
1441 1562 1443 1567 .
1813 1500 2055 1653 Strengnis

378 1722 493 1806 Bislop
513 1692 615 1787 lasne
636 1724 645 1784 i
668 1723 830 1803 Strengnas
851 1723 1029 1805 Bytesbrel,
1062 1723 1266 1805 brar-igenom
1289 1722 1394 1805 iordar
1415 1722 1425 1781 i
1446 1722 1536 1783 Mora
1570 1720 1630 1782 oclr
1651 1720 1754 1797 Their,
1788 1722 1880 1804 jemte
1906 1724 2056 1810 mellingill,

288 1851 293 1863 .
430 1809 548 1871 lemnes
569 1808 602 1869 tt
624 1806 820 1869 Holmstanus
840 1806 876 1867 of
893 1807 1078 1889 Grodunge,
1099 1819 1182 1871 emot
1203 1807 1280 1869 bans
1300 1804 1377 1887 glrd
1398 1804 1552 1869 ilitestad
1575 1805 1584 1863 i
1606 1803 1831 1889 ostergttttand.

1843 1920 1956 1975 to...

406 2056 615 2137 Vniuersis
650 2072 853 2164 presentes
884 2054 1037 2137 litteras
1080 2054 1332 2164 inspecturis.
1390 2052 1551 2137 stnus
1595 2053 1662 2137 dei
1703 2055 1839 2164 gracia
1882 2060 2055 2167 episcopus

296 2167 622 2273 Straenginensis,
666 2164 834 2246 salutem
864 2167 905 2247 in
935 2166 1101 2249 domino
1129 2168 1434 2276 sempiternam,
1472 2168 1657 2247 acciones
1685 2170 1762 2247 rite
1791 2185 1920 2277 gestas
1946 2171 2056 2248 conlit-

297 2283 406 2358 m‘are
435 2277 557 2360 debet
587 2277 847 2385 perhennitas
875 2277 1121 2374 litterarum,
1152 2306 1202 2357 ne
1231 2298 1545 2386 corrumpantur
1573 2279 1616 2387 jn
1650 2296 1857 2385 posterum
1881 2306 1950 2387 per
1975 2278 2057 2358 lalla-

295 2392 397 2470 ciam
426 2416 721 2496 peruersorum.
751 2390 929 2468 Noscant
956 2390 1087 2497 igitur
1115 2406 1195 2469 tam
1229 2392 1378 2496 posteri
1407 2416 1528 2495 quam
1560 2390 1754 2487 moderni,
1787 2391 1871 2471 Nos
1899 2418 1980 2468 cum
2004 2390 2054 2470 do·

295 2502 405 2582 mino
433 2499 662 2584 homlstano
691 2497 1000 2606 ‹leGrodungir
1036 2500 1115 2579 tale
1149 2498 1288 2579 iecisse
1317 2500 1594 2580 concambium
1625 2500 1860 2607 prediorum
1890 2500 2054 2598 videlicet,

294 2612 405 2723 quod
428 2612 556 2692 eidem
585 2609 737 2692 curiam
767 2610 807 2689 in
838 2610 998 2692 Morum
1027 2640 1116 2691 cum
1147 2610 1334 2691 omnibus
1362 2611 1443 2690 suis
1472 2611 1726 2720 attinenciis,
1756 2612 1992 2718 acCentum
2015 2613 2053 2695 vi·

294 2726 398 2833 giuti
427 2724 608 2803 marchas
636 2720 891 2802 denariorum
920 2750 1081 2804 necnon
1110 2740 1151 2802 et
1179 2748 1296 2801 vnam
1326 2718 1529 2803 dimidiam
1547 2721 1747 2815 marcham
1768 2739 1886 2803 'terre
1909 2726 1946 2802 in
1970 2722 2053 2813 'lhos

293 2835 563 2915 commisimus
593 2848 634 2913 ct
662 2833 875 2927 soluimuS,
904 2864 981 2944 pro
1010 2834 1120 2914 curia
1136 2858 1206 2926 sua
1224 2824 1508 2941 aelwistadaejn
1526 2837 1706 2943 nstgocia
1724 2862 1848 2945 quam
1863 2834 1971 2914 nobis
1992 2834 2052 2913 iure

293 2961 495 3058 perpetuo
524 2944 674 3026 dimisit
703 2944 955 3052 integraliter
984 2960 1025 3026 et
1048 2944 1245 3055 expresse.
1284 2940 1446 3024 seilicet.
1491 2947 1741 3031 cumtribus
1786 2948 1953 3051 attungis
1978 2962 2052 3026 terre

293 3077 438 3168 quarta
467 3072 585 3165 parte
616 3058 734 3138 vuius
763 3059 922 3163 attungi
955 3059 1084 3137 minus
1114 3083 1203 3136 cum
1234 3054 1468 3164 pecoribus,
1507 3057 1614 3164 agris
1650 3061 1797 3166 pratis,
1837 3057 1962 3154 siluis,
1997 3057 2052 3163 pis·

292 3171 429 3264 curiis,
460 3185 503 3247 et
530 3169 775 3276 ceterisque
806 3168 1008 3275 pertinent
1036 3165 1089 3248 ad
1118 3165 1297 3264 eandem,
1327 3165 1459 3258 buius
1477 3166 1570 3251 lacti
1604 3185 1724 3250 testes
1753 3168 2052 3266 suut‚.D0minus

293 3279 527 3379 Nireholaus
557 3278 801 3385 ingimundae
826 3305 901 3359 son
930 3287 1060 3361 ericus
1089 3295 1319 3376 ostensem,
1363 3279 1664 3360 confirmatores
1692 3307 1792 3360 vero
1829 3281 1898 3390 qui
1925 3275 2052 3384 wlgari·

292 3408 357 3497 ter
385 3388 578 3470 dicuntur
607 3389 739 3469 fastaer
766 3406 862 3471 sunt
889 3391 965 3489 isti,
995 3394 1073 3471 lon
1105 3389 1283 3484 brunon,
1311 3391 1533 3498 haemingus
1573 3391 1873 3486 thorstensson,
1900 3385 2052 3469 Rcmbol·

293 3500 388 3598 dus,
416 3501 614 3606 sigwitlus
642 3517 872 3598 ostensson,
902 3503 1129 3608 ingimarus
1158 3498 1378 3582 dellilsum
1407 3501 1646 3609 Radulphns
1669 3503 1718 3584 de
1749 3501 1949 3612 bogastcn
1979 3499 2051 3578 elar-

292 3611 379 3693 dus.
409 3610 682 3720 Rangwaldus
710 3611 910 3693 sibbaeson
940 3612 1190 3708 Laurencius
1220 3612 1386 3709 domic,
1430 3613 1622 3720 Jngeldus
1651 3613 1701 3700 de
1730 3615 1932 3723 halspang‚
1982 3611 2051 3714 ing·

293 3723 455 3831 ulphus,
485 3739 625 3832 petrus
652 3721 859 3803 ttomasae
886 3750 960 3805 son
990 3726 1105 3803 Jnter
1134 3719 1207 3802 bos
1236 3725 1359 3804 eciam
1377 3725 1551 3832 presenti
1581 3723 2054 3806 commutaciouidominus

292 3835 497 3914 lohannes
526 3835 755 3942 prepositus
783 3851 824 3914 et
851 3853 984 3915 totum
1013 3833 1235 3943 capitulum
1267 3852 1449 3917 nostrum
1475 3863 1633 3916 necnon
1663 3853 1704 3918 et
1732 3837 1800 3916 alii
1823 3833 1973 3916 discreti
1997 3829 2050 3908 viri

271 3947 457 4056 ‚plurimi
484 3943 703 4041 affuerunt,
734 3947 784 4025 ln
815 3949 929 4027 cuius
957 3945 1031 4026 Rei
1059 3947 1333 4027 testimonium
1356 3946 1530 4055 sigillum
1556 3962 1734 4028 nostrum
1766 3963 1807 4028 et
1824 3945 2050 4056 ‘sigillumer-

291 4057 414 4166 'pituli
443 4057 571 4136 nostri
602 4082 765 4136 necnon
794 4075 834 4137 et
861 4057 991 4166 sigilla
1020 4057 1286 4138 discretorum
1317 4057 1528 4166 virorum‚'
1545 4054 1977 4141 dorninorum-E'frardi
2001 4048 2050 4164 def

292 4171 383 4249 cani
411 4167 633 4275 upsalensis
662 4183 701 4245 et
731 4167 917 4248 Nicholai
960 4167 1215 4275 Jngimundae
1250 4195 1344 4266 son,
1373 4186 1413 4249 et
1441 4163 1603 4250 discreti
1633 4171 1713 4252 viri
1739 4171 1848 4252 Erici
1876 4185 2049 4261 ostensem

290 4305 369 4359 vna
399 4307 490 4359 cum
519 4277 653 4384 sigillo
682 4275 834 4359 domini
863 4279 1077 4361 holmstani
1106 4280 1368 4388 supradicti,¹
1394 4280 1648 4388 presentibus
1675 4299 1772 4362 sunt
1801 4305 1959 4363 annexa.
1992 4275 2050 4352 Dt-

292 4408 379 4469 tum
406 4391 642 4497 straengines
671 4417 779 4470 anno
801 4390 955 4471 domini
984 4392 1067 4475 ‚Mt
1089 4391 1223 4473 CCC‘.
1255 4388 1523 4473 indominica
1554 4394 1736 4502 proxima
1765 4410 1857 4504 post
1884 4381 2049 4498 apostolo·

196 4521 204 4530 ’
291 4526 382 4581 rum
411 4503 517 4610 petri
545 4516 588 4580 et
615 4499 739 4608 pauli.
1585 4556 1593 4564 -

467 4639 595 4722 Sigilleu
617 4643 675 4704 Nto
701 4643 791 4731 123,
811 4642 849 4721 4,
870 4639 907 4720 5,
930 4664 948 4726 7
978 4661 1045 4704 mer
1065 4642 1142 4704 eller
1165 4639 1284 4704 mindre
1305 4641 1457 4723 sledude,
1490 4643 1547 4705 ttro
1569 4663 1603 4724 a,
1625 4641 1661 4722 6,
1683 4639 1704 4705 8
1725 4641 1902 4729 bortlallna.
