4317 5975
718 368 729 379 .
887 343 1222 445 'sm
1333 384 1391 413 ,,

290 568 441 729 1552.
611 605 616 613 ·
878 517 1076 721 ⁸130‘7
1122 574 1173 681 d.
1220 498 1457 725 29Maj·

309 835 313 849 .
362 794 514 860 Joamrs
533 790 601 859 dno
680 836 690 854 .
710 812 780 858 roas
797 793 884 857 salu-
902 795 1154 863 attractant
1170 799 1212 885 pt
1232 817 1276 883 aa*
1291 809 1372 863 uret
1394 795 1448 861 rid
1470 748 1637 879 wectari,
1653 797 1701 865 till
1723 798 1856 867 Kauileu
1875 804 2026 883 bruun..

359 902 363 909 ·
413 880 512 943 sudes
531 875 715 940 Thidetuau.
1392 923 1394 932 =
1822 964 1854 1021 λ
1867 958 1890 1022 ι
1905 986 1927 1026 ι
1979 970 1981 978 ¹

388 1088 597 1179 Vniuersis
624 1093 967 1179 christifidelibus
997 1116 1203 1208 presentes
1232 1099 1385 1185 litteras
1401 1101 1543 1185 visuris
1562 1100 1627 1205 vel
1642 1098 1837 1185 audituris
1862 1107 2028 1198 tonum

277 1208 382 1292 lilius
409 1222 462 1291 ou
491 1268 500 1291 .
529 1227 566 1287 ·.‘
572 1268 743 1291 .....
770 1232 1008 1292 concursuri
1061 1210 1241 1293 Salutem
1281 1213 1324 1293 in
1374 1208 1540 1294 domino
1588 1214 1876 1321 sempiternam.
1925 1220 2028 1316 Noua

207 1333 211 1347 ’
276 1320 362 1400 rint
390 1320 567 1401 vniu'ersi
595 1335 800 1429 presentes
836 1323 993 1429 pariter
1021 1338 1062 1401 et
1091 1322 1216 1405 luturi
1246 1351 1308 1405 me
1337 1320 1388 1404 de
1433 1320 1702 1433 cognatorum
1745 1353 1913 1407 meorum
1937 1330 2030 1413 bene·

276 1426 427 1537 placito
457 1434 610 1539 pariter
637 1449 678 1513 et
705 1447 867 1511 assensu
895 1460 1037 1541 agrurn
1066 1460 1191 1513 vnum
1226 1436 1339 1517 iuxta
1380 1451 1621 1517 westraaros
1649 1434 1702 1517 ab
1732 1434 1819 1545 alijs
1844 1456 2028 1547 separatum

275 1551 382 1623 wret
410 1541 618 1651 wlgariter
646 1541 894 1651 appellatum
923 1546 1028 1624 iuter
1057 1572 1200 1651 agrum
1229 1544 1403 1627 nicholai
1433 1546 1880 1659 diotisltimalpaeuning
1905 1550 1949 1631 ab
1973 1556 2030 1634 ori·

152 1640 195 1738 ‘f
273 1652 400 1733 entali
429 1670 546 1763 parte
573 1670 615 1733 et
641 1651 836 1763 quasdam
880 1655 1012 1735 curias
1052 1682 1104 1735 ex
1146 1655 1387 1739 occidentali
1430 1674 1547 1765 parte
1588 1660 1781 1749 situatum
1817 1656 1865 1739 ad
1889 1690 1943 1743 me
1967 1664 2030 1745 iure

273 1762 520 1847 hereditario
547 1764 785 1847 deuolutum
821 1760 993 1866 ‚domino
1032 1764 1297 1849 thidemanno
1338 1768 1536 1851 canonico
1583 1770 1777 1852 arusiensi
1817 1789 1929 1879 prout
1953 1778 2031 1856 iuter

139 1870 143 1881 ’
247 1868 615 1973 ιιιοε.ὀοιιικεικενίῐ
643 1900 721 1984 pro
749 1877 855 1956 iusto
884 1878 1022 1985 precio
1051 1875 1279 1961 vendidisse
1319 1878 1397 1960 sibi
1425 1908 1472 1961 ac
1498 1881 1581 1961 suis
1610 1878 1826 1964 heredibus
1864 1884 1941 1963 iure
1965 1914 2030 1995 per·

181 1997 198 2058 ’.
273 2003 402 2095 petuo
430 1985 738 2095 possidendum,
766 1984 880 2097 quod
907 1990 993 2096 agri
1031 1992 1211 2097 precium
1256 1988 1354 2073 mihi
1396 1990 1577 2099 plenarie
1604 1992 1855 2101 persolutum
1894 1994 1968 2075 lore
1989 2012 2031 2077 ta·

273 2125 375 2178 nore
404 2100 656 2208 presencium
682 2125 928 2204 recognosco
956 2099 1001 2207 jo
1034 2116 1191 2181 tantum
1214 2103 1327 2213 quod
1343 2100 1492 2185 nullus.
1520 2102 1725 2187 hominum
1743 2105 1932 2212 prelatum
1950 2134 2031 2215 cup

272 2226 406 2296 torem
431 2231 555 2319 super
585 2210 833 2318 possessione
860 2207 967 2302 dicu,
987 2211 1073 2319 agri
1102 2210 1249 2295 debeat
1280 2212 1343 2295 vel
1375 2214 1500 2321 possit
1527 2216 1570 2295 in
1598 2220 1807 2325 posterum
1844 2214 2032 2327 aliqualiter

270 2319 467 2430 impetere
495 2320 561 2401 nel
589 2346 762 2429 grauare
790 2320 840 2399 Jn
867 2323 981 2402 cuius
1013 2338 1248 2406 contractus
1289 2322 1542 2409 vendicionis
1569 2352 1617 2409 ac
1644 2327 1865 2435 empcionis
1902 2327 2032 2409 euiden-

128 2484 134 2493 »
228 2466 233 2475 ’
271 2434 372 2512 ciam
402 2427 622 2513 secundum
653 2430 690 2512 le
720 2459 787 2510 um
816 2448 924 2513 terre
952 2433 1324 2543 pronrulgacionem
1346 2452 1465 2519 testes
1499 2453 1596 2517 sunt
1622 2438 1804 2521 inuocati
1832 2436 1925 2520 dicti
1950 2437 2033 2520 fasta

270 2546 343 2653 qui
371 2560 507 2651 partes
541 2460 871 2625 nantuadensium
899 2541 994 2625 hine
1023 2543 1119 2626 inde
1146 2564 1432 2655 cognouerunt
1480 2574 1655 2659 quorum
1704 2550 1866 2631 testium
1906 2551 2031 2630 nonina

271 2668 369 2735 tunc
397 2652 610 2735 consulum
637 2656 897 2735 existencium
925 2654 1154 2765 subscripta
1182 2661 1457 2742 continentur.
1491 2656 1588 2742 Allo
1614 2658 1832 2769 prefectus
1872 2660 2033 2741 Henricus

270 2792 409 2845 crusae.
441 2766 629 2875 magister
655 2764 842 2850 siwrdus.
885 2764 1068 2847 albertus
1094 2796 1168 2877 pes
1204 2768 1330 2879 vlpho
1358 2770 1402 2851 in
1432 2789 1580 2853 moute.
1617 2770 1846 2855 bernardus
1873 2770 2033 2881 kietilhot

239 2876 481 2958 ‘nicholaus
521 2880 799 2959 bicarmaester.
840 2876 1080 2983 benicbiuus
1121 2876 1391 2990 hardarwigh.
1428 2880 1658 2965 thorstauus
1700 2900 1828 2969 sutor.
1878 2880 2033 2964 arnaldus

109 2984 113 2992 ⁴
167 3049 170 3054 -
268 3004 412 3072 sartor.
440 2987 634 3096 thogillus
663 2989 816 3070 hamul.
846 2989 1069 3098 gerbertus.
1114 2991 1272 3072 Olauus
1310 2991 1525 3104 iogiulphi.
1579 2995 1632 3076 Jn
1662 2996 1778 3078 euius
1807 2995 1865 3078 rei
1892 2997 2033 3074 testimo·

248 3102 382 3203 nium
411 3099 588 3206 sigillum
616 3101 791 3182 ciuitatis
819 3117 958 3182 nostre
986 3103 1241 3212 presentibus
1262 3119 1570 3215 estappensum.
1598 3107 1750 3190 Datum
1780 3133 1886 3188 anno
1912 3103 2033 3190 donini

121 3212 125 3222 '
247 3208 343 3292 'tlt
371 3211 506 3292 CCC‘.
534 3211 646 3291 Vll&
674 3212 773 3292 llll‘
804 3209 966 3293 kalend.
994 3211 1096 3320 iunij
1123 3213 1167 3326 *).
1449 3261 1454 3270 ·

853 3352 977 3436 sigillet
997 3355 1078 3418 bron
1098 3355 1109 3417 i
1129 3375 1188 3418 ena
1208 3356 1324 3420 lauteri
1344 3355 1490 3422 sladadt.

209 3741 454 3943 assa..
644 3750 647 3754 ’
911 3738 1059 3950 1367
1108 3789 1157 3901 a.
1205 3793 1274 3904 31
1326 3791 1441 3941 uaj.
1739 3791 2036 3938 nartemrg.

233 4046 236 4054 .
348 4004 459 4088 Hertip
480 4003 700 4070 Castrorum
720 4008 759 4070 af
774 4006 912 4074 Hailand
932 4008 995 4076 och
1015 4014 1125 4078 Samnii
1140 4016 1193 4079 'lb'r
1215 4013 1380 4081 Halmsted
1401 4013 1565 4080 utltrdade
1586 4016 1774 4102 privilegiu.

730 4136 735 4148 ·
1744 4132 1779 4188 n.
1798 4134 1816 4189 t.
1836 4152 1867 4208 Ι9
1882 4131 1932 4206 ”l
2077 4205 2078 4208 a

319 4321 323 4332 .
374 4250 577 4337 Omnibus
605 4278 779 4364 presens
805 4263 1000 4371 scriptum
1029 4267 1309 4363 cernentibus,
1338 4267 1667 4367 Cunrsroraoaus
1693 4271 1772 4352 Dei
1801 4273 1936 4380 gratia,
1962 4268 2035 4347 Dux

263 4364 488 4450 Hallandiae
518 4382 559 4448 et
587 4365 726 4450 Samso
760 4369 930 4456 salutem
967 4377 1010 4457 in
1038 4379 1216 4459 Domino
1251 4381 1545 4489 sempiternam.
1596 4379 1750 4464 Notum
1778 4381 1941 4464 iacimus
1966 4376 2035 4458 nui·

161 4571 165 4576 .
262 4477 409 4576 versis,
438 4476 555 4589 ¹quod
580 4505 656 4567 nos
683 4478 933 4566 exhibitores
961 4485 1358 4595 praesentesdilectos
1378 4485 1498 4572 nobis
1511 4487 1694 4574 Villanos
1722 4494 1768 4574 in
1790 4487 2034 4577 Halmstadlte.

190 4701 193 4704 ‚
261 4589 339 4670 sub
367 4605 504 4671 nostra
533 4593 786 4712 protectione
813 4596 1036 4706 recepimus
1073 4593 1302 4710 specialiter
1336 4597 1634 4713 defendendos,
1680 4601 1865 4692 volentes
1890 4605 1941 4684 e'u
1964 4625 2035 4709 gra-

226 4809 230 4816 '
302 4789 485 4906 asinus
506 4839 542 4895 n
561 4835 602 4920 pa
622 4835 738 4898 anum
799 4793 967 4904 mitian
983 4840 1053 4906 rats
1074 4841 1234 4926 ulpian-a.

67 4882 73 4894 ’
201 4904 204 4914 ’
287 4918 328 4994 a·)
349 4914 498 4980 flammat
517 4935 556 4980 ur
576 4917 747 4984 sudu-me
771 4923 842 4984 net
