4317 5975
182 141 204 202 l

169 233 332 263 Ι..

91 290 221 363 ¹
710 321 719 331 ’
798 390 855 422 ··
957 353 1049 461 ⁶97
1161 393 1219 418 ·-

117 581 287 733 ¹757
682 628 686 638 ·
795 582 1212 730 ,mssa-1317.
1327 535 1330 546 Ι

180 779 387 857 Βοωρωεῑευ
417 774 428 836 i
455 771 572 856 Upsala
604 772 769 837 Annunss's
802 772 909 854 tillagg
930 773 978 835 till
1010 772 1078 834 dess
1111 774 1196 836 mut
1227 769 1333 856 gjorda
1361 769 1466 854 stadga
1497 795 1546 835 om
1577 774 1660 836 huru
1693 731 1817 857 myolet
1847 777 1906 838 ocb

222 855 305 920 hvad
327 857 402 918 lmus
423 855 580 940 depunge,
594 852 663 920 Pru
685 855 849 938 Ragnborg
859 844 919 919 och
939 857 1051 918 henues
1071 879 1154 938 mun,
1176 854 1295 921 Amvid
1317 857 1505 938 Gustnfssou,
1528 859 1602 920 iarf
1618 855 1816 920 eiterhouom
1829 859 1905 921 slmll

223 939 355 1003 tillfnlla.

1690 1021 1723 1077 A.
1742 1025 1768 1076 6.

211 1157 407 1239 Omnibus
434 1173 635 1266 presentes
662 1153 813 1238 litteras
842 1155 1086 1266 inspecturis.
1116 1155 1305 1236 Annusns
1333 1160 1556 1267 prepositus
1584 1189 1610 1242 v
1640 1159 1809 1242 salensis.
1847 1188 1907 1240 sa·

104 1269 221 1366 lutem
250 1271 293 1352 in
322 1267 484 1350 domino
512 1269 824 1376 sempiternam
874 1268 1074 1348 Omnibus
1109 1283 1267 1347 constat
1294 1267 1405 1398 quod
1432 1274 1587 1354 animus
1611 1189 1819 1354 bominum
1847 1288 1907 1352 est

102 1383 370 1492 permutabilis
397 1396 438 1462 et
464 1406 511 1459 ea
538 1407 618 1489 que
646 1378 768 1461 homo
795 1377 1051 1460 libentissime
1079 1374 1132 1456 ad
1160 1404 1387 1460 memoriam
1415 1379 1607 1485 reducere,
1628 1382 1748 1467 vellet
1774 1383 1907 1492 sepius

103 1491 245 1587 dantur
278 1491 492 1586 obliuioni,
534 1487 605 1570 sed
638 1516 714 1596 ego
749 1493 794 1571 in
829 1507 1021 1603 quantum
1057 1488 1212 1570 sufficio
1239 1490 1332 1571 volo
1359 1518 1571 1602 precauere
1600 1497 1731 1605 primo
1758 1494 1800 1575 in
1828 1496 1905 1576 isto

103 1603 213 1800 pluod
239 1601 339 1685 illud
366 1599 613 1716 quod'prius
640 1597 850 1683 deficiebat
878 1604 921 1682 in
950 1602 1091 1682 litteris
1120 1605 1215 1681 meis
1228 1630 1315 1794 per
1342 1600 1569 1685 condictum
1598 1635 1667 1688 seu
1680 1601 1903 1688 ordinatdm

132 1721 248 1798 'ctum
271 1713 479 1820 stadhgha‚
513 1716 617 1794 inter
632 1741 819 1819 generum
850 1742 983 1794 meum
1011 1711 1198 1795 dilectum
1255 1715 1431 1795 ominum
1460 1713 1682 1799 aruwidum
1713 1715 1905 1823 gozstafs-

105 1859 185 1924 son,
213 1845 431 1909 etvxorem
446 1853 566 1921 suam,
596 1821 798 1907 dominam
828 1825 1133 1933 Rangburghim
1162 1843 1322 1934 neptem
1351 1855 1478 1908 meam
1507 1826 1702 1926 dilectam,
1725 1824 1905 1910 debonis

105 1943 209 2034 meis,
238 1967 356 2050 quem
386 1937 471 2032 feci,
530 1968 578 2018 ue
605 1953 646 2017 et
674 1954 824 2048 quanta
852 1957 945 2046 post
972 1965 1035 2016 me
1064 1935 1212 2018 debent
1240 1936 1387 2020 habere
1415 1956 1456 2019 et
1478 1937 1708 2022 hereditare.
1724 1939 1801 2020 hoc
1815 1939 1905 2019 volo

103 2057 179 2135 iam
205 2051 403 2159 complere
431 2065 471 2128 et
499 1967 647 2146 dicere,
691 2046 875 2130 videlicet
903 2049 1033 2157 primo
1062 2051 1183 2130 larsta
1210 2078 1300 2130 cum
1329 2051 1514 2135 omnibus
1544 2052 1624 2134 suis
1652 2052 1905 2162 pertinenciis

104 2161 313 2246 mobilibus
349 2180 390 2244 et
425 2160 689 2241 inmobilibus.
716 2159 774 2242 ‘in
808 2160 1084 2243 vikursaetrum
1114 2185 1205 2242 ‚xus
1234 2189 1322 2243 oras
1360 2178 1463 2243 terre
1491 2193 1582 2245 cum
1609 2161 1821 2248 mobilibus
1865 2179 1904 2240 et
1952 2185 1957 2197 ’

105 2274 379 2358 immobilibus.
407 2273 460 2353 ln
487 2268 693 2354 skaedhwi.
723 2269 824 2355 duos
850 2271 1008 2355 solidos.
1038 2274 1090 2369 Jn
1118 2273 1204 2354 asli
1232 2289 1273 2353 et
1299 2275 1343 2355 in
1362 2274 1437 2356 alia
1454 2277 1548 2356 villa
1568 2275 1624 2357 ibi
1641 2302 1766 2390 prope
1779 2278 1903 2384 unuin

105 2383 283 2471 solidum.
326 2384 378 2465 ln
406 2384 548 2484 bierbi¹
577 2409 625 2464 .x.
655 2413 745 2464 oras
771 2413 864 2467 cum
892 2383 1064 2466 dimidia.
1108 2387 1159 2464 ln
1191 2386 1398 2467 baerestum
1427 2413 1518 2469 mut.
1546 2386 1702 2470 solidos.
1752 2387 1804 2466 Jn
1831 2385 1905 2464 hu-

104 2498 265 2581 smkum
293 2521 343 2576 .11.
371 2523 470 2579 oras.
513 2493 564 2577 Jn
591 2493 741 2582 kielste.
771 2493 871 2577 duas
899 2527 998 2580 oras.
1054 2497 1107 2578 Jn
1134 2495 1328 2604 thielungi
1358 2523 1405 2580 .x.
1440 2495 1595 2582 solidos.
1645 2499 1696 2578 l'n
1719 2493 1903 2579 'thaxnes

103 2640 226 2694 vnum
254 2605 436 2690 solidum.
464 2609 575 2689 etin
598 2605 861 2690 salkandaeke
889 2635 969 2692 ,uu
997 2606 1143 2690 solidos
1170 2637 1261 2689 cum
1289 2607 1465 2692 dimidio.
1494 2612 1599 2693 Jtem
1627 2637 1701 2716 ego
1730 2606 1905 2690 Andreas

103 2721 154 2806 ad
181 2749 322 2802 manus
349 2721 566 2829 inpresenti
594 2723 819 2817 committo,
847 2718 968 2801 etad
996 2750 1137 2828 manus
1165 2722 1275 2830 prius
1302 2725 1477 2802 commisi
1507 2749 1598 2804 ‚xvn
1629 2717 1774 2802 solidos
1801 2737 1904 2800 terre

103 2839 145 2917 in
171 2830 314 2938 hugbir
341 2833 384 2912 in
411 2832 599 2940 parochia
627 2829 732 2914 akcr.
761 2862 885 2914 vnum
914 2829 1188 2915 molendinum
1215 2834 1260 2914 in
1287 2831 1506 2942 abygiaebir.
1534 2835 1579 2943 jn
1608 2829 1795 2928 masundi
1824 2857 1902 2912 ‚vm

102 2942 251 3031 solidos
265 2974 355 3027 cum
369 2940 597 3028 molendino
625 2941 793 3041 ibidem,
820 2962 861 3027 et
889 2975 981 3029 cum
1009 2944 1088 3027 hoc
1117 2966 1195 3026 ,vu
1223 2971 1313 3027 oras
1341 2962 1443 3027 terre
1471 2949 1514 3029 in
1543 2963 1719 3030 torrente
1737 2941 1904 3025 ibidem.

102 3063 208 3140 ltem
246 3060 289 3138 in
324 3073 484 3137 saetrum
519 3059 562 3137 in
590 3058 779 3168 parochia
808 3086 889 3138 noes
917 3084 981 3139 au.
1010 3086 1102 3139 oras
1129 3072 1243 3136 terre.
1302 3056 1406 3137 ltem
1441 3060 1577 3165 obligo
1604 3086 1667 3139 me
1695 3054 1745 3136 ad
1774 3059 1905 3168 inqui-

102 3167 268 3254 rendum
296 3170 420 3249 eisin
449 3197 526 3249 vna
554 3170 647 3251 villa
674 3186 715 3251 et
742 3171 785 3249 in
814 3196 895 3249 vno
924 3170 1023 3251 loco.
1051 3196 1170 3250 vnam
1199 3168 1398 3249 marcham
1427 3187 1530 3251 terre
1570 3172 1638 3253 vbi
1667 3164 1829 3259 solidus,
1842 3196 1905 3247 so-

104 3287 179 3366 luit
206 3276 389 3361 denarios
416 3296 457 3359 et
485 3310 696 3364 annonam.
726 3282 790 3363 vel
819 3282 941 3361 eciam
964 3274 1048 3361 {xm
1078 3308 1167 3362 oras
1196 3298 1299 3361 terre
1326 3281 1367 3361 in
1397 3312 1475 3362 vna
1490 3283 1581 3363 villa
1608 3284 1711 3363 etin
1724 3310 1803 3362 vno
1819 3280 1905 3360 loco

34 3396 41 3415 ⁸
101 3395 172 3478 ubi
200 3393 272 3475 soli
301 3389 453 3472 denarii
482 3394 710 3489 sumuntur,
748 3395 848 3474 sium
891 3389 1061 3501 predicti
1104 3389 1288 3474 dominus
1315 3390 1518 3476 arnwidus
1545 3412 1585 3475 et
1613 3422 1714 3476 vxor
1742 3421 1810 3473 sua
1837 3421 1905 3471 ne·

102 3509 185 3619 ptis
208 3531 307 3584 mea
340 3499 515 3607 reddunt
550 3532 590 3583 se
624 3522 843 3587 contentos
872 3504 1027 3585 sublata
1066 3504 1165 3585 mihi
1194 3506 1302 3585 omni
1330 3504 1518 3586 facultate
1546 3502 1724 3615 predicta
1752 3496 1917 3613 predia,'

102 3619 168 3701 vel
204 3619 380 3726 ipsorum
414 3612 567 3725 aliquid
602 3618 757 3726 quouis
781 3611 902 3697 modo
944 3614 1151 3705 alienandi.
1181 3644 1250 3694 seu
1277 3617 1400 3696 eciam
1436 3614 1705 3699 commutandi
1748 3618 1790 3696 in
1825 3618 1905 3694 vita

102 3758 190 3813 mea
223 3726 286 3807 vel
319 3728 363 3806 in
399 3743 537 3807 morte.
567 3726 715 3837 absque
743 3754 879 3808 eorum
909 3728 1115 3807 voluntate
1141 3726 1332 3836 requisita
1357 3728 1507 3837 pariter
1534 3745 1575 3807 et
1602 3744 1777 3835 optenta.
1807 3730 1907 3806 etsi
1968 3822 1971 3835 Ι

100 3844 147 3925 in
181 3836 371 3950 predictis
397 3837 584 3919 omnibus
611 3838 826 3965 quicquam
855 3837 991 3946 aliquo
1017 3832 1139 3918 modo
1172 3833 1380 3932 defecerit,
1405 3840 1462 3946 jta
1491 3834 1602 3950 quod
1629 3840 1704 3919 ista
1731 3866 1814 3919 non
1851 3855 1908 3916 tc-

100 3970 251 4037 nentur
278 3968 319 4031 et
346 3949 596 4058 complentur
621 3978 666 4057 Jn
693 3952 776 4029 vita
803 3978 907 4044 mea,
951 3966 1047 4031 tune
1072 3944 1251 4058 predicta
1280 3945 1483 4033 ordinacio
1510 3947 1615 4030 dicta
1644 3945 1773 4055 stadgi
1801 3976 1906 4029 cassa

15 4074 20 4082 ’
100 4070 157 4149 sit
184 4080 304 4174 atque
331 4090 433 4143 vena
461 4062 573 4171 quasi
600 4090 816 4171 numquam
845 4076 945 4141 esset
974 4062 1078 4143 lacta
1104 4078 1146 4141 et
1173 4061 1335 4143 omnino
1364 4062 1576 4144 Reuocata.
1605 4060 1657 4143 ln
1685 4062 1806 4143 Cuius
1835 4060 1905 4141 Rei

101 4176 376 4259 testimonium
403 4173 576 4279 sigillum
605 4199 735 4253 meum
762 4172 1014 4284 presentibus
1041 4189 1102 4253 est
1130 4199 1357 4282 appensum.

325 4350 444 4435 Sigillet
464 4350 556 4412 horta
576 4350 668 4432 jemte
683 4348 791 4433 sjelfva
812 4370 946 4428 remmn,
967 4372 1032 4413 som
1052 4349 1256 4435 lb'rmodligen
1278 4353 1358 4415 verit
1379 4351 1479 4435 klippt
1500 4368 1538 4413 ur
1558 4344 1688 4457 breiaco
