<?xml version="1.0" encoding="UTF-8"?>
<!DOCTYPE html PUBLIC "-//W3C//DTD XHTML 1.0 Transitional//EN"
    "http://www.w3.org/TR/xhtml1/DTD/xhtml1-transitional.dtd">
<html xmlns="http://www.w3.org/1999/xhtml" xml:lang="en" lang="en">
 <head>
  <title>
</title>
<meta http-equiv="Content-Type" content="text/html;charset=utf-8" />
  <meta name='ocr-system' content='tesseract 3.04.00' />
  <meta name='ocr-capabilities' content='ocr_page ocr_carea ocr_par ocr_line ocrx_word'/>
</head>
<body>
  <div class='ocr_page' id='page_1' title='image "./svensktdiplomat01swegoog/svensktdiplomat01swegoog_0170.png"; bbox 0 0 4317 5975; ppageno 0'>
   <div class='ocr_carea' id='block_1_1' title="bbox 774 446 1186 555">
    <p class='ocr_par' dir='ltr' id='par_1_1' title="bbox 774 446 1186 555">
     <span class='ocr_line' id='line_1_1' title="bbox 774 446 1186 555; baseline -0.007 -41"><span class='ocrx_word' id='word_1_1' title='bbox 774 446 1186 555; x_wconf 60' lang='lat'><strong>*¹59⁴*</strong></span> 
     </span>
    </p>
   </div>
   <div class='ocr_carea' id='block_1_2' title="bbox 8 654 2026 2558">
    <p class='ocr_par' dir='ltr' id='par_1_2' title="bbox 8 654 1878 1001">
     <span class='ocr_line' id='line_1_2' title="bbox 8 654 1877 778; baseline -0.005 -23"><span class='ocrx_word' id='word_1_2' title='bbox 8 654 9 743; x_wconf 80' lang='lat' dir='ltr'><strong>l</strong></span> <span class='ocrx_word' id='word_1_3' title='bbox 95 667 268 755; x_wconf 87' lang='lat' dir='ltr'><strong>custodia</strong></span> <span class='ocrx_word' id='word_1_4' title='bbox 296 673 337 748; x_wconf 99' lang='grc'><strong>8(</strong></span> <span class='ocrx_word' id='word_1_5' title='bbox 358 667 620 749; x_wconf 84' lang='lat' dir='ltr'><strong>ordinacione</strong></span> <span class='ocrx_word' id='word_1_6' title='bbox 649 684 918 778; x_wconf 85' lang='lat' dir='ltr'><strong>exequtorum</strong></span> <span class='ocrx_word' id='word_1_7' title='bbox 948 684 1149 765; x_wconf 87' lang='lat' dir='ltr'><strong>maneant,</strong></span> <span class='ocrx_word' id='word_1_8' title='bbox 1174 672 1214 750; x_wconf 92' lang='grc'><strong>8(</strong></span> <span class='ocrx_word' id='word_1_9' title='bbox 1233 663 1284 748; x_wconf 90' lang='lat' dir='ltr'><strong>de</strong></span> <span class='ocrx_word' id='word_1_10' title='bbox 1297 666 1374 747; x_wconf 91' lang='lat' dir='ltr'><strong>illis</strong></span> <span class='ocrx_word' id='word_1_11' title='bbox 1389 661 1601 748; x_wconf 82' lang='lat' dir='ltr'><strong>soluentur</strong></span> <span class='ocrx_word' id='word_1_12' title='bbox 1614 662 1736 749; x_wconf 85' lang='lat' dir='ltr'><strong>eciam</strong></span> <span class='ocrx_word' id='word_1_13' title='bbox 1753 690 1877 774; x_wconf 88' lang='lat' dir='ltr'><strong>supra</strong></span> 
     </span>
     <span class='ocr_line' id='line_1_3' title="bbox 96 776 1878 891; baseline -0.003 -29"><span class='ocrx_word' id='word_1_14' title='bbox 96 782 217 891; x_wconf 80' lang='lat' dir='ltr'><strong>legata</strong></span> <span class='ocrx_word' id='word_1_15' title='bbox 254 786 292 860; x_wconf 91' lang='grc'><strong>8(</strong></span> <span class='ocrx_word' id='word_1_16' title='bbox 321 808 412 861; x_wconf 86' lang='lat' dir='ltr'><strong>cum</strong></span> <span class='ocrx_word' id='word_1_17' title='bbox 440 778 625 859; x_wconf 87' lang='lat' dir='ltr'><strong>ducentis</strong></span> <span class='ocrx_word' id='word_1_18' title='bbox 654 781 798 860; x_wconf 90' lang='lat' dir='ltr'><strong>marcis</strong></span> <span class='ocrx_word' id='word_1_19' title='bbox 828 779 917 862; x_wconf 88' lang='lat' dir='ltr'><strong>den.</strong></span> <span class='ocrx_word' id='word_1_20' title='bbox 948 778 1150 889; x_wconf 78' lang='lat' dir='ltr'><strong>predictis,</strong></span> <span class='ocrx_word' id='word_1_21' title='bbox 1210 806 1284 860; x_wconf 90' lang='lat' dir='ltr'><strong>nec</strong></span> <span class='ocrx_word' id='word_1_22' title='bbox 1312 776 1480 860; x_wconf 91' lang='lat' dir='ltr'><strong>heredes</strong></span> <span class='ocrx_word' id='word_1_23' title='bbox 1508 780 1586 859; x_wconf 91' lang='lat' dir='ltr'><strong>mei</strong></span> <span class='ocrx_word' id='word_1_24' title='bbox 1614 777 1878 860; x_wconf 81' lang='lat' dir='ltr'><strong>hereditatem</strong></span> 
     </span>
     <span class='ocr_line' id='line_1_4' title="bbox 93 890 1878 1001; baseline -0.003 -28"><span class='ocrx_word' id='word_1_25' title='bbox 93 890 190 973; x_wconf 84' lang='lat' dir='ltr'><strong>adire</strong></span> <span class='ocrx_word' id='word_1_26' title='bbox 207 892 371 972; x_wconf 84' lang='lat' dir='ltr'><strong>ualeant</strong></span> <span class='ocrx_word' id='word_1_27' title='bbox 399 909 614 1000; x_wconf 89' lang='lat' dir='ltr'><strong>antequam</strong></span> <span class='ocrx_word' id='word_1_28' title='bbox 644 892 899 1001; x_wconf 84' lang='lat' dir='ltr'><strong>supralegata</strong></span> <span class='ocrx_word' id='word_1_29' title='bbox 929 893 1061 973; x_wconf 82' lang='lat' dir='ltr'><strong>omnia</strong></span> <span class='ocrx_word' id='word_1_30' title='bbox 1094 891 1242 973; x_wconf 87' lang='lat' dir='ltr'><strong>fuerint</strong></span> <span class='ocrx_word' id='word_1_31' title='bbox 1272 890 1450 998; x_wconf 81' lang='lat' dir='ltr'><strong>plenarie</strong></span> <span class='ocrx_word' id='word_1_32' title='bbox 1478 890 1693 1000; x_wconf 89' lang='lat' dir='ltr'><strong>persoluta.</strong></span> <span class='ocrx_word' id='word_1_33' title='bbox 1724 891 1878 970; x_wconf 82' lang='lat' dir='ltr'><strong>Omnes</strong></span> 
     </span>
    </p>

    <p class='ocr_par' dir='ltr' id='par_1_3' title="bbox 8 1001 1878 1111">
     <span class='ocr_line' id='line_1_5' title="bbox 8 1001 1878 1111; baseline -0.004 -27"><span class='ocrx_word' id='word_1_34' title='bbox 8 1022 9 1103; x_wconf 56' lang='grc' dir='ltr'>ζ</span> <span class='ocrx_word' id='word_1_35' title='bbox 93 1001 454 1085; x_wconf 84' lang='lat' dir='ltr'><strong>seruos&amp;ancillas</strong></span> <span class='ocrx_word' id='word_1_36' title='bbox 470 1030 577 1084; x_wconf 86' lang='lat' dir='ltr'><strong>meas</strong></span> <span class='ocrx_word' id='word_1_37' title='bbox 597 1002 765 1084; x_wconf 88' lang='lat' dir='ltr'><strong>confero</strong></span> <span class='ocrx_word' id='word_1_38' title='bbox 788 1002 976 1086; x_wconf 82' lang='lat' dir='ltr'><strong>libertati.</strong></span> <span class='ocrx_word' id='word_1_39' title='bbox 1034 1004 1164 1083; x_wconf 91' lang='lat' dir='ltr'><strong>Huius</strong></span> <span class='ocrx_word' id='word_1_40' title='bbox 1192 1003 1418 1082; x_wconf 85' lang='lat' dir='ltr'><strong>testamenti</strong></span> <span class='ocrx_word' id='word_1_41' title='bbox 1447 1004 1536 1099; x_wconf 88' lang='lat' dir='ltr'><strong>mei,</strong></span> <span class='ocrx_word' id='word_1_42' title='bbox 1562 1003 1708 1111; x_wconf 87' lang='lat' dir='ltr'><strong>partim</strong></span> <span class='ocrx_word' id='word_1_43' title='bbox 1725 1029 1798 1110; x_wconf 92' lang='lat' dir='ltr'><strong>per</strong></span> <span class='ocrx_word' id='word_1_44' title='bbox 1816 1028 1878 1079; x_wconf 93' lang='lat' dir='ltr'><strong>me</strong></span> 
     </span>
    </p>

    <p class='ocr_par' dir='ltr' id='par_1_4' title="bbox 8 1113 1879 1225">
     <span class='ocr_line' id='line_1_6' title="bbox 8 1113 1879 1225; baseline -0.005 -24"><span class='ocrx_word' id='word_1_45' title='bbox 8 1116 9 1201; x_wconf 74' lang='lat' dir='ltr'>J</span> <span class='ocrx_word' id='word_1_46' title='bbox 93 1114 269 1197; x_wconf 87' lang='lat' dir='ltr'><strong>dilectum</strong></span> <span class='ocrx_word' id='word_1_47' title='bbox 302 1131 456 1225; x_wconf 88' lang='lat' dir='ltr'><strong>patrem</strong></span> <span class='ocrx_word' id='word_1_48' title='bbox 485 1142 616 1194; x_wconf 91' lang='lat' dir='ltr'><strong>meum</strong></span> <span class='ocrx_word' id='word_1_49' title='bbox 630 1113 681 1196; x_wconf 92' lang='lat' dir='ltr'><strong>de</strong></span> <span class='ocrx_word' id='word_1_50' title='bbox 704 1143 785 1194; x_wconf 87' lang='lat' dir='ltr'><strong>mea</strong></span> <span class='ocrx_word' id='word_1_51' title='bbox 803 1115 964 1223; x_wconf 86' lang='lat' dir='ltr'><strong>speciali</strong></span> <span class='ocrx_word' id='word_1_52' title='bbox 981 1115 1258 1197; x_wconf 86' lang='lat' dir='ltr'><strong>commissione</strong></span> <span class='ocrx_word' id='word_1_53' title='bbox 1274 1118 1312 1191; x_wconf 88' lang='grc'><strong>8(</strong></span> <span class='ocrx_word' id='word_1_54' title='bbox 1328 1140 1512 1219; x_wconf 88' lang='lat' dir='ltr'><strong>expressa</strong></span> <span class='ocrx_word' id='word_1_55' title='bbox 1527 1113 1734 1196; x_wconf 85' lang='lat' dir='ltr'><strong>voluntate</strong></span> <span class='ocrx_word' id='word_1_56' title='bbox 1750 1118 1789 1192; x_wconf 95' lang='grc'><strong>8(</strong></span> <span class='ocrx_word' id='word_1_57' title='bbox 1806 1141 1879 1220; x_wconf 90' lang='lat' dir='ltr'><strong>per</strong></span> 
     </span>
    </p>

    <p class='ocr_par' dir='ltr' id='par_1_5' title="bbox 8 1223 2019 1670">
     <span class='ocr_line' id='line_1_7' title="bbox 8 1223 1879 1335; baseline -0.004 -26"><span class='ocrx_word' id='word_1_58' title='bbox 8 1304 9 1309; x_wconf 75' lang='grc'>,</span> <span class='ocrx_word' id='word_1_59' title='bbox 93 1228 266 1306; x_wconf 88' lang='lat' dir='ltr'><strong>maritum</strong></span> <span class='ocrx_word' id='word_1_60' title='bbox 289 1253 434 1322; x_wconf 89' lang='lat' dir='ltr'><strong>meum,</strong></span> <span class='ocrx_word' id='word_1_61' title='bbox 458 1224 645 1321; x_wconf 90' lang='lat' dir='ltr'><strong>ordinati,</strong></span> <span class='ocrx_word' id='word_1_62' title='bbox 668 1242 789 1305; x_wconf 88' lang='lat' dir='ltr'><strong>testes</strong></span> <span class='ocrx_word' id='word_1_63' title='bbox 812 1226 1033 1307; x_wconf 89' lang='lat' dir='ltr'><strong>secundum</strong></span> <span class='ocrx_word' id='word_1_64' title='bbox 1059 1228 1164 1307; x_wconf 85' lang='lat' dir='ltr'><strong>vices</strong></span> <span class='ocrx_word' id='word_1_65' title='bbox 1178 1225 1450 1308; x_wconf 85' lang='lat' dir='ltr'><strong>ordinacionis</strong></span> <span class='ocrx_word' id='word_1_66' title='bbox 1466 1229 1506 1304; x_wconf 88' lang='grc'><strong>8(</strong></span> <span class='ocrx_word' id='word_1_67' title='bbox 1521 1241 1653 1335; x_wconf 89' lang='lat' dir='ltr'><strong>partes</strong></span> <span class='ocrx_word' id='word_1_68' title='bbox 1670 1223 1879 1306; x_wconf 88' lang='lat' dir='ltr'><strong>ordinato-</strong></span> 
     </span>
     <span class='ocr_line' id='line_1_8' title="bbox 94 1335 1880 1447; baseline -0.001 -30"><span class='ocrx_word' id='word_1_69' title='bbox 94 1364 179 1432; x_wconf 86' lang='lat' dir='ltr'><strong>rum,</strong></span> <span class='ocrx_word' id='word_1_70' title='bbox 210 1335 393 1431; x_wconf 86' lang='lat' dir='ltr'><strong>fuerunt,</strong></span> <span class='ocrx_word' id='word_1_71' title='bbox 423 1336 572 1417; x_wconf 92' lang='lat' dir='ltr'><strong>nobilis</strong></span> <span class='ocrx_word' id='word_1_72' title='bbox 599 1339 672 1434; x_wconf 91' lang='lat' dir='ltr'><strong>vir,</strong></span> <span class='ocrx_word' id='word_1_73' title='bbox 700 1335 888 1418; x_wconf 91' lang='lat' dir='ltr'><strong>dominus</strong></span> <span class='ocrx_word' id='word_1_74' title='bbox 917 1339 1128 1447; x_wconf 91' lang='lat' dir='ltr'><strong>Philippus</strong></span> <span class='ocrx_word' id='word_1_75' title='bbox 1153 1336 1204 1418; x_wconf 91' lang='lat' dir='ltr'><strong>de</strong></span> <span class='ocrx_word' id='word_1_76' title='bbox 1232 1336 1397 1435; x_wconf 70' lang='lat' dir='ltr'><strong>Runbir,</strong></span> <span class='ocrx_word' id='word_1_77' title='bbox 1420 1335 1646 1445; x_wconf 84' lang='lat' dir='ltr'><strong>Religiosus</strong></span> <span class='ocrx_word' id='word_1_78' title='bbox 1667 1338 1741 1429; x_wconf 86' lang='lat' dir='ltr'><strong>vir,</strong></span> <span class='ocrx_word' id='word_1_79' title='bbox 1757 1336 1880 1415; x_wconf 87' lang='lat' dir='ltr'><strong>frater</strong></span> 
     </span>
     <span class='ocr_line' id='line_1_9' title="bbox 95 1446 2019 1558; baseline -0.001 -31"><span class='ocrx_word' id='word_1_80' title='bbox 95 1447 197 1555; x_wconf 84' lang='lat' dir='ltr'><strong>jsrael</strong></span> <span class='ocrx_word' id='word_1_81' title='bbox 226 1448 385 1530; x_wconf 91' lang='lat' dir='ltr'><strong>ordinis</strong></span> <span class='ocrx_word' id='word_1_82' title='bbox 414 1447 734 1557; x_wconf 83' lang='lat' dir='ltr'><strong>predicatorum,</strong></span> <span class='ocrx_word' id='word_1_83' title='bbox 763 1446 949 1531; x_wconf 90' lang='lat' dir='ltr'><strong>dominus</strong></span> <span class='ocrx_word' id='word_1_84' title='bbox 986 1448 1212 1558; x_wconf 84' lang='lat' dir='ltr'><strong>botulphus</strong></span> <span class='ocrx_word' id='word_1_85' title='bbox 1248 1450 1299 1529; x_wconf 92' lang='lat' dir='ltr'><strong>de</strong></span> <span class='ocrx_word' id='word_1_86' title='bbox 1335 1446 1445 1546; x_wconf 68' lang='lat' dir='ltr'><strong>taehir</strong></span> <span class='ocrx_word' id='word_1_87' title='bbox 1488 1446 1688 1545; x_wconf 87' lang='lat' dir='ltr'><strong>sacerdos,</strong></span> <span class='ocrx_word' id='word_1_88' title='bbox 1731 1446 1881 1527; x_wconf 89' lang='lat' dir='ltr'><strong>lohan·</strong></span> <span class='ocrx_word' id='word_1_89' title='bbox 2014 1507 2019 1526; x_wconf 81' lang='grc'><strong><em>,</em></strong></span> 
     </span>
     <span class='ocr_line' id='line_1_10' title="bbox 94 1557 1882 1670; baseline -0.003 -30"><span class='ocrx_word' id='word_1_90' title='bbox 94 1588 149 1640; x_wconf 89' lang='lat' dir='ltr'><strong>nes</strong></span> <span class='ocrx_word' id='word_1_91' title='bbox 176 1559 398 1670; x_wconf 85' lang='lat' dir='ltr'><strong>gasabogh.</strong></span> <span class='ocrx_word' id='word_1_92' title='bbox 436 1560 656 1641; x_wconf 88' lang='lat' dir='ltr'><strong>Domicella</strong></span> <span class='ocrx_word' id='word_1_93' title='bbox 687 1560 928 1669; x_wconf 83' lang='lat' dir='ltr'><strong>jngegerdis.</strong></span> <span class='ocrx_word' id='word_1_94' title='bbox 966 1563 1190 1670; x_wconf 85' lang='lat' dir='ltr'><strong>Margareta</strong></span> <span class='ocrx_word' id='word_1_95' title='bbox 1224 1560 1374 1643; x_wconf 82' lang='lat' dir='ltr'><strong>famula</strong></span> <span class='ocrx_word' id='word_1_96' title='bbox 1411 1588 1519 1656; x_wconf 89' lang='lat' dir='ltr'><strong>mea,</strong></span> <span class='ocrx_word' id='word_1_97' title='bbox 1557 1566 1596 1639; x_wconf 89' lang='grc'><strong>8(</strong></span> <span class='ocrx_word' id='word_1_98' title='bbox 1635 1560 1770 1668; x_wconf 92' lang='lat' dir='ltr'><strong>plures</strong></span> <span class='ocrx_word' id='word_1_99' title='bbox 1805 1557 1882 1636; x_wconf 92' lang='lat' dir='ltr'><strong>alie</strong></span> 
     </span>
    </p>

    <p class='ocr_par' dir='ltr' id='par_1_6' title="bbox 8 1671 1881 1783">
     <span class='ocr_line' id='line_1_11' title="bbox 8 1671 1881 1783; baseline -0.002 -34"><span class='ocrx_word' id='word_1_100' title='bbox 8 1762 9 1773; x_wconf 8' lang='grc' dir='ltr'>ἵ</span> <span class='ocrx_word' id='word_1_101' title='bbox 42 1746 43 1754; x_wconf 71' lang='grc'>,</span> <span class='ocrx_word' id='word_1_102' title='bbox 94 1698 251 1779; x_wconf 89' lang='lat' dir='ltr'><strong>persone</strong></span> <span class='ocrx_word' id='word_1_103' title='bbox 282 1671 333 1753; x_wconf 93' lang='lat' dir='ltr'><strong>dc</strong></span> <span class='ocrx_word' id='word_1_104' title='bbox 364 1672 511 1751; x_wconf 85' lang='lat' dir='ltr'><strong>familia</strong></span> <span class='ocrx_word' id='word_1_105' title='bbox 543 1692 675 1773; x_wconf 84' lang='lat' dir='ltr'><strong>nostra</strong></span> <span class='ocrx_word' id='word_1_106' title='bbox 704 1698 823 1751; x_wconf 86' lang='lat' dir='ltr'><strong>sexus</strong></span> <span class='ocrx_word' id='word_1_107' title='bbox 861 1675 1083 1783; x_wconf 83' lang='lat' dir='ltr'><strong>utriusque.</strong></span> <span class='ocrx_word' id='word_1_108' title='bbox 1130 1674 1382 1783; x_wconf 85' lang='lat' dir='ltr'><strong>Exequtores</strong></span> <span class='ocrx_word' id='word_1_109' title='bbox 1428 1687 1561 1751; x_wconf 87' lang='lat' dir='ltr'><strong>autem</strong></span> <span class='ocrx_word' id='word_1_110' title='bbox 1606 1672 1726 1750; x_wconf 91' lang='lat' dir='ltr'><strong>huius</strong></span> <span class='ocrx_word' id='word_1_111' title='bbox 1760 1684 1881 1751; x_wconf 87' lang='lat' dir='ltr'><strong>testa-</strong></span> 
     </span>
    </p>

    <p class='ocr_par' dir='ltr' id='par_1_7' title="bbox 8 1780 2026 2558">
     <span class='ocr_line' id='line_1_12' title="bbox 8 1780 2001 1889; baseline 0.001 -28"><span class='ocrx_word' id='word_1_112' title='bbox 8 1828 9 1851; x_wconf 58' lang='grc' dir='ltr'>ι</span> <span class='ocrx_word' id='word_1_113' title='bbox 93 1786 199 1861; x_wconf 88' lang='lat' dir='ltr'><strong>nenti</strong></span> <span class='ocrx_word' id='word_1_114' title='bbox 234 1787 312 1865; x_wconf 91' lang='lat' dir='ltr'><strong>mei</strong></span> <span class='ocrx_word' id='word_1_115' title='bbox 346 1786 550 1889; x_wconf 83' lang='lat' dir='ltr'><strong>constituo</strong></span> <span class='ocrx_word' id='word_1_116' title='bbox 579 1789 618 1863; x_wconf 91' lang='grc'><strong>8(</strong></span> <span class='ocrx_word' id='word_1_117' title='bbox 649 1782 776 1879; x_wconf 84' lang='lat' dir='ltr'><strong>facio,</strong></span> <span class='ocrx_word' id='word_1_118' title='bbox 807 1784 1075 1867; x_wconf 87' lang='lat' dir='ltr'><strong>venerabilem</strong></span> <span class='ocrx_word' id='word_1_119' title='bbox 1106 1785 1237 1863; x_wconf 87' lang='lat' dir='ltr'><strong>virum</strong></span> <span class='ocrx_word' id='word_1_120' title='bbox 1274 1780 1509 1889; x_wconf 81' lang='lat' dir='ltr'><strong>Magistrum</strong></span> <span class='ocrx_word' id='word_1_121' title='bbox 1546 1780 1749 1863; x_wconf 88' lang='lat' dir='ltr'><strong>Andream</strong></span> <span class='ocrx_word' id='word_1_122' title='bbox 1789 1783 1883 1859; x_wconf 91' lang='lat' dir='ltr'><strong>Pre·</strong></span> <span class='ocrx_word' id='word_1_123' title='bbox 1997 1854 2001 1862; x_wconf 79' lang='grc'>,</span> 
     </span>
     <span class='ocr_line' id='line_1_13' title="bbox 91 1894 2026 2003; baseline -0.002 -30"><span class='ocrx_word' id='word_1_124' title='bbox 91 1894 254 2002; x_wconf 86' lang='lat' dir='ltr'><strong>positum</strong></span> <span class='ocrx_word' id='word_1_125' title='bbox 286 1895 557 2003; x_wconf 80' lang='lat' dir='ltr'><strong>upsalensem,</strong></span> <span class='ocrx_word' id='word_1_126' title='bbox 589 1894 841 2003; x_wconf 84' lang='lat' dir='ltr'><strong>predilectos,</strong></span> <span class='ocrx_word' id='word_1_127' title='bbox 871 1913 1026 2003; x_wconf 90' lang='lat' dir='ltr'><strong>patrem</strong></span> <span class='ocrx_word' id='word_1_128' title='bbox 1065 1901 1105 1975; x_wconf 89' lang='grc'><strong>8(</strong></span> <span class='ocrx_word' id='word_1_129' title='bbox 1140 1895 1326 1975; x_wconf 86' lang='lat' dir='ltr'><strong>Maritum</strong></span> <span class='ocrx_word' id='word_1_130' title='bbox 1366 1920 1498 1973; x_wconf 88' lang='lat' dir='ltr'><strong>meum</strong></span> <span class='ocrx_word' id='word_1_131' title='bbox 1532 1907 1882 2001; x_wconf 90' lang='lat' dir='ltr'><strong>sepememoratos,</strong></span> <span class='ocrx_word' id='word_1_132' title='bbox 2021 1922 2026 1929; x_wconf 90' lang='lat'><strong>·</strong></span> 
     </span>
     <span class='ocr_line' id='line_1_14' title="bbox 91 2004 1883 2114; baseline -0.002 -31"><span class='ocrx_word' id='word_1_133' title='bbox 91 2004 447 2114; x_wconf 61' lang='lat' dir='ltr'><strong>&amp;supradictum</strong></span> <span class='ocrx_word' id='word_1_134' title='bbox 482 2005 644 2085; x_wconf 84' lang='lat' dir='ltr'><strong>fratrem</strong></span> <span class='ocrx_word' id='word_1_135' title='bbox 675 2005 857 2112; x_wconf 83' lang='lat' dir='ltr'><strong>jsraelem</strong></span> <span class='ocrx_word' id='word_1_136' title='bbox 886 2008 1076 2088; x_wconf 88' lang='lat' dir='ltr'><strong>lectorem</strong></span> <span class='ocrx_word' id='word_1_137' title='bbox 1108 2006 1407 2087; x_wconf 82' lang='lat' dir='ltr'><strong>silrtuniensem.</strong></span> <span class='ocrx_word' id='word_1_138' title='bbox 1437 2007 1488 2085; x_wconf 86' lang='lat' dir='ltr'><strong>Jn</strong></span> <span class='ocrx_word' id='word_1_139' title='bbox 1509 2032 1686 2114; x_wconf 92' lang='lat' dir='ltr'><strong>quorum</strong></span> <span class='ocrx_word' id='word_1_140' title='bbox 1701 2004 1883 2082; x_wconf 89' lang='lat' dir='ltr'><strong>omnium</strong></span> 
     </span>
     <span class='ocr_line' id='line_1_15' title="bbox 90 2115 1884 2225; baseline -0.001 -31"><span class='ocrx_word' id='word_1_141' title='bbox 90 2116 205 2195; x_wconf 86' lang='lat' dir='ltr'><strong>robur</strong></span> <span class='ocrx_word' id='word_1_142' title='bbox 235 2123 281 2197; x_wconf 88' lang='grc'><strong>8(</strong></span> <span class='ocrx_word' id='word_1_143' title='bbox 309 2115 559 2196; x_wconf 89' lang='lat' dir='ltr'><strong>euidenciam</strong></span> <span class='ocrx_word' id='word_1_144' title='bbox 590 2115 824 2225; x_wconf 86' lang='lat' dir='ltr'><strong>pleniorem,</strong></span> <span class='ocrx_word' id='word_1_145' title='bbox 848 2146 924 2196; x_wconf 91' lang='lat' dir='ltr'><strong>vna</strong></span> <span class='ocrx_word' id='word_1_146' title='bbox 955 2147 1047 2199; x_wconf 92' lang='lat' dir='ltr'><strong>cum</strong></span> <span class='ocrx_word' id='word_1_147' title='bbox 1076 2121 1194 2224; x_wconf 82' lang='lat' dir='ltr'><strong>signo</strong></span> <span class='ocrx_word' id='word_1_148' title='bbox 1230 2142 1359 2222; x_wconf 88' lang='lat' dir='ltr'><strong>paruo</strong></span> <span class='ocrx_word' id='word_1_149' title='bbox 1394 2141 1479 2223; x_wconf 93' lang='lat' dir='ltr'><strong>quo</strong></span> <span class='ocrx_word' id='word_1_150' title='bbox 1513 2143 1581 2194; x_wconf 82' lang='lat' dir='ltr'><strong>rsa</strong></span> <span class='ocrx_word' id='word_1_151' title='bbox 1620 2142 1728 2209; x_wconf 92' lang='lat' dir='ltr'><strong>sum,</strong></span> <span class='ocrx_word' id='word_1_152' title='bbox 1763 2120 1802 2194; x_wconf 95' lang='grc'><strong>8(</strong></span> <span class='ocrx_word' id='word_1_153' title='bbox 1832 2115 1884 2192; x_wconf 89' lang='lat' dir='ltr'><strong>si·</strong></span> 
     </span>
     <span class='ocr_line' id='line_1_16' title="bbox 91 2226 1884 2338; baseline -0.001 -34"><span class='ocrx_word' id='word_1_154' title='bbox 91 2227 183 2335; x_wconf 84' lang='lat' dir='ltr'><strong>gillis</strong></span> <span class='ocrx_word' id='word_1_155' title='bbox 211 2245 485 2338; x_wconf 77' lang='lat' dir='ltr'><strong>exequtorum</strong></span> <span class='ocrx_word' id='word_1_156' title='bbox 517 2254 695 2307; x_wconf 91' lang='lat' dir='ltr'><strong>meorum</strong></span> <span class='ocrx_word' id='word_1_157' title='bbox 726 2231 1124 2334; x_wconf 88' lang='lat' dir='ltr'><strong>prenominatorum,</strong></span> <span class='ocrx_word' id='word_1_158' title='bbox 1153 2226 1328 2335; x_wconf 85' lang='lat' dir='ltr'><strong>sigillum</strong></span> <span class='ocrx_word' id='word_1_159' title='bbox 1357 2227 1522 2306; x_wconf 90' lang='lat' dir='ltr'><strong>Domini</strong></span> <span class='ocrx_word' id='word_1_160' title='bbox 1557 2226 1697 2335; x_wconf 85' lang='lat' dir='ltr'><strong>Regis,</strong></span> <span class='ocrx_word' id='word_1_161' title='bbox 1734 2230 1774 2305; x_wconf 95' lang='grc'><strong>8(</strong></span> <span class='ocrx_word' id='word_1_162' title='bbox 1810 2226 1884 2304; x_wconf 96' lang='lat' dir='ltr'><strong>do-</strong></span> 
     </span>
     <span class='ocr_line' id='line_1_17' title="bbox 90 2335 1882 2447; baseline -0.002 -30"><span class='ocrx_word' id='word_1_163' title='bbox 90 2338 188 2417; x_wconf 89' lang='lat' dir='ltr'><strong>mini.</strong></span> <span class='ocrx_word' id='word_1_164' title='bbox 213 2337 297 2418; x_wconf 87' lang='lat' dir='ltr'><strong>Th.</strong></span> <span class='ocrx_word' id='word_1_165' title='bbox 336 2336 557 2434; x_wconf 79' lang='lat' dir='ltr'><strong>Maracalci,</strong></span> <span class='ocrx_word' id='word_1_166' title='bbox 599 2338 751 2417; x_wconf 92' lang='lat' dir='ltr'><strong>domini</strong></span> <span class='ocrx_word' id='word_1_167' title='bbox 779 2340 956 2447; x_wconf 83' lang='lat' dir='ltr'><strong>Philippi</strong></span> <span class='ocrx_word' id='word_1_168' title='bbox 992 2340 1044 2425; x_wconf 90' lang='lat' dir='ltr'><strong>de</strong></span> <span class='ocrx_word' id='word_1_169' title='bbox 1079 2337 1245 2434; x_wconf 65' lang='lat' dir='ltr'><strong>Runbt,</strong></span> <span class='ocrx_word' id='word_1_170' title='bbox 1282 2335 1436 2418; x_wconf 91' lang='lat' dir='ltr'><strong>domini</strong></span> <span class='ocrx_word' id='word_1_171' title='bbox 1465 2335 1656 2445; x_wconf 87' lang='lat' dir='ltr'><strong>botulphi</strong></span> <span class='ocrx_word' id='word_1_172' title='bbox 1682 2335 1733 2416; x_wconf 88' lang='lat' dir='ltr'><strong>de</strong></span> <span class='ocrx_word' id='word_1_173' title='bbox 1761 2336 1882 2433; x_wconf 69' lang='lat' dir='ltr'><strong>taebir,</strong></span> 
     </span>
     <span class='ocr_line' id='line_1_18' title="bbox 92 2445 1885 2558; baseline -0.002 -31"><span class='ocrx_word' id='word_1_174' title='bbox 92 2448 290 2530; x_wconf 88' lang='lat' dir='ltr'><strong>humiliter</strong></span> <span class='ocrx_word' id='word_1_175' title='bbox 332 2455 373 2528; x_wconf 96' lang='grc'><strong>8(</strong></span> <span class='ocrx_word' id='word_1_176' title='bbox 404 2450 603 2529; x_wconf 87' lang='lat' dir='ltr'><strong>instanter</strong></span> <span class='ocrx_word' id='word_1_177' title='bbox 632 2464 727 2557; x_wconf 90' lang='lat' dir='ltr'><strong>peto</strong></span> <span class='ocrx_word' id='word_1_178' title='bbox 757 2451 1013 2558; x_wconf 88' lang='lat' dir='ltr'><strong>presentibus</strong></span> <span class='ocrx_word' id='word_1_179' title='bbox 1049 2452 1213 2558; x_wconf 88' lang='lat' dir='ltr'><strong>apponi.</strong></span> <span class='ocrx_word' id='word_1_180' title='bbox 1253 2453 1398 2529; x_wconf 88' lang='lat' dir='ltr'><strong>Actum</strong></span> <span class='ocrx_word' id='word_1_181' title='bbox 1434 2451 1553 2529; x_wconf 86' lang='lat' dir='ltr'><strong>Anno</strong></span> <span class='ocrx_word' id='word_1_182' title='bbox 1589 2448 1763 2529; x_wconf 89' lang='lat' dir='ltr'><strong>Domini.</strong></span> <span class='ocrx_word' id='word_1_183' title='bbox 1796 2445 1885 2526; x_wconf 66' lang='lat' dir='ltr'><strong>Mitss</strong></span> 
     </span>
    </p>
   </div>
   <div class='ocr_carea' id='block_1_3' title="bbox 94 2558 1885 2752">
    <p class='ocr_par' dir='ltr' id='par_1_8' title="bbox 94 2558 1885 2752">
     <span class='ocr_line' id='line_1_19' title="bbox 94 2558 1885 2669; baseline 0 -33"><span class='ocrx_word' id='word_1_184' title='bbox 94 2558 228 2657; x_wconf 90' lang='lat' dir='ltr'><strong>lesimo,</strong></span> <span class='ocrx_word' id='word_1_185' title='bbox 263 2562 551 2665; x_wconf 87' lang='lat' dir='ltr'><strong>Ducentesimo</strong></span> <span class='ocrx_word' id='word_1_186' title='bbox 577 2560 849 2669; x_wconf 84' lang='lat' dir='ltr'><strong>Nonagesimo</strong></span> <span class='ocrx_word' id='word_1_187' title='bbox 878 2560 1036 2661; x_wconf 89' lang='lat' dir='ltr'><strong>Ter&#39;cio,</strong></span> <span class='ocrx_word' id='word_1_188' title='bbox 1065 2563 1169 2643; x_wconf 88' lang='lat' dir='ltr'><strong>circa</strong></span> <span class='ocrx_word' id='word_1_189' title='bbox 1201 2560 1375 2640; x_wconf 89' lang='lat' dir='ltr'><strong>Octauas</strong></span> <span class='ocrx_word' id='word_1_190' title='bbox 1404 2559 1680 2668; x_wconf 90' lang='lat' dir='ltr'><strong>apostolorum</strong></span> <span class='ocrx_word' id='word_1_191' title='bbox 1709 2558 1816 2638; x_wconf 93' lang='lat' dir='ltr'><strong>Petri</strong></span> <span class='ocrx_word' id='word_1_192' title='bbox 1846 2563 1885 2636; x_wconf 92' lang='grc'><strong>8(</strong></span> 
     </span>
     <span class='ocr_line' id='line_1_20' title="bbox 95 2671 1066 2752; baseline 0.001 -2"><span class='ocrx_word' id='word_1_193' title='bbox 95 2671 198 2752; x_wconf 85' lang='lat' dir='ltr'><strong>Pauli</strong></span> <span class='ocrx_word' id='word_1_194' title='bbox 1064 2681 1066 2685; x_wconf 81' lang='grc'><strong>’</strong></span> 
     </span>
    </p>
   </div>
   <div class='ocr_carea' id='block_1_4' title="bbox 346 2810 1625 2900">
    <p class='ocr_par' dir='ltr' id='par_1_9' title="bbox 346 2810 1625 2900">
     <span class='ocr_line' id='line_1_21' title="bbox 346 2810 1625 2900; baseline -0.002 -25"><span class='ocrx_word' id='word_1_195' title='bbox 346 2812 491 2896; x_wconf 70' lang='lat' dir='ltr'><strong>sigillent</strong></span> <span class='ocrx_word' id='word_1_196' title='bbox 516 2832 541 2890; x_wconf 87' lang='lat' dir='ltr'><strong>r,</strong></span> <span class='ocrx_word' id='word_1_197' title='bbox 564 2831 594 2891; x_wconf 82' lang='lat' dir='ltr'><strong>a,</strong></span> <span class='ocrx_word' id='word_1_198' title='bbox 616 2811 635 2872; x_wconf 87' lang='lat'><em>5</em></span> <span class='ocrx_word' id='word_1_199' title='bbox 658 2812 842 2890; x_wconf 83' lang='lat' dir='ltr'><strong>bortlallna3</strong></span> <span class='ocrx_word' id='word_1_200' title='bbox 865 2812 895 2893; x_wconf 80' lang='lat'><strong>3,</strong></span> <span class='ocrx_word' id='word_1_201' title='bbox 916 2812 946 2892; x_wconf 78' lang='grc'><strong>4,</strong></span> <span class='ocrx_word' id='word_1_202' title='bbox 971 2834 989 2896; x_wconf 86' lang='lat'><em>7</em></span> <span class='ocrx_word' id='word_1_203' title='bbox 1012 2813 1171 2896; x_wconf 81' lang='lat' dir='ltr'><strong>andeliga,</strong></span> <span class='ocrx_word' id='word_1_204' title='bbox 1192 2811 1224 2891; x_wconf 82' lang='lat'><strong>6,</strong></span> <span class='ocrx_word' id='word_1_205' title='bbox 1244 2812 1267 2875; x_wconf 85' lang='grc'><strong>8</strong></span> <span class='ocrx_word' id='word_1_206' title='bbox 1287 2812 1463 2900; x_wconf 76' lang='lat' dir='ltr'><strong>ohetydligt</strong></span> <span class='ocrx_word' id='word_1_207' title='bbox 1480 2810 1625 2874; x_wconf 84' lang='lat' dir='ltr'><strong>sladede.</strong></span> 
     </span>
    </p>
   </div>
   <div class='ocr_carea' id='block_1_5' title="bbox 105 3260 1889 3411">
    <p class='ocr_par' dir='ltr' id='par_1_10' title="bbox 105 3260 1889 3411">
     <span class='ocr_line' id='line_1_22' title="bbox 105 3260 1889 3411; baseline -0.002 -41"><span class='ocrx_word' id='word_1_208' title='bbox 105 3265 256 3410; x_wconf 83' lang='lat'><strong>1096.</strong></span> <span class='ocrx_word' id='word_1_209' title='bbox 639 3338 643 3348; x_wconf 82' lang='lat'><em>-</em></span> <span class='ocrx_word' id='word_1_210' title='bbox 729 3267 880 3407; x_wconf 82' lang='lat'><strong>1293</strong></span> <span class='ocrx_word' id='word_1_211' title='bbox 927 3264 976 3370; x_wconf 94' lang='lat' dir='ltr'><strong>d.</strong></span> <span class='ocrx_word' id='word_1_212' title='bbox 1032 3263 1261 3372; x_wconf 86' lang='lat' dir='ltr'><strong>11Juli.</strong></span> <span class='ocrx_word' id='word_1_213' title='bbox 1573 3295 1579 3303; x_wconf 84' lang='grc'>’</span> <span class='ocrx_word' id='word_1_214' title='bbox 1702 3260 1889 3411; x_wconf 82' lang='lat' dir='ltr'><strong>Broby.</strong></span> 
     </span>
    </p>
   </div>
   <div class='ocr_carea' id='block_1_6' title="bbox 160 3471 1555 3572">
    <p class='ocr_par' dir='ltr' id='par_1_11' title="bbox 160 3471 1555 3572">
     <span class='ocr_line' id='line_1_23' title="bbox 160 3471 1555 3572; baseline 0 -20"><span class='ocrx_word' id='word_1_215' title='bbox 160 3490 259 3552; x_wconf 72' lang='lat' dir='ltr'><strong>Jonas</strong></span> <span class='ocrx_word' id='word_1_216' title='bbox 284 3487 383 3552; x_wconf 79' lang='lat' dir='ltr'><strong>Euro</strong></span> <span class='ocrx_word' id='word_1_217' title='bbox 404 3508 473 3550; x_wconf 80' lang='lat' dir='ltr'><strong>sors</strong></span> <span class='ocrx_word' id='word_1_218' title='bbox 494 3471 683 3550; x_wconf 70' lang='lat' dir='ltr'><strong>stadlhstelse</strong></span> <span class='ocrx_word' id='word_1_219' title='bbox 706 3488 744 3572; x_wconf 77' lang='lat' dir='ltr'><strong>pd</strong></span> <span class='ocrx_word' id='word_1_220' title='bbox 767 3487 969 3568; x_wconf 77' lang='lat' dir='ltr'><strong>lo&#39;regdende,</strong></span> <span class='ocrx_word' id='word_1_221' title='bbox 993 3486 1060 3550; x_wconf 85' lang='lat' dir='ltr'><strong>dess</strong></span> <span class='ocrx_word' id='word_1_222' title='bbox 1083 3488 1199 3550; x_wconf 86' lang='lat' dir='ltr'><strong>dotters</strong></span> <span class='ocrx_word' id='word_1_223' title='bbox 1219 3488 1329 3570; x_wconf 76' lang='lat' dir='ltr'><strong>gjorda</strong></span> <span class='ocrx_word' id='word_1_224' title='bbox 1350 3488 1555 3552; x_wconf 69' lang='lat' dir='ltr'><strong>Testamenta</strong></span> 
     </span>
    </p>
   </div>
   <div class='ocr_carea' id='block_1_7' title="bbox 1531 3637 1752 3692">
    <p class='ocr_par' dir='ltr' id='par_1_12' title="bbox 1531 3637 1752 3692">
     <span class='ocr_line' id='line_1_24' title="bbox 1531 3637 1752 3692; baseline 0.005 -2"><span class='ocrx_word' id='word_1_225' title='bbox 1531 3639 1568 3692; x_wconf 76' lang='lat' dir='ltr'><strong>A.</strong></span> <span class='ocrx_word' id='word_1_226' title='bbox 1583 3637 1610 3690; x_wconf 87' lang='grc'><strong>6.</strong></span> <span class='ocrx_word' id='word_1_227' title='bbox 1626 3655 1652 3690; x_wconf 81' lang='lat' dir='ltr'><strong>a.</strong></span> <span class='ocrx_word' id='word_1_228' title='bbox 1668 3654 1694 3692; x_wconf 75' lang='lat' dir='ltr'><strong>a.</strong></span> <span class='ocrx_word' id='word_1_229' title='bbox 1714 3655 1752 3692; x_wconf 86' lang='lat' dir='ltr'><strong>rr.</strong></span> 
     </span>
    </p>
   </div>
   <div class='ocr_carea' id='block_1_8' title="bbox 11 3771 1942 5114">
    <p class='ocr_par' dir='ltr' id='par_1_13' title="bbox 95 3771 1887 4444">
     <span class='ocr_line' id='line_1_25' title="bbox 191 3771 1886 3883; baseline -0.002 -28"><span class='ocrx_word' id='word_1_230' title='bbox 191 3778 242 3857; x_wconf 80' lang='lat' dir='ltr'><strong>Jrr</strong></span> <span class='ocrx_word' id='word_1_231' title='bbox 276 3778 441 3856; x_wconf 91' lang='lat' dir='ltr'><strong>nomine</strong></span> <span class='ocrx_word' id='word_1_232' title='bbox 468 3771 622 3854; x_wconf 89' lang='lat' dir='ltr'><strong>domini</strong></span> <span class='ocrx_word' id='word_1_233' title='bbox 651 3799 779 3854; x_wconf 90' lang='lat' dir='ltr'><strong>amen.</strong></span> <span class='ocrx_word' id='word_1_234' title='bbox 811 3775 898 3883; x_wconf 85' lang='lat' dir='ltr'><strong>Ego</strong></span> <span class='ocrx_word' id='word_1_235' title='bbox 927 3773 1052 3855; x_wconf 88' lang='lat' dir='ltr'><strong>frater</strong></span> <span class='ocrx_word' id='word_1_236' title='bbox 1081 3780 1287 3859; x_wconf 65' lang='lat' dir='ltr'><strong>lonenses</strong></span> <span class='ocrx_word' id='word_1_237' title='bbox 1323 3775 1509 3856; x_wconf 80' lang='lat' dir='ltr'><strong>Euarsoiu</strong></span> <span class='ocrx_word' id='word_1_238' title='bbox 1547 3774 1597 3855; x_wconf 86' lang='lat' dir='ltr'><strong>de</strong></span> <span class='ocrx_word' id='word_1_239' title='bbox 1621 3773 1777 3875; x_wconf 86' lang='lat' dir='ltr'><strong>ordine</strong></span> <span class='ocrx_word' id='word_1_240' title='bbox 1815 3775 1886 3853; x_wconf 92' lang='lat' dir='ltr'><strong>mi-</strong></span> 
     </span>
     <span class='ocr_line' id='line_1_26' title="bbox 96 3879 1887 3996; baseline 0.002 -36"><span class='ocrx_word' id='word_1_241' title='bbox 96 3881 196 3964; x_wconf 91' lang='lat' dir='ltr'><strong>liturn</strong></span> <span class='ocrx_word' id='word_1_242' title='bbox 225 3887 382 3981; x_wconf 89' lang='lat' dir='ltr'><strong>ohristi,</strong></span> <span class='ocrx_word' id='word_1_243' title='bbox 414 3902 533 3994; x_wconf 87' lang='lat' dir='ltr'><strong>pater</strong></span> <span class='ocrx_word' id='word_1_244' title='bbox 562 3886 754 3967; x_wconf 88' lang='lat' dir='ltr'><strong>christine</strong></span> <span class='ocrx_word' id='word_1_245' title='bbox 784 3883 908 3965; x_wconf 88' lang='lat' dir='ltr'><strong>felicis</strong></span> <span class='ocrx_word' id='word_1_246' title='bbox 938 3879 1128 3969; x_wconf 84' lang='lat' dir='ltr'><strong>memorie</strong></span> <span class='ocrx_word' id='word_1_247' title='bbox 1159 3891 1294 3969; x_wconf 80' lang='lat' dir='ltr'><strong>uxoris</strong></span> <span class='ocrx_word' id='word_1_248' title='bbox 1330 3888 1483 3968; x_wconf 92' lang='lat' dir='ltr'><strong>domini</strong></span> <span class='ocrx_word' id='word_1_249' title='bbox 1513 3885 1666 3995; x_wconf 85' lang='lat' dir='ltr'><strong>Birgeri</strong></span> <span class='ocrx_word' id='word_1_250' title='bbox 1697 3902 1887 3996; x_wconf 89' lang='lat' dir='ltr'><strong>peterson</strong></span> 
     </span>
     <span class='ocr_line' id='line_1_27' title="bbox 97 3992 1883 4107; baseline 0.003 -37"><span class='ocrx_word' id='word_1_251' title='bbox 97 3993 248 4103; x_wconf 80' lang='lat' dir='ltr'><strong>legiferi,</strong></span> <span class='ocrx_word' id='word_1_252' title='bbox 283 3997 378 4076; x_wconf 91' lang='lat' dir='ltr'><strong>licet</strong></span> <span class='ocrx_word' id='word_1_253' title='bbox 403 3994 624 4078; x_wconf 90' lang='lat' dir='ltr'><strong>secundum</strong></span> <span class='ocrx_word' id='word_1_254' title='bbox 656 3996 914 4107; x_wconf 84' lang='lat' dir='ltr'><strong>priuilegium</strong></span> <span class='ocrx_word' id='word_1_255' title='bbox 945 3995 1080 4084; x_wconf 90' lang='lat' dir='ltr'><strong>ordini</strong></span> <span class='ocrx_word' id='word_1_256' title='bbox 1109 4027 1198 4079; x_wconf 90' lang='lat' dir='ltr'><strong>meo</strong></span> <span class='ocrx_word' id='word_1_257' title='bbox 1216 3997 1528 4106; x_wconf 84' lang='lat' dir='ltr'><strong>ahapostolica</strong></span> <span class='ocrx_word' id='word_1_258' title='bbox 1559 3992 1652 4076; x_wconf 90' lang='lat' dir='ltr'><strong>sede</strong></span> <span class='ocrx_word' id='word_1_259' title='bbox 1669 3997 1883 4092; x_wconf 89' lang='lat' dir='ltr'><strong>indultum,</strong></span> 
     </span>
     <span class='ocr_line' id='line_1_28' title="bbox 95 4105 1884 4218; baseline 0.002 -35"><span class='ocrx_word' id='word_1_260' title='bbox 95 4105 324 4189; x_wconf 86' lang='lat' dir='ltr'><strong>hereditarie</strong></span> <span class='ocrx_word' id='word_1_261' title='bbox 353 4109 502 4218; x_wconf 90' lang='lat' dir='ltr'><strong>possim</strong></span> <span class='ocrx_word' id='word_1_262' title='bbox 531 4108 747 4192; x_wconf 88' lang='lat' dir='ltr'><strong>succedere</strong></span> <span class='ocrx_word' id='word_1_263' title='bbox 777 4137 852 4216; x_wconf 91' lang='lat' dir='ltr'><strong>pro</strong></span> <span class='ocrx_word' id='word_1_264' title='bbox 882 4137 944 4188; x_wconf 90' lang='lat' dir='ltr'><strong>me</strong></span> <span class='ocrx_word' id='word_1_265' title='bbox 973 4115 1014 4189; x_wconf 90' lang='grc'><strong>8(</strong></span> <span class='ocrx_word' id='word_1_266' title='bbox 1042 4111 1187 4192; x_wconf 91' lang='lat' dir='ltr'><strong>ordine</strong></span> <span class='ocrx_word' id='word_1_267' title='bbox 1216 4139 1304 4192; x_wconf 92' lang='lat' dir='ltr'><strong>meo</strong></span> <span class='ocrx_word' id='word_1_268' title='bbox 1334 4113 1375 4190; x_wconf 91' lang='lat' dir='ltr'><strong>in</strong></span> <span class='ocrx_word' id='word_1_269' title='bbox 1407 4108 1523 4191; x_wconf 86' lang='lat' dir='ltr'><strong>honis&#39;</strong></span> <span class='ocrx_word' id='word_1_270' title='bbox 1560 4105 1786 4190; x_wconf 82' lang='lat' dir='ltr'><strong>liarissime.</strong></span> <span class='ocrx_word' id='word_1_271' title='bbox 1806 4108 1884 4187; x_wconf 90' lang='lat' dir='ltr'><strong>lilie</strong></span> 
     </span>
     <span class='ocr_line' id='line_1_29' title="bbox 98 4219 1886 4330; baseline 0.002 -34"><span class='ocrx_word' id='word_1_272' title='bbox 98 4243 167 4298; x_wconf 88' lang='lat' dir='ltr'><strong>mee</strong></span> <span class='ocrx_word' id='word_1_273' title='bbox 196 4219 382 4330; x_wconf 88' lang='lat' dir='ltr'><strong>predicte</strong></span> <span class='ocrx_word' id='word_1_274' title='bbox 419 4221 594 4318; x_wconf 88' lang='lat' dir='ltr'><strong>Cristine</strong></span> <span class='ocrx_word' id='word_1_275' title='bbox 639 4220 831 4302; x_wconf 87' lang='lat' dir='ltr'><strong>defuhote</strong></span> <span class='ocrx_word' id='word_1_276' title='bbox 874 4221 978 4300; x_wconf 92' lang='lat' dir='ltr'><strong>sicut</strong></span> <span class='ocrx_word' id='word_1_277' title='bbox 1019 4219 1193 4303; x_wconf 88' lang='lat' dir='ltr'><strong>facerem</strong></span> <span class='ocrx_word' id='word_1_278' title='bbox 1236 4225 1276 4304; x_wconf 91' lang='lat' dir='ltr'><strong>in</strong></span> <span class='ocrx_word' id='word_1_279' title='bbox 1319 4238 1425 4302; x_wconf 87' lang='lat' dir='ltr'><strong>statu</strong></span> <span class='ocrx_word' id='word_1_280' title='bbox 1468 4219 1639 4302; x_wconf 90' lang='lat' dir='ltr'><strong>seculari</strong></span> <span class='ocrx_word' id='word_1_281' title='bbox 1690 4223 1886 4316; x_wconf 83' lang='lat' dir='ltr'><strong>existens,</strong></span> 
     </span>
     <span class='ocr_line' id='line_1_30' title="bbox 98 4329 1885 4444; baseline 0.004 -38"><span class='ocrx_word' id='word_1_282' title='bbox 98 4341 216 4410; x_wconf 85' lang='lat' dir='ltr'><strong>tamen</strong></span> <span class='ocrx_word' id='word_1_283' title='bbox 244 4332 369 4412; x_wconf 89' lang='lat' dir='ltr'><strong>saluti</strong></span> <span class='ocrx_word' id='word_1_284' title='bbox 398 4333 531 4412; x_wconf 89' lang='lat' dir='ltr'><strong>anime</strong></span> <span class='ocrx_word' id='word_1_285' title='bbox 560 4333 686 4440; x_wconf 89' lang='lat' dir='ltr'><strong>ipsius</strong></span> <span class='ocrx_word' id='word_1_286' title='bbox 713 4329 901 4411; x_wconf 85' lang='lat' dir='ltr'><strong>defuncte</strong></span> <span class='ocrx_word' id='word_1_287' title='bbox 932 4329 1070 4414; x_wconf 91' lang='lat' dir='ltr'><strong>volens</strong></span> <span class='ocrx_word' id='word_1_288' title='bbox 1100 4353 1266 4442; x_wconf 87' lang='lat' dir='ltr'><strong>paterne</strong></span> <span class='ocrx_word' id='word_1_289' title='bbox 1303 4329 1522 4444; x_wconf 70' lang='lat' dir='ltr'><strong>prouidere</strong></span> <span class='ocrx_word' id='word_1_290' title='bbox 1560 4338 1599 4414; x_wconf 87' lang='grc'><strong>8(</strong></span> <span class='ocrx_word' id='word_1_291' title='bbox 1636 4333 1801 4413; x_wconf 85' lang='lat' dir='ltr'><strong>utilitati</strong></span> <span class='ocrx_word' id='word_1_292' title='bbox 1838 4362 1885 4413; x_wconf 85' lang='lat' dir='ltr'><strong>ac</strong></span> 
     </span>
    </p>

    <p class='ocr_par' dir='ltr' id='par_1_14' title="bbox 11 4438 1885 4668">
     <span class='ocr_line' id='line_1_31' title="bbox 11 4438 1885 4554; baseline 0.003 -36"><span class='ocrx_word' id='word_1_293' title='bbox 11 4439 12 4452; x_wconf 46' lang='lat'>³</span> <span class='ocrx_word' id='word_1_294' title='bbox 99 4442 358 4523; x_wconf 83' lang='lat' dir='ltr'><strong>consolacioni</strong></span> <span class='ocrx_word' id='word_1_295' title='bbox 386 4471 542 4525; x_wconf 38' lang='lat' dir='ltr'><strong>,eorum</strong></span> <span class='ocrx_word' id='word_1_296' title='bbox 585 4444 658 4551; x_wconf 94' lang='lat' dir='ltr'><strong>qui</strong></span> <span class='ocrx_word' id='word_1_297' title='bbox 701 4461 794 4552; x_wconf 91' lang='lat' dir='ltr'><strong>post</strong></span> <span class='ocrx_word' id='word_1_298' title='bbox 834 4471 896 4522; x_wconf 91' lang='lat' dir='ltr'><strong>me</strong></span> <span class='ocrx_word' id='word_1_299' title='bbox 939 4445 1026 4524; x_wconf 92' lang='lat' dir='ltr'><strong>eius</strong></span> <span class='ocrx_word' id='word_1_300' title='bbox 1076 4444 1260 4554; x_wconf 84' lang='lat' dir='ltr'><strong>legittimi</strong></span> <span class='ocrx_word' id='word_1_301' title='bbox 1304 4462 1399 4525; x_wconf 91' lang='lat' dir='ltr'><strong>sunt</strong></span> <span class='ocrx_word' id='word_1_302' title='bbox 1439 4438 1618 4540; x_wconf 88' lang='lat' dir='ltr'><strong>heredes,</strong></span> <span class='ocrx_word' id='word_1_303' title='bbox 1659 4444 1885 4538; x_wconf 90' lang='lat' dir='ltr'><strong>intendens,</strong></span> 
     </span>
     <span class='ocr_line' id='line_1_32' title="bbox 100 4553 1884 4668; baseline 0.002 -38"><span class='ocrx_word' id='word_1_304' title='bbox 100 4567 240 4633; x_wconf 86' lang='lat' dir='ltr'><strong>retenta</strong></span> <span class='ocrx_word' id='word_1_305' title='bbox 270 4553 370 4633; x_wconf 91' lang='lat' dir='ltr'><strong>mihi</strong></span> <span class='ocrx_word' id='word_1_306' title='bbox 399 4582 476 4634; x_wconf 89' lang='lat' dir='ltr'><strong>vna</strong></span> <span class='ocrx_word' id='word_1_307' title='bbox 502 4557 614 4634; x_wconf 89' lang='lat' dir='ltr'><strong>curia</strong></span> <span class='ocrx_word' id='word_1_308' title='bbox 638 4553 775 4652; x_wconf 71' lang='lat' dir='ltr'><strong>Sprbir</strong></span> <span class='ocrx_word' id='word_1_309' title='bbox 802 4558 843 4634; x_wconf 88' lang='grc'><strong>8(</strong></span> <span class='ocrx_word' id='word_1_310' title='bbox 871 4553 1039 4637; x_wconf 88' lang='lat' dir='ltr'><strong>dimidio</strong></span> <span class='ocrx_word' id='word_1_311' title='bbox 1069 4574 1241 4668; x_wconf 86' lang='lat' dir='ltr'><strong>attungo</strong></span> <span class='ocrx_word' id='word_1_312' title='bbox 1270 4560 1310 4637; x_wconf 93' lang='lat' dir='ltr'><strong>in</strong></span> <span class='ocrx_word' id='word_1_313' title='bbox 1347 4557 1474 4637; x_wconf 83' lang='lat' dir='ltr'><strong>huarl</strong></span> <span class='ocrx_word' id='word_1_314' title='bbox 1496 4562 1537 4638; x_wconf 89' lang='grc'><strong>8(</strong></span> <span class='ocrx_word' id='word_1_315' title='bbox 1569 4557 1741 4636; x_wconf 90' lang='lat' dir='ltr'><strong>Centum</strong></span> <span class='ocrx_word' id='word_1_316' title='bbox 1778 4584 1884 4636; x_wconf 88' lang='lat' dir='ltr'><strong>mar·</strong></span> 
     </span>
    </p>

    <p class='ocr_par' dir='ltr' id='par_1_15' title="bbox 11 4662 1883 4778">
     <span class='ocr_line' id='line_1_33' title="bbox 11 4662 1883 4778; baseline -0.001 -30"><span class='ocrx_word' id='word_1_317' title='bbox 11 4669 12 4748; x_wconf 82' lang='lat' dir='ltr'><strong>j</strong></span> <span class='ocrx_word' id='word_1_318' title='bbox 100 4663 145 4740; x_wconf 87' lang='lat' dir='ltr'><strong>uis</strong></span> <span class='ocrx_word' id='word_1_319' title='bbox 171 4663 430 4746; x_wconf 88' lang='lat' dir='ltr'><strong>denariorum</strong></span> <span class='ocrx_word' id='word_1_320' title='bbox 467 4662 735 4774; x_wconf 89' lang='lat' dir='ltr'><strong>percipiendis</strong></span> <span class='ocrx_word' id='word_1_321' title='bbox 775 4664 825 4748; x_wconf 94' lang='lat' dir='ltr'><strong>de</strong></span> <span class='ocrx_word' id='word_1_322' title='bbox 861 4667 979 4747; x_wconf 92' lang='lat' dir='ltr'><strong>bonis</strong></span> <span class='ocrx_word' id='word_1_323' title='bbox 1023 4667 1213 4751; x_wconf 78' lang='lat' dir='ltr'><strong>defuncte</strong></span> <span class='ocrx_word' id='word_1_324' title='bbox 1256 4685 1380 4778; x_wconf 91' lang='lat' dir='ltr'><strong>prout</strong></span> <span class='ocrx_word' id='word_1_325' title='bbox 1422 4670 1463 4746; x_wconf 91' lang='lat' dir='ltr'><strong>in</strong></span> <span class='ocrx_word' id='word_1_326' title='bbox 1504 4668 1590 4748; x_wconf 90' lang='lat' dir='ltr'><strong>eius</strong></span> <span class='ocrx_word' id='word_1_327' title='bbox 1641 4683 1883 4747; x_wconf 88' lang='lat' dir='ltr'><strong>testamento</strong></span> 
     </span>
    </p>

    <p class='ocr_par' dir='ltr' id='par_1_16' title="bbox 12 4775 1942 4888">
     <span class='ocr_line' id='line_1_34' title="bbox 12 4775 1942 4888; baseline 0.002 -34"><span class='ocrx_word' id='word_1_328' title='bbox 12 4807 13 4864; x_wconf 76' lang='grc' dir='ltr'><em>ῑ</em></span> <span class='ocrx_word' id='word_1_329' title='bbox 100 4777 318 4859; x_wconf 80' lang='lat' dir='ltr'><strong>continetur</strong></span> <span class='ocrx_word' id='word_1_330' title='bbox 347 4803 545 4885; x_wconf 82' lang='lat' dir='ltr'><strong>expresse,</strong></span> <span class='ocrx_word' id='word_1_331' title='bbox 575 4793 852 4858; x_wconf 87' lang='lat' dir='ltr'><strong>testamentum</strong></span> <span class='ocrx_word' id='word_1_332' title='bbox 882 4775 1058 4858; x_wconf 90' lang='lat' dir='ltr'><strong>eiusdem</strong></span> <span class='ocrx_word' id='word_1_333' title='bbox 1090 4781 1271 4888; x_wconf 90' lang='lat' dir='ltr'><strong>predicte</strong></span> <span class='ocrx_word' id='word_1_334' title='bbox 1300 4781 1370 4859; x_wconf 90' lang='lat' dir='ltr'><strong>lilii</strong></span> <span class='ocrx_word' id='word_1_335' title='bbox 1399 4805 1484 4858; x_wconf 90' lang='lat' dir='ltr'><strong>mee</strong></span> <span class='ocrx_word' id='word_1_336' title='bbox 1514 4779 1681 4875; x_wconf 79' lang='lat' dir='ltr'><strong>ratificO,</strong></span> <span class='ocrx_word' id='word_1_337' title='bbox 1713 4784 1752 4857; x_wconf 92' lang='grc'><strong>8(</strong></span> <span class='ocrx_word' id='word_1_338' title='bbox 1773 4784 1880 4857; x_wconf 90' lang='lat' dir='ltr'><strong>omni</strong></span> <span class='ocrx_word' id='word_1_339' title='bbox 1937 4811 1942 4817; x_wconf 91' lang='lat'><em>·</em></span> 
     </span>
    </p>

    <p class='ocr_par' dir='ltr' id='par_1_17' title="bbox 12 4887 1881 5114">
     <span class='ocr_line' id='line_1_35' title="bbox 12 4887 1881 5016; baseline 0.002 -52"><span class='ocrx_word' id='word_1_340' title='bbox 12 4999 13 5002; x_wconf 4' lang='lat' dir='ltr'><strong>p</strong></span> <span class='ocrx_word' id='word_1_341' title='bbox 99 4911 172 4992; x_wconf 83' lang='lat' dir='ltr'><strong>quo</strong></span> <span class='ocrx_word' id='word_1_342' title='bbox 191 4916 363 5016; x_wconf 70' lang='lat' dir='ltr'><strong>posspm</strong></span> <span class='ocrx_word' id='word_1_343' title='bbox 392 4891 480 4968; x_wconf 89' lang='lat' dir='ltr'><strong>iure</strong></span> <span class='ocrx_word' id='word_1_344' title='bbox 508 4887 716 4984; x_wconf 85' lang='lat' dir='ltr'><strong>confirmo,</strong></span> <span class='ocrx_word' id='word_1_345' title='bbox 747 4893 786 4968; x_wconf 94' lang='grc'><strong>8(</strong></span> <span class='ocrx_word' id='word_1_346' title='bbox 814 4887 1007 4970; x_wconf 85' lang='lat' dir='ltr'><strong>defuncte</strong></span> <span class='ocrx_word' id='word_1_347' title='bbox 1043 4889 1258 4972; x_wconf 89' lang='lat' dir='ltr'><strong>heredibus</strong></span> <span class='ocrx_word' id='word_1_348' title='bbox 1293 4906 1383 4999; x_wconf 90' lang='lat' dir='ltr'><strong>post</strong></span> <span class='ocrx_word' id='word_1_349' title='bbox 1421 4917 1482 4969; x_wconf 89' lang='lat' dir='ltr'><strong>me</strong></span> <span class='ocrx_word' id='word_1_350' title='bbox 1518 4890 1743 4997; x_wconf 85' lang='lat' dir='ltr'><strong>legittimis,</strong></span> <span class='ocrx_word' id='word_1_351' title='bbox 1778 4917 1881 4999; x_wconf 90' lang='lat' dir='ltr'><strong>quos</strong></span> 
     </span>
     <span class='ocr_line' id='line_1_36' title="bbox 99 4974 1880 5114; baseline 0.001 -38"><span class='ocrx_word' id='word_1_352' title='bbox 99 4974 426 5082; x_wconf 79' lang='lat' dir='ltr'><strong>karissrldos&#39;mihi</strong></span> <span class='ocrx_word' id='word_1_353' title='bbox 441 4999 706 5110; x_wconf 83' lang='lat' dir='ltr'><strong>&amp;plurimum</strong></span> <span class='ocrx_word' id='word_1_354' title='bbox 717 5002 969 5111; x_wconf 89' lang='lat' dir='ltr'><strong>propinquos</strong></span> <span class='ocrx_word' id='word_1_355' title='bbox 985 5003 1081 5082; x_wconf 89' lang='lat' dir='ltr'><strong>totis</strong></span> <span class='ocrx_word' id='word_1_356' title='bbox 1098 5003 1318 5085; x_wconf 84' lang='lat' dir='ltr'><strong>visceribus</strong></span> <span class='ocrx_word' id='word_1_357' title='bbox 1326 5000 1464 5114; x_wconf 83' lang='lat' dir='ltr'><strong>diligo,</strong></span> <span class='ocrx_word' id='word_1_358' title='bbox 1478 5001 1741 5084; x_wconf 86' lang='lat' dir='ltr'><strong>hereditatem</strong></span> <span class='ocrx_word' id='word_1_359' title='bbox 1755 5002 1880 5110; x_wconf 89' lang='lat' dir='ltr'><strong>ipsius</strong></span> 
     </span>
    </p>
   </div>
   <div class='ocr_carea' id='block_1_9' title="bbox 0 0 2165 5972">
    <p class='ocr_par' dir='ltr' id='par_1_18' title="bbox 0 0 2165 5972">
     <span class='ocr_line' id='line_1_37' title="bbox 0 0 2165 5972; baseline 0 0"><span class='ocrx_word' id='word_1_360' title='bbox 0 0 2165 5972; x_wconf 95' lang='lat' dir='ltr'><strong> </strong></span> 
     </span>
    </p>
   </div>
  </div>
 </body>
</html>
