4317 5975
818 478 1236 584 ...193-

125 718 208 804 qne
237 719 340 773 onus
371 690 614 801 prudentius
640 711 903 802 supportare,
931 712 977 776 ut
1005 696 1048 775 in
1075 724 1197 805 grege
1226 700 1304 780 tibi
1331 702 1541 782 commisso
1571 700 1836 810 multiplicato
1865 720 1925 785 ta·

16 823 20 831 '
126 808 238 885 lento
272 804 437 912 superni
475 802 639 911 adjutus
675 805 833 891 auxiliis
870 834 950 886 una
987 807 1078 887 cum
1123 838 1245 917 grege
1289 812 1378 918 ipso
1421 815 1609 894 merearis
1655 814 1698 893 in
1741 813 1924 896 districto

123 915 313 999 examine
343 912 393 994 ad
422 914 594 1021 gloriam
622 918 862 1026 sempiterne
892 916 1017 998 letitie
1045 918 1260 1000 introduci.
1326 925 1474 1005 Datum
1502 926 1685 1033 Anagnie
1712 924 1811 1005 XVI
1839 927 1924 1005 Ka·

40 1078 44 1085 -
125 1025 268 1109 lendes
298 1025 567 1135 Septembris,
599 1026 863 1127 Pontificatus,
888 1029 1015 1111 nostri
1043 1033 1164 1110 Auno
1192 1033 1339 1113 Primo.

129 1460 315 1642 1137.Ι
758 1505 926 1647 1295.
968 1503 1017 1608 d.
1071 1500 1137 1648 17
1186 1504 1313 1649 Aug.
1617 1500 1621 1515 ’
1714 1506 1925 1673 Anagni.

208 1718 328 1783 Pliven
350 1720 532 1802 &ruimus
552 1720 654 1783 Vlllts
673 1720 761 1783 Bulla
784 1722 831 1785 till
853 1717 1084 1787 Dum-Pediten
1106 1721 1167 1787 och
1189 1723 1421 1809 nom-eaptus
1442 1723 1452 1785 i
1470 1721 1590 1809 upon
1610 1742 1663 1785 om
1683 1724 1756 1787 Nus
1776 1726 1925 1790 daurons

262 1806 442 1886 ututtmning
465 1804 513 1865 till
534 1801 756 1889 irie-Bistop.
1282 1875 1285 1882 ¹

1511 1916 1728 1987 nescu.
1795 1868 1800 1876 ¹

266 2050 510 2133 Bomrnrlus
540 2052 753 2160 episcopus
782 2080 923 2134 seruus
951 2080 1162 2138 seruorum
1191 2051 1266 2134 dei.
1296 2051 1618 2156 Dilectisfilijs..
1647 2054 1857 2163 Proposito
1885 2071 1926 2135 et

110 2160 320 2272 'Capitulo
351 2163 527 2243 Ecclesie
543 2162 796 2271 upsallensis,
826 2165 1063 2246 salutemet
1093 2165 1355 2272 apostolicam
1383 2162 1714 2245 benedictionem.
1745 2165 1826 2245 Cor
1853 2193 1926 2246 no·
1994 2228 1999 2239 .

124 2293 255 2355 strum
285 2272 532 2355 iocunditate
565 2272 845 2382 perfunditur,
873 2292 914 2356 et
943 2276 985 2355 in
1014 2273 1179 2355 domino
1206 2302 1257 2355 ex
1285 2276 1435 2355 intimis
1450 2275 1687 2371 exultamus,
1717 2304 1807 2355 cnm
1837 2277 1926 2383 ipso
2023 2356 2026 2360 ,
2071 2263 2074 2270 ’

124 2384 298 2465 iaciente
325 2385 398 2494 qui
426 2382 682 2465 concordiam
714 2385 755 2463 in
785 2384 1026 2467 sublimibus
1062 2402 1257 2495 operatur
1294 2389 1336 2466 iu
1362 2385 1540 2492 ecclesiis
1568 2386 1806 2466 uocantibus
1836 2414 1925 2493 per·
1961 2459 1964 2465 .

125 2524 245 2576 sonas
273 2496 533 2577 concorditer
561 2495 655 2603 eligi
683 2496 884 2603 contingit
912 2495 1092 2602 ydoneus
1121 2498 1162 2575 in
1192 2515 1393 2606 pastores,
1422 2497 1473 2578 ad
1501 2523 1672 2607 quarum
1698 2494 1927 2604 ¹expeditio·

35 2632 42 2647 '
125 2634 217 2688 nem
248 2605 417 2686 celerem
447 2632 521 2686 nos
550 2607 592 2686 in
625 2606 878 2714 plenitudine
907 2606 1189 2688 sollicitudinis
1217 2636 1391 2717 superna
1413 2607 1678 2716 dispositione
1706 2609 1841 2688 uocati
1862 2608 1925 2689 of·

124 2718 207 2827 licij
238 2718 368 2796 nostri
396 2714 578 2797 debitum
608 2716 799 2825 uigilanti
822 2716 956 2817 studio
988 2720 1252 2826 impertimur.
1307 2723 1412 2801 Sane
1441 2718 1548 2819 bone
1576 2718 1765 2802 memorie
1800 2717 1926 2799 sratre

126 2830 309 2910 iohanne
337 2845 435 2909 tunc
464 2827 640 2910 Aboensi
683 2830 907 2937 Episcopo,
974 2830 1015 2909 ui
1052 2846 1145 2936 post
1185 2829 1341 2912 obitum
1370 2832 1437 2938 pic
1471 2830 1659 2910 memorie
1687 2829 1824 2935 Magni
1850 2856 1925 2937 vp-

127 2938 306 3022 s'allensis
334 2938 471 3037 electi,
500 2958 540 3020 et
567 2940 808 3038 consecrati,
844 2966 866 3020 a
897 2859 1015 3022 uobis
1044 2938 1096 3021 ed
1125 2942 1251 3050 ipsius
1286 2940 1520 3051 upsallensis
1547 2938 1711 3041 ecclesie
1744 2932 1923 3050 regimen

126 3050 387 3135 concorditer
414 3051 548 3133 extitit
580 3050 827 3162 postulatus,
863 3070 956 3134 ante
985 3052 1255 3160 receptionem
1285 3053 1407 3161 pallei
1440 3055 1547 3134 niam
1575 3051 1764 3132 uniuerse
1792 3045 1954 3154 carnis·

125 3167 330 3270 ingresso,
358 3189 433 3242 uos
461 3165 617 3243 uocatis
645 3163 830 3245 omnibus
867 3165 939 3274 qui
974 3164 1215 3258 uoluerunt,
1249 3160 1499 3261 debuerunt,
1527 3177 1569 3243 et
1608 3177 1828 3270 potuerunt
1855 3189 1924 3243 co·

115 3274 245 3356 'mode
273 3275 483 3368 interesse,
512 3274 578 3354 die
607 3270 667 3354 ad·
685 3273 914 3382 eligendum
933 3273 1097 3384 prefixa,
1126 3289 1172 3354 ut
1201 3277 1321 3356 moris
1335 3290 1397 3354 est
1416 3275 1758 3372 conuenientesin
1786 3300 1924 3371 unum,
1986 3347 1989 3351 ,
2127 3339 2153 3352 ..

122 3404 163 3466 et
192 3387 359 3494 spiritus
401 3385 530 3464 sancti
571 3386 701 3494 gratia
745 3387 949 3492 inuocata,
993 3383 1266 3466 deliberantes
1309 3387 1351 3465 in
1393 3384 1622 3465 huiusmodi
1657 3386 1925 3495 negotio'per

126 3499 234 3577 uiam
264 3495 448 3602 scrutinij
477 3495 718 3603 procedere,
746 3495 846 3576 Tres
875 3524 923 3577 ex
952 3494 1071 3576 uobis
1106 3493 1294 3576 uidelicet
1338 3494 1591 3577 Euerardum
1633 3497 1924 3603 presbiterum,
2057 3519 2063 3535 ⁸
2095 3595 2101 3616 .
2141 3487 2150 3494 ’

118 3605 356 3688 'Gerardum
385 3607 615 3702 Diaconum,
645 3623 686 3686 et
708 3607 949 3715 Hemingum
966 3603 1271 3704 subdiaconem,
1301 3608 1526 3688 Canonicos
1553 3604 1730 3686 eiusdem
1758 3607 1924 3687 ecclesie

124 3719 174 3801 ad
204 3715 468 3799 scrutandum
497 3746 543 3796 ea
573 3719 660 3798 uice
689 3745 761 3798 sua
789 3735 830 3798 et
857 3719 1109 3824 singulorum
1134 3718 1310 3797 omnium
1341 3734 1455 3814 uota,
1485 3718 1730 3798 unanimiter
1757 3734 1798 3797 et
1826 3744 1923 3798 con·

124 3828 304 3911 corditer
333 3829 527 3936 elegistis,
569 3829 640 3937 qui
679 3828 907 3910 secedentes
937 3835 977 3910 in
1007 3831 1331 3950 partemNuotis
1371 3830 1551 3938 ipsorum
1579 3843 1622 3906 et
1650 3828 1830 3907 omnium
1854 3857 1922 3908 ue-

124 3960 253 4022 strum
282 3940 516 4052 exequisitis
558 3940 827 4020 venerabilem
873 3941 1038 4020 fratrem
1070 3955 1276 4035 nostrum,
1319 3939 1531 4032 Nicolaum
1573 3937 1920 4046 archiepiscopum
1955 4024 1957 4028 Α

127 4052 415 4162 upsallensem,
443 4050 761 4131 tuncDecanum
792 4051 916 4158 ipsius
944 4048 1128 4144 ecclesie,
1159 4051 1198 4128 in
1227 4051 1392 4131 remotis
1420 4064 1622 4158 agentem,
1651 4050 1695 4128 in
1722 4064 1920 4146 uestrum,
2048 4065 2054 4074 '

123 4182 166 4246 et
196 4161 377 4271 predicte
406 4160 659 4271 vpssallensis
691 4159 859 4252 ecclesie¹
885 4160 1230 4271 archiepiscopum
1259 4160 1488 4270 elegerunt,
1524 4176 1813 4269 contraquam
1843 4157 1922 4239 ele·

123 4277 299 4378 ctionem
336 4270 385 4352 de
406 4274 503 4381 ipso
538 4270 703 4368 sectam,
746 4286 787 4350 et
829 4274 914 4353 eiu's
957 4298 1187 4380 processum
1230 4301 1305 4381 per
1338 4271 1529 4355 dilectum
1570 4269 1694 4355 lilium
1723 4270 1922 4351 Karolum

128 4384 296 4466 Erlendi
326 4385 576 4464 Canonicum
607 4385 732 4492 ipsius
760 4382 944 4478 ecclesie,
973 4400 1071 4464 tuuc
1100 4383 1143 4461 in
1171 4383 1350 4466 Romana
1379 4384 1509 4465 Curis
1530 4383 1789 4475 existentem,
1820 4383 1921 4462 exti·
2056 4469 2060 4475 ¹
2108 4409 2112 4414 ’

125 4501 177 4578 tit
205 4495 475 4606 appellatum,
505 4510 547 4574 et
575 4495 740 4598 negotio
770 4495 858 4603 ipso
887 4492 940 4576 ad
968 4493 1100 4575 sedem
1130 4495 1486 4603 eandemlegitime
1507 4489 1721 4588 deuolute,
1749 4488 1920 4572 dilectus

125 4610 231 4690 lilius
264 4609 388 4688 frater
415 4609 559 4687 Petrus
588 4603 638 4686 de
667 4606 859 4688 Murrone
887 4624 986 4688 tunc
1015 4605 1241 4688 Celestinus
1269 4635 1375 4715 papa
1403 4607 1594 4709 Quintus,
1621 4630 1829 4713 precessor
1849 4631 1945 4709 no·>

125 4738 219 4816 ster,
252 4745 412 4800 causam
440 4716 646 4797 electionis
659 4715 888 4799 huiusmodi
907 4715 1022 4800 nobis
1037 4733 1137 4798 tunc
1165 4718 1273 4798 tituli
1300 4719 1430 4802 sancti
1456 4715 1618 4797 Martini
1646 4715 1923 4798 inMontibus

128 4830 354 4940 presbitero
383 4826 610 4925 Cardiuali,
639 4826 928 4912 discutiendam
957 4830 1166 4911 commisit.
1196 4830 1323 4912 Nobis
1351 4831 1487 4938 itaque
1515 4843 1609 4906 ante
1637 4825 1921 4907 discussionem
2002 4826 2005 4831 ’

128 4943 350 5052 plenariam
381 4937 596 5064 electionis¹
615 4926 796 5049 predicte
824 4939 1122 5023 sicut'domino
1150 4942 1302 5050 placuit
1329 4941 1379 5023 ad
1409 4941 1563 5048 apicem
1593 4936 1842 5109 apostplatus
1861 4961 1924 5016 as·

261 5066 307 5119 sv.
324 5065 445 5138 upton.
464 5065 506 5118 11.
1052 5095 1055 5102 ,
1574 5074 1577 5078 ·
1687 5068 1707 5110 2
