4317 5975
759 471 878 544 .··
992 429 1065 512 551
1182 474 1238 494 -

11 702 20 729 ¹
135 654 294 814 1592.
749 656 899 762 1308
941 657 994 763 d.
1047 697 1113 772 12
1163 660 1291 803 Aug.
1456 639 1467 748 '-
1702 659 1926 768 Poitiers

80 894 89 908 .<
210 843 329 906 Pialven
351 843 489 904 Coeum
509 840 566 903 Vts
587 841 676 903 Bulla
697 841 742 902 till
767 839 939 924 llonungen
963 845 971 906 i
994 841 1130 926 sverig‘e,
1153 845 1410 907 riirandesamum
1433 851 1532 922 t'mne,
1555 843 1768 908 ntedsirslild
1791 867 1927 938 uppma·

263 929 351 1007 ning',
373 937 419 988 att
440 923 612 1006 Konungcn
635 925 644 983 i
666 945 740 1005 egen
764 945 874 1008 person
897 930 991 990 mitte
1011 929 1125 992 iolinns
1146 932 1189 1011 sig
1213 928 1264 989 vid
1287 927 1343 990 det
1361 927 1517 989 blissande
1538 927 1747 1061 kyrkopb'tct.
1837 956 1839 964 ¹

1669 1029 1715 1065 .e¹
1738 1027 1793 1081 ¹9⁰·

141 1251 167 1332 H
237 1142 428 1226 estuans
455 1145 562 1252 Papa
610 1142 784 1246 Qrintvs
827 1141 1071 1223 Charissimo
1112 1143 1160 1224 ln
1189 1144 1352 1224 Christo
1386 1144 1528 1225 Filio.
1559 1207 1566 1226 .
1597 1206 1606 1225 .
1636 1145 1736 1253 Regi
1780 1145 1928 1228 Sveciae

125 1255 138 1334 i
173 1253 284 1334 ustri.
914 1269 918 1276 ·

239 1363 429 1474 Regnans
456 1365 496 1445 in
527 1362 642 1445 Caelis
669 1365 922 1476 triumphans
950 1366 1149 1463 Ecclesia,
1193 1369 1307 1464 cuius
1336 1369 1477 1448 Pastor
1505 1381 1564 1445 est
1592 1370 1711 1447 Pater
1740 1384 1923 1464 aeternus,

69 1525 75 1532 ·
126 1477 192 1558 oui
220 1475 460 1556 Sanctorum
503 1477 731 1564 ministrant
770 1481 929 1586 agmina
958 1483 1032 1559 Sto.
1081 1481 1163 1560 lr'lo
1189 1481 1280 1559 med
1308 1479 1566 1584 sdregdende
1594 1479 1675 1558 Nso
1709 1483 1824 1584 1691,
1854 1481 1927 1559 oola

125 1587 324 1669 derunder
352 1587 533 1678 anfdrda
560 1590 747 1702 olilltcter
773 1593 851 1670 till:
880 1589 931 1671 ad
962 1587 1001 1669 id
1033 1587 1220 1671 duximus
1236 1587 1529 1697 deputandum,
1554 1587 1673 1668 Vnde
1700 1589 1925 1669 Venerabi-

42 1741 46 1749 ·
85 1800 92 1808 ⁸
127 1698 234 1780 libus
274 1697 486 1779 Fratribus
529 1703 678 1780 nostris
719 1701 1042 1810 Archiepiseopis
1084 1720 1125 1783 et
1153 1700 1365 1809 Episcopis
1393 1716 1433 1779 et
1462 1699 1618 1780 dilectis
1648 1699 1738 1807 filijs
1783 1699 1928 1781 Electis

44 1909 52 1918 ⁴
126 1809 375 1906 Abbatibus,
404 1809 630 1905 Prioribus,
661 1812 851 1909 Decanis,
880 1813 1129 1920 Praepositis,
1173 1811 1495 1908 Archidiaeonis,
1537 1810 1927 1919 Archipresbyteris,

98 1937 167 2028 ‘ct
195 1920 281 2001 aliis
311 1920 577 2002 Ecclesiarum
607 1921 785 2002 Praelatis
815 1925 1008 2032 exemptis
1037 1941 1076 2004 et
1106 1951 1186 2003 non
1222 1927 1438 2030 exemptis,
1480 1949 1702 2030 eorumque
1731 1921 1927 2030 Capitulis
2011 1957 2013 1962 ’
2065 1953 2069 1956 ·
2139 1889 2140 1894 Ν

125 2049 166 2114 et
194 2033 475 2146 Conuentibus
504 2061 578 2140 per
606 2033 703 2113 alias
739 2051 893 2114 nostras
937 2035 1090 2114 litteras
1134 2031 1404 2142 praecipiendo
1447 2031 1702 2128 mandamus,
1736 2050 1779 2113 vt
1807 2029 1927 2140 ijdem

28 2201 42 2216 ,
126 2143 450 2252 Arcbiepiseopi,
495 2171 568 2225 nec
611 2172 693 2223 non
737 2160 778 2224 ct
819 2147 951 2226 caeteri
984 2143 1178 2254 Episcopi
1210 2173 1282 2254 per
1310 2145 1489 2252 ipsorum
1519 2144 1929 2251 Arcbiepiscoporum
2040 2221 2048 2230 ,

123 2257 358 2337 Prouincias
388 2255 619 2350 constituti,
649 2257 690 2336 in
720 2253 864 2336 eisdem
896 2257 1040 2338 litteris
1069 2258 1275 2352 nominati,
1310 2255 1475 2365 reliquis
1505 2257 1683 2363 ipsorum
1707 2255 1928 2362 Episcopo·
2040 2349 2047 2358 ι

125 2395 214 2447 rum
238 2365 399 2448 indietis
428 2367 652 2474 Prouincijs
681 2368 981 2448 remanentibus
1009 2365 1061 2448 ad
1091 2397 1136 2447 ea
1165 2395 1256 2478 quae
1284 2365 1518 2448 Pontificale
1540 2365 1716 2444 officium
1746 2366 1927 2470 exigunt,
2033 2450 2037 2458 ,

125 2493 206 2558 tam
236 2480 275 2559 in
305 2477 387 2557 suis
415 2505 536 2587 quam
566 2478 724 2558 illarum
766 2476 967 2560 dictarum
1013 2479 1340 2574 Prouinerarum,
1381 2479 1454 2588 qui
1482 2474 1531 2556 ad
1560 2473 1791 2556 huiusmodi
1819 2477 1927 2555 Con·
2059 2569 2063 2576 .

124 2589 258 2672 cilium
289 2588 513 2670 rniuersale
541 2591 779 2670 accesserint
807 2588 1049 2671 Ciuitatibus
1077 2609 1118 2670 et
1145 2589 1382 2672 Diocesibus
1410 2587 1633 2668 exercenda
1663 2587 1773 2666 omni
1801 2585 1928 2694 negli-

123 2703 258 2812 gentia
289 2700 463 2810 relegata
491 2702 664 2797 cunctis,
694 2718 819 2810 prout
848 2701 939 2782 talis
968 2718 1009 2782 et
1035 2701 1141 2783 tanti
1169 2700 1323 2810 negotij
1351 2698 1527 2811 qualitas
1569 2699 1694 2806 exigit
1723 2696 1927 2806 dispositis

123 2829 164 2894 et
194 2814 363 2920 paratis,
391 2813 447 2892 sic
477 2809 609 2893 medio
638 2829 820 2920 tempore
847 2840 889 2894 se
916 2816 1128 2923 accingant
1155 2811 1208 2893 ad
1236 2815 1349 2908 iter,
1376 2809 1486 2922 quod
1530 2812 1572 2892 in
1600 2805 1830 2890 huiusmodi
1858 2806 1927 2888 de·

124 2941 235 3006 creto
268 2923 442 3005 termino
471 2951 591 3034 quem
621 2924 678 3005 eis
706 2942 746 3005 et
773 2923 862 3033 alijs
906 2925 1180 3034 peremptorie
1222 2925 1468 3033 assignamus
1498 2924 1541 3003 in
1569 2921 1788 3003 Viennensi
1816 2919 1927 3001 Ciui-

48 3108 57 3117 .
123 3051 206 3143 tate
236 3052 374 3116 nostra
402 3034 524 3141 ijdem
555 3035 859 3143 Arcbiepiscopi
888 3052 929 3117 et
958 3036 1151 3147 Episcopi
1179 3034 1315 3117 taliter
1337 3035 1533 3117 nominati
1550 3033 1826 3142 personaliter,
1854 3032 1925 3140 alij

123 3176 219 3228 vero
249 3164 499 3226 remanentes
527 3146 719 3256 Episcopi
749 3146 876 3228 Electi
903 3144 1103 3245 Abbatas,
1140 3146 1320 3245 Priores,
1366 3148 1535 3241 Decani,
1580 3146 1808 3252 Praepositi,
1851 3145 1926 3223 Ar·

123 3256 362 3353 chidiaconi,
392 3258 741 3366 Archipresbyteri
770 3275 811 3339 et
840 3257 1018 3355 Praelati,
1049 3257 1259 3367 Capitula,
1302 3274 1344 3339 et
1379 3258 1615 3339 Conuentus
1658 3282 1730 3364 per
1767 3254 1925 3337 eosdem
1974 3274 1984 3287 ·

125 3370 461 3477 Arcbiepiscopos
489 3386 531 3448 et
560 3370 783 3477 Episcopus
811 3366 861 3448 ad
892 3369 1126 3477 praedictum
1157 3369 1383 3450 Concilium
1413 3394 1657 3462 arscessuros,
1694 3366 1846 3476 quibus
1874 3362 1927 3445 ad
2008 3420 2019 3431 -
2049 3378 2052 3383 ’

20 3493 29 3505 ”
125 3480 260 3563 omnia
288 3508 379 3589 quse
420 3480 463 3559 in
504 3480 645 3559 eodem
684 3479 869 3560 Concilio
910 3496 1141 3561 statuentur
1182 3481 1278 3561 fient
1307 3494 1347 3560 et
1374 3476 1675 3559 ordinabuntur
1703 3494 1744 3556 et
1774 3476 1927 3555 fuerint

29 3660 38 3673 .
124 3608 357 3702 opportuna
384 3590 609 3671 concedant
651 3590 870 3699 plenariam
901 3592 1247 3699 potestatemsde
1276 3618 1356 3701 qua
1384 3588 1628 3671 sufficienter
1654 3602 1811 3668 constet
1856 3612 1928 3693 per

125 3702 288 3813 publica
318 3700 579 3796 documenta,
608 3703 843 3809 conspectui
871 3718 1168 3809 repraesentent.
1225 3700 1348 3803 Quod
1383 3704 1415 3781 si
1444 3700 1579 3779 forsan
1626 3701 1721 3807 ipsis
1763 3696 1927 3778 Archia·

125 3815 322 3923 piscopis,
354 3812 565 3921 Episcopis
594 3814 810 3891 accessuris
840 3812 1069 3893 huiusmodi
1113 3810 1320 3892 noluerint
1348 3808 1568 3891 concedere
1611 3824 1848 3915 potestatem
1878 3832 1926 3886 co
1968 3902 1971 3907 ‚

124 3952 219 4005 casu
249 3925 407 4018 venire,
451 3922 515 4001 rel
558 3918 659 4000 alins
687 3924 974 4002 Procuratores
1017 3920 1184 4003 idoneos
1226 3948 1317 4003 cum
1365 3932 1562 4029 potestate
1591 3918 1709 3998 simili
1738 3917 1789 3998 ad
1821 3915 1927 3997 idem
2028 4020 2030 4025 ,

124 4051 336 4116 teneantur
366 4031 591 4113 Concilium
619 4029 831 4113 destinare.
888 4032 979 4113 Non
1009 4030 1266 4112 obstantibus
1302 4028 1553 4142 quibuslibet
1582 4026 1809 4136 Priuilegijs
1856 4054 1927 4109 seu

123 4144 390 4253 indulgentiis
419 4142 730 4255 quibuscunque
760 4144 958 4251 personis,
987 4142 1143 4241 ordini,
1185 4141 1374 4253 dignitati
1413 4167 1482 4221 seu
1512 4139 1693 4247 Collegio
1721 4139 1797 4217 sub
1826 4164 1926 4248 qua·
2055 4238 2059 4245 Ι

125 4284 289 4369 cunque
319 4256 536 4336 verborum
564 4254 692 4336 forma
721 4253 784 4337 vel
812 4254 1069 4362 expressione
1099 4282 1121 4337 a
1154 4250 1343 4365 praedicta
1373 4250 1467 4334 sede
1497 4254 1711 4345 concessis,
1736 4268 1811 4358 per
1865 4276 1926 4329 use

18 4404 29 4413 ’
126 4370 255 4478 possit
282 4366 450 4447 effectus
478 4364 709 4448 huiusmodi
740 4364 918 4445 mandati
946 4366 1075 4446 nostri
1104 4362 1411 4476 quomodolibet
1452 4362 1656 4472 impediri,
1699 4378 1770 4443 aut
1797 4278 1926 4441 eiilem

49 4477 83 4587 J
126 4482 170 4562 in
199 4479 337 4590 aliquo
367 4476 566 4587 derogari.
617 4472 895 4559 Mandauimus
921 4474 1107 4586 insuper,
1147 4492 1192 4556 vt
1220 4476 1338 4585 ijdem
1368 4474 1670 4581 Arcbicpiscopi
1699 4491 1740 4553 et
1767 4470 1927 4552 Praelati

129 4618 272 4701 perse
301 4586 642 4671 velaliosViros
671 4585 891 4697 prudentes
935 4588 1065 4669 Deum
1107 4590 1312 4682 timentes,
1353 4602 1394 4668 et
1436 4584 1629 4666 babentes
1674 4610 1757 4692 prae
1799 4581 1926 4664 oculis

126 4702 260 4787 omnia
289 4726 381 4813 quae
410 4698 670 4781 correctionis
697 4714 739 4779 et
767 4696 1063 4781 reformationis
1092 4696 1227 4783 limam
1253 4712 1478 4807 exposcunt
1506 4696 1754 4807 inquirentes
1795 4693 1925 4775 subti-

127 4813 221 4895 liter
249 4830 290 4893 et
317 4809 618 4892 conscribentes
646 4805 817 4893 lideliter
844 4807 982 4891 eadem
1011 4808 1063 4890 ad
1092 4812 1218 4920 ipsius
1245 4806 1419 4917 Concilij
1447 4808 1632 4889 notitiam
1646 4804 1842 4887 delerant.
1873 4804 1926 4885 Et
2060 4884 2065 4894 ,

126 4934 203 5005 nos
234 4922 495 5005 nibilominus
523 4920 644 5029 rarijs
671 4918 803 5002 modis
829 4936 872 5001 et
900 4919 978 5030 vijs
1004 4919 1131 5005 solers
1159 4914 1332 5003 studium
1355 4936 1397 5001 et
1412 4916 1614 5000 efficacem
1642 4944 1805 5027 operam
1828 4914 1925 4997 dare

129 5035 415 5146 proponimus,
442 5046 486 5114 rt
514 5032 647 5115 omnia
674 5031 773 5115 taba
796 5033 845 5116 in
871 5032 1053 5116 examine
1077 5029 1308 5116 huiusmodi
1336 5025 1508 5115 deducta
1550 5030 1725 5138 Concilij
1768 5044 1925 5109 correc-
