4317 5975
775 389 858 443 “-
969 383 1052 487 467
1164 416 1220 446 -

26 595 31 607 '
112 586 311 682 uerabiles
340 613 475 709 patres
503 601 771 683 Ecclesiarum
799 600 991 711 Episcopi
1020 600 1291 710 predictarum
1307 603 1465 685 insimul
1481 604 1786 701 conuenientes,
1815 633 1906 689 cum
2019 702 2024 711 ,

110 712 201 821 alijs
228 711 514 795 executoribus
542 714 622 793 mei*
646 712 874 793 testamenti
904 714 990 793 Deo
1018 710 1283 797 iudicaverint
1311 718 1434 826 magis
1462 732 1609 827 gratos.
1657 718 1757 797 Jtem
1792 720 1906 800 cuili-.

110 824 183 907 bet
210 823 300 905 loco
328 851 399 905 seu
444 825 693 907 monasterio
726 825 1006 931 religiosorum
1035 825 1097 907 vel
1127 826 1413 937 religiosarum.
1456 829 1583 937 Regni
1621 828 1772 909 Suetiae
1816 829 1905 937 lego

110 934 750 1046 quinquemarcasdenariorum
779 936 858 1018 illis
871 937 1060 1044 exceptis
1088 938 1237 1047 quibus
1265 939 1356 1048 plus
1385 942 1562 1021 coril'ero.
1592 941 1695 1021 Jtem
1728 938 1906 1022 Cuilibet

110 1046 305 1156 hospitali
331 1048 462 1155 Regni
487 1047 633 1128 Suetiae
647 1049 830 1159 quinque
846 1074 998 1127 marcas
1026 1046 1118 1129 den.
1148 1051 1251 1129 Jtem
1280 1050 1495 1131 Sororibus
1524 1052 1677 1131 Sanctae
1707 1052 1835 1131 Clarae
1862 1054 1904 1133 in

109 1158 318 1240 Stocholrn
352 1160 440 1267 lego
455 1156 592 1239 decem
608 1187 760 1241 marcas
778 1157 870 1239 den.
900 1164 1004 1239 ltem
1021 1160 1207 1240 Ecclesiae
1221 1159 1513 1242 Stocholnrensi
1542 1164 1723 1273 quinque
1753 1190 1905 1244 marcas

110 1270 203 1352 den.
232 1270 440 1352 Sacerdoti
468 1269 618 1351 ibidem
647 1287 728 1351 tres
757 1297 910 1351 marcas
939 1266 1028 1350 den.
1058 1273 1162 1351 Jtem
1191 1270 1330 1352 domui
1353 1271 1485 1352 Sancti
1515 1272 1689 1380 Spiritus
1721 1277 1761 1355 in
1791 1272 1904 1354 Stoc·

110 1380 221 1463 holm
251 1382 343 1489 lego
376 1383 559 1493 quinque
588 1410 741 1464 nrarcas
773 1381 864 1463 den.
899 1384 1047 1463 Domui
1074 1381 1212 1463 Sancti
1257 1384 1432 1491 Spiritus
1470 1385 1679 1490 Vpsaleusi
1723 1388 1905 1496 quinque

112 1521 265 1573 marcas
293 1492 384 1573 den.
413 1496 517 1575 ltem
546 1493 724 1574 Cuilibet
752 1493 939 1574 Ecclesiae
967 1494 1010 1572 in
1038 1520 1119 1603 qua
1150 1492 1255 1575 bona
1291 1495 1431 1589 habeo,
1461 1494 1550 1603 lego
1581 1524 1700 1575 vnum
1731 1498 1903 1578 sol-idum
2001 1576 2004 1581 ,

109 1618 229 1684 terrae
257 1606 553 1713 assignandum.
583 1602 634 1687 de
663 1605 815 1713 praedio
847 1603 1066 1684 incolarum
1110 1607 1311 1686 curiarum
1356 1634 1544 1702 mearum,
1573 1607 1606 1684 si
1635 1634 1738 1716 quos
1767 1611 1805 1687 in
1835 1609 1903 1688 illa

111 1716 302 1825 parochia
334 1716 475 1800 habeo.
504 1717 573 1797 Sin
591 1733 723 1796 autem
740 1715 954 1824 praedictas
974 1714 1126 1797 solidus
1141 1733 1258 1797 terrae
1272 1746 1321 1799 ex
1337 1720 1432 1826 ipsis
1463 1720 1547 1797 curi
1551 1717 1586 1823 js
1621 1720 1714 1797 meis
1729 1721 1904 1827 assigne-

111 1818 178 1909 tdr
206 1830 311 1909 Jtem
341 1828 507 1909 cuilibet
536 1827 742 1909 Sacerdoti
772 1831 814 1909 in
843 1829 956 1908 cuius
973 1827 1162 1935 parochia
1180 1828 1286 1909 bona
1314 1828 1463 1928 habeo,
1491 1828 1581 1936 lego
1610 1856 1783 1909 marcam
1812 1823 1903 1912 den.

18 2026 22 2031 ,
109 1942 213 2019 ltem
243 1938 396 2021 dilectae
432 1943 546 2020 vxori
589 1968 684 2021 meae
724 1940 890 2021 confero
933 1939 1095 2033 Curiam
1138 1966 1262 2020 meam
1304 1940 1423 2019 Gum.
1466 1940 1659 2049 quamdiu
1691 1938 1732 2019 iu
1762 1940 1904 2049 Regno

109 2050 255 2131 Suetiae
284 2052 458 2132 voluerit
485 2047 738 2139 commorari.
767 2068 808 2131 et
835 2053 876 2131 iu
906 2065 1011 2130 statu
1042 2047 1249 2131 viduitatis
1277 2078 1542 2159 perseuerare.
1579 2050 1620 2131 Si
1652 2080 1746 2131 vero
1777 2054 1904 2159 ipsam

110 2162 407 2242 matrimonium
438 2162 632 2272 legittime
664 2164 901 2244 contrahere
943 2161 1160 2267 contigerit
1187 2162 1282 2241 volo
1312 2177 1354 2240 vt
1383 2160 1562 2270 predicta
1593 2164 1703 2242 curia
1735 2160 1904 2243 haeredi-

109 2272 186 2353 bus
215 2274 311 2353 meis
340 2272 570 2383 deputetur.
597 2276 653 2354 Vt
681 2294 814 2355 autem
844 2273 963 2353 huius
991 2273 1216 2354 testamenti
1245 2274 1322 2352 mei
1350 2271 1552 2354 ordinatio
1568 2272 1750 2352 obtineat
1780 2273 1903 2352 robo-

109 2385 163 2463 ris
191 2384 430 2466 firmitatem.
473 2386 781 2466 clementissimo
811 2384 984 2495 principi
1027 2386 1203 2464 Domino
1249 2412 1337 2464 meo
1375 2386 1415 2463 B.
1446 2387 1518 2464 Dei
1548 2385 1677 2490 gratia
1707 2384 1901 2469 Sueorum

107 2494 419 2607 Gothorumque
435 2497 534 2605 Regi
550 2497 736 2607 supplico
750 2496 953 2585 humiliter
981 2522 1030 2575 ex
1047 2497 1187 2576 intimo
1208 2495 1341 2576 cordis
1356 2497 1444 2575 mei.
1474 2497 1684 2599 Quatenus
1713 2522 1904 2575 memmor

106 2608 264 2715 ser‘uitij
292 2606 465 2718 siquod
496 2608 582 2689 feci.
611 2625 652 2689 et
679 2606 912 2689 condonans
951 2606 1167 2703 offensam,
1197 2636 1277 2718 qua
1307 2606 1482 2703 ossendi,
1526 2622 1656 2686 motus
1686 2606 1903 2687 visceribus

107 2721 268 2827 pietatis
295 2736 336 2799 et
365 2719 623 2829 benignitatis
651 2720 779 2801 solitae
807 2721 1062 2806 autoritatem
1093 2720 1271 2827 praebeat
1294 2733 1334 2799 et
1362 2720 1527 2800 tutelam
1565 2714 1765 2826 praedictae
1792 2718 1903 2798 ordi·

106 2832 278 2926 nationi,
321 2860 416 2911 meae
446 2832 592 2911 vltimae
620 2832 841 2913 voluntatis
869 2833 946 2911 Cui
975 2833 1094 2912 etiam
1129 2830 1335 2911 humiliter
1362 2829 1568 2939 supplico,
1612 2830 1667 2907 Vt
1695 2829 1814 2909 huius
1842 2843 1901 2907 te·

104 2944 291 3023 stamenti
322 2945 399 3024 mei
428 2961 619 3025 executor
646 2942 837 3052 dignetur
864 2944 1053 3040 existere,
1091 2968 1168 3024 vna
1198 2970 1286 3023 cum
1316 2941 1615 3022 venerabilibus
1645 2939 1831 3021 Patribus
1860 2958 1902 3052 et

91 3055 288 3136 'Dominis
332 3057 543 3165 Episcopis
580 3054 764 3136 Scarensi
804 3054 1064 3164 Lincopeusi
1107 3055 1384 3159 Strenginensi
1427 3071 1467 3134 et
1508 3053 1711 3134 Arosiensi
1748 3067 1789 3132 et
1817 3054 1901 3131 Do·

105 3167 214 3244 mino
242 3165 419 3248 Falcone
446 3168 622 3247 Joonson
654 3184 694 3246 et
722 3169 896 3247 Domino
938 3167 1137 3247 Gutmaro
1166 3183 1206 3244 et
1234 3165 1409 3244 Domino
1451 3167 1571 3246 Petro
1608 3163 1822 3273 Liquisson
1859 3181 1901 3243 et

103 3277 328 3357 Cristierno
370 3276 583 3360 Aduocato
625 3277 914 3359 Stocholmensi
957 3274 1069 3386 qarod
1111 3280 1142 3358 si
1172 3276 1560 3384 quam'lirmitatem
1608 3276 1801 3382 optineat.
1839 3275 1900 3355 De

104 3415 212 3469 mera
244 3404 390 3495 reputo
417 3390 546 3495 gratia
577 3391 738 3469 Domini
767 3391 844 3469 mei
872 3389 1003 3496 Regis.
1044 3389 1100 3498 Vt
1128 3404 1260 3468 autem
1303 3387 1433 3494 legata
1465 3388 1506 3466 in
1536 3385 1613 3466 hoc
1641 3400 1901 3482 testamento,

77 3514 144 3579 'et
171 3496 307 3579 debita
343 3525 427 3580 mea
456 3500 532 3579 alia
572 3499 728 3579 facilius
758 3500 914 3606 possint
948 3499 1063 3579 solui.
1092 3517 1132 3578 et
1162 3500 1304 3579 iniuste
1335 3526 1407 3607 per
1436 3524 1545 3578 mea
1577 3495 1900 3606 quibuscumque

102 3609 235 3690 ablata
265 3611 438 3690 restitui
468 3612 610 3698 omnia!
641 3610 750 3690 bona
781 3637 864 3690 ntea
897 3611 1074 3718 propria,
1105 3609 1179 3687 alia
1210 3638 1232 3690 a
1262 3609 1463 3718 praedictis
1492 3607 1776 3688 executoribus
1806 3611 1900 3690 meis

101 3721 272 3827 assigno.
316 3720 518 3802 humiliter
559 3717 846 3830 supplicando,
891 3739 933 3801 vt
976 3721 1192 3828 unicuique
1240 3717 1349 3827 quod
1395 3719 1548 3798 iusticia
1579 3719 1703 3824 exigit
1731 3717 1899 3800 reddere

93 3830 291 3924 studeant
332 3831 418 3911 sine
462 3858 583 3914 mora.
626 3850 666 3912 et
696 3861 771 3940 pro
814 3833 890 3912 hoc
931 3830 1156 3937 specialiter
1185 3857 1284 3935 rogo
1332 3827 1625 3924 Christiernum
1656 3826 1899 3919 aduocatum

100 3942 455 4024 Stocholmensem.
481 3959 524 4021 vt
561 3971 652 4023 cum
680 3945 785 4024 scitu
815 3943 977 4022 Domini
996 3941 1069 4022 mei
1088 3941 1206 4048 llegis
1233 3957 1273 4018 et
1299 3938 1470 4018 aliorum
1495 3955 1757 4020 exsecutorum
1785 3941 1898 4020 satis·

100 4057 188 4136 lieri
218 4055 338 4134 faciat
366 4071 535 4163 propter
562 4055 702 4134 Deum.
731 4052 794 4136 Ad
825 4055 941 4134 huius
963 4070 1096 4132 autem
1113 4051 1335 4134 testamenti
1365 4050 1441 4129 mei
1470 4049 1711 4131 euidentiam
1742 4051 1899 4160 plenio-

98 4195 184 4248 rem
215 4165 353 4271 Sigilla
383 4167 548 4246 Domini
575 4163 1180 4249 FolcouisJo'nsonChristierni
1198 4162 1395 4244 Aduocati
1426 4159 1748 4242 Stocholrnensis.
1779 4161 1898 4244 Com

99 4278 307 4362 munitatis
335 4277 451 4358 Villae
465 4275 775 4359 Stocholmensis
803 4293 851 4358 et
873 4278 1107 4357 Conventus
1135 4274 1304 4355 fratrum
1327 4275 1521 4354 minorum
1552 4271 1698 4352 ibidem
1726 4299 1898 4382 praesen·

99 4392 210 4472 tibus
250 4405 345 4473 sunt
373 4416 560 4498 appensa.
618 4391 767 4472 Datum
796 4387 1000 4470 Stocliolm
1032 4392 1151 4469 Antio
1180 4385 1343 4470 Domini
1372 4385 1412 4466 M
1437 4385 1548 4466 CCC.
1578 4381 1711 4468 Sexte.
1740 4387 1897 4490 Quinto

99 4502 201 4586 Jdus
231 4500 453 4608 FebruariJ.
