4317 5975
94 584 292 683 trandum,
335 584 378 665 Si
408 610 507 667 vero
534 582 750 668 decesserit
776 614 841 667 res
868 615 951 697 qne
991 588 1265 697 superfuerint
1292 588 1525 674 necessariis
1551 590 1796 701 sepulture,
1842 591 1893 674 ad

58 726 62 731 ’
92 702 213 809 ipsam
244 696 408 781 domum
438 695 590 805 debent
618 700 843 805 pertinere,
871 701 980 783 ltem‘
1005 700 1140 781 nullus
1170 704 1421 783 manencium
1457 706 1498 783 in
1529 700 1635 783 dicta
1664 702 1809 803 domo,
1833 734 1893 787 as·

90 814 218 895 sumat
245 809 325 893 sibi
353 810 567 919 specialem
595 811 851 907 seruitorem,
893 814 981 893 siue
1012 812 1176 894 licencia
1208 842 1377 920 persone
1406 817 1690 913 ministrantis,
1722 843 1799 897 neo
1824 846 1893 899 ex·
1980 898 1985 902 ,

92 941 151 1005 tra
182 923 345 1003 <lonium
380 948 523 1030 panes,
559 922 625 1001 uel
655 923 900 1015 victualiaa
929 951 1134 1034 quoquam
1163 924 1418 1023 deierantur,
1446 927 1514 1009 sed
1545 928 1657 1037 quod
1687 930 1893 1037 superine·
2012 968 2017 975 ·

89 1038 141 1117 rit
168 1033 506 1117 decumbentibus
533 1032 577 1113 in
605 1031 729 1115 domo
751 1040 798 1115 'et
822 1040 999 1118 seruari·
1021 1064 1103 1116 non
1140 1052 1292 1144 potest,
1335 1039 1602 1120 distribuatur
1631 1040 1894 1121 mendicanti·

83 1150 163 1231 ·hus
199 1148 423 1243 hostiatim,
466 1172 541 1254 per
583 1144 750 1227 eandem
800 1175 1009 1255 personam
1053 1150 1362 1244 ministrantem,
1400 1152 1546 1231 Nullus
1591 1154 1715 1231 eciam
1746 1149 1893 1233 ibidem

88 1260 239 1343 nutriat
266 1258 334 1339 nel
361 1273 496 1339 teneat
525 1256 742 1365 porcellos,
786 1259 849 1339 vel
878 1259 1109 1341 huiusmodi
1154 1262 1227 1339 nisi
1271 1262 1430 1358 Cattos,
1475 1264 1560 1343 Nec
1599 1264 1716 1343 liceat
1744 1262 1926 1373 ¹sepius¹

39 1420 42 1423 ·
92 1372 297 1453 nominate
326 1394 500 1479 persone
526 1371 790 1468 ministranti,
819 1369 1021 1451 derebus
1050 1368 1156 1453 dicte
1185 1372 1347 1469 domus,
1375 1375 1510 1484 aliqua
1528 1370 1771 1471 concedere,
1790 1402 1903 1475 ,ven--

88 1483 201 1579 dere,
230 1500 474 1590 permutare,
500 1480 740 1579 distrahere,
769 1482 1339 1595 velquoquomodoalienare,
1358 1488 1442 1566 sine
1471 1513 1609 1567 eorum
1627 1480 1824 1569 consensu
1845 1503 1894 1593 et

87 1594 255 1677 consilio
276 1595 355 1702 -qui
384 1591 492 1675 diste
519 1590 664 1675 domui
688 1595 1151 1704 principaliter'.hahent
1173 1594 1405 1704 prouidere,
1435 1594 1731 1678 interliniar'em
1769 1626 1892 1705 snpra

90 1710 260 1816 positam
289 1705 498 1802 uidelicet,
528 1734 609 1815 que
637 1708 785 1815 partim
824 1704 1048 1815 permutata
1094 1711 1257 1789 suntin
1289 1710 1394 1805 loca,
1435 1710 1621 1819 approbo
1650 1727 1690 1788 et
1718 1710 1892 1807 ratilico,

88 1818 140 1899 Jn
169 1821 452 1927 premissorum
482 1836 616 1899 sutem
645 1819 773 1898 rohnr
800 1835 842 1898 et
869 1820 1120 1900 euideneiam
1156 1821 1396 1930 pleniorem,
1435 1822 1609 1929 sigillum
1640 1848 1771 1900 meum
1803 1848 1893 1929 pre·
1938 1822 1945 1829 “
1977 1822 1981 1831 ’

87 1932 268 2014 sentibus
295 1946 356 2011 est
383 1956 628 2040 appensum,
656 1947 697 2011 et
724 1930 874 2038 sigilla,
900 1932 1080 2040 Capituli
1099 1932 1347 2039 upsalensis,
1377 1951 1417 2013 et
1447 1934 1609 2019 Domini
1638 1931 1822 2040 Birgheri
1839 1932 1894 2012 le-

87 2041 226 2151 giferi,
256 2070 412 2123 necnon
442 2058 483 2123 et
512 2040 790 2140 dominorum,
819 2043 982 2130 Nicolai,
1002 2044 1202 2124 scolastici
1231 2062 1272 2125 et
1301 2044 1463 2127 beronis
1492 2046 1789 2125 Canonicorum
1820 2072 1894 2151 vp-

88 2155 396 2250 ostensiones
432 2154 585 2235 Fratris
618 2152 774 2262 jsraelis
803 2156 950 2261 prioris
975 2156 1167 2255 sictonie,
1205 2156 1457 2263 presentibus
1493 2158 1699 2236 ‘instanter
1738 2156 1898 2265 apponi.
1992 2256 1998 2263 ι
2068 2191 2070 2199 s

89 2282 205 2375 peto,
235 2267 382 2382 Actum
412 2266 565 2373 vpsalie
596 2269 717 2345 Anno
747 2267 932 2364 Domini,
961 2266 1192 2363 Millesimo,
1220 2267 1362 2365 CCC⁰,
1391 2269 1556 2379 quinto,
1593 2284 1707 2348 sexto
1738 2263 1894 2349 kalend.

108 2406 204 2460 nur.
402 2444 407 2453 ,
576 2445 579 2448 .
1531 2400 1535 2407 ’

87 2408 139 2551 JPsi
152 2408 354 2568 fddusidan:
374 2488 538 2550 Jnstitncio
558 2486 713 2549 Primsria
735 2488 856 2549 Domus
877 2482 926 2549 dei
948 2488 1063 2571 vpsnlie
1085 2490 1125 2549 et'
1139 2487 1217 2549 ende
1239 2488 1381 2551 obtentus
1402 2490 1441 2549 sit
1463 2488 1576 2551 fundus
1598 2498 1627 2551 et
1648 2488 1716 2571 quis
1738 2508 1806 2549 eam
1827 2485 1895 2549 edl-

563 2572 667 2633 ficsuit
689 2581 719 2631 et
740 2570 875 2657 qualiter
896 2591 1054 2664 pauperes¹
1067 2571 1112 2633 ihi
1133 2570 1268 2657 debeant
1289 2594 1422 2635 mettere.

632 2684 709 2747 Atta
724 2684 843 2765 siglllcn
866 2685 972 2764 holte,¹
995 2682 1243 2748 mah-'reth'sornn
1263 2706 1352 2771 quer.

102 2895 294 3134 11468(
453 2980 457 2986 ’
530 2938 535 2950 ¹
728 2984 888 3094 '1306
935 2892 1106 3114 diro
1153 2948 1328 3090 Juni.¹
1698 2980 1896 3130 Upsala.
1957 2951 1959 2957 Ι

174 3174 333 3270 mamere
354 3165 625 3286 (nomannorum,
646 3205 788 3285 hsgman
810 3207 919 3270 lsraels
938 3205 1034 3268 enhss
1055 3205 1225 3286 glivobrel
1243 3207 1280 3292 ps
1303 3227 1341 3268 en
1363 3215 1442 3268 tomt
1464 3203 1515 3267 vid
1538 3205 1644 3268 Mariae
1673 3205 1771 3290 lyrim
1794 3210 1804 3268 i
1825 3205 1898 3290 Up-

225 3289 305 3368 seta,
328 3298 401 3350 natu
423 3289 514 3368 hren,
535 3301 613 3366 sumt
633 3301 679 3364 att
699 3290 757 3390 hus
778 3290 825 3350 till
847 3289 1173 3354 Prcdilarchrt‘iderue
1194 3292 1203 3350 i
1225 3291 1366 3372 Sigtuna.
1450 3285 1476 3393 Α.

1644 3372 1763 3426 Aac
1852 3425 1859 3432 ,

203 3508 405 3590 Omnibus
435 3521 657 3616 ¹presentes
706 3507 863 3589 litteras
903 3506 1166 3617 jnspeetnris,
1207 3505 1455 3588 Raucsnmrs
1484 3509 1698 3598 Generum
1728 3506 1807 3587 lilia
1837 3533 1899 3586 re·
2000 3537 2018 3584 ¹.

91 3621 189 3703 licta
217 3622 386 3705 Domini.
409 3613 570 3700 Jsraelis
609 3621 715 3702 hone
745 3623 936 3701 memorie
954 3618 1181 3730 :quondam
1211 3619 1366 3728 legiferi
1396 3613 1605 3728 rplandie,
1649 3619 1828 3700 Salutem
1858 3620 1899 3697 in

36 3740 40 3751 '
90 3732 261 3816 domino
288 3732 589 3838 sempiternam,
626 3733 779 3836 Notum
806 3732 912 3812 facio
943 3761 1016 3839 per
1045 3745 1251 3842 presentes
1286 3727 1397 3839 qnod
1427 3732 1649 3838 eonnentnj
1680 3731 1900 3830 Religioso-
2073 3819 2076 3826 .

90 3872 184 3934 rum
213 3845 393 3926 virorum
424 3843 592 3924 fratrum
621 3843 777 3924 ordinis
806 3841 1105 3951 predicatorum
1134 3841 1309 3920 siktnnie
1345 3843 1388 3920 in
1419 3869 1597 3922 meorum
1629 3846 1898 3922 remissionem
2014 3913 2016 3921 .
2068 3915 2070 3924 .

92 3973 373 4066 peccatorum,
402 3952 602 4050 Conlero,
640 3957 723 4049 Do,
764 3956 1011 4063 appropria,
1054 3953 1232 4058 assigno,
1267 3969 1308 4031 ct
1337 3949 1388 4032 ad
1419 3979 1561 4032 manus
1589 3953 1709 4034 trado
1739 3955 1778 4032 in
1810 3977 1902 4032 area
1934 3960 1938 3972 ‘

91 4095 218 4178 qnam
249 4070 326 4176 pro
354 4066 551 4175 promptis
580 4066 756 4147 denariis
790 4065 1023 4175 comparauj
1051 4083 1093 4146 et
1121 4063 1341 4173 aliquando
1370 4061 1600 4173 inhahitauj
1630 4065 1743 4172 juxta
1775 4061 1923 4142 eccle-¹
2035 4097 2038 4107 ,

90 4184 193 4260 siam
222 4178 341 4260 beate
371 4180 535 4286 virginis
562 4178 713 4286 vpsalie
742 4205 872 4286 prope
902 4193 1066 4286 pontem
1098 4203 1220 4255 vnum
1251 4175 1422 4256 latndum
1463 4175 1726 4284 longitudinis
1754 4186 1911 4284 quatu·'
1956 4180 1962 4190 '

90 4289 276 4374 ordecim
303 4289 541 4372 cubitorum·
564 4307 606 4371 et
633 4289 768 4372 decem
796 4290 1031 4371 cubitorum
1060 4287 1287 4368 latitudinis
1314 4285 1359 4395 jn
1391 4289 1561 4368 introitu
1583 4289 1652 4370 vhi
1682 4304 1802 4398 porta
1830 4289 1902 4365 ou·¹
2017 4321 2021 4328 ·

91 4405 157 4483 rie
192 4405 235 4484 iu
263 4430 356 4484 area
385 4419 604 4484 memorata
620 4418 960 4483 constructeesse
976 4415 1263 4497 consueuerat,
1296 4397 1491 4482 Predictis
1518 4427 1684 4510 quoque
1709 4395 1902 4478 iratribus
2021 4483 2023 4494 γ

88 4515 267 4596 confero
291 4512 456 4595 domm
485 4542 604 4594 ruam
632 4541 702 4594 sen
733 4515 956 4622 hospicium
990 4511 1220 4594 indictum
1263 4508 1432 4592 fundum
1477 4511 1820 4606 transferendum,
1863 4511 1904 4588 et

94 4628 213 4736 jpsos
241 4627 285 4716 in
312 4623 430 4708 fundi
457 4642 500 4706 et
525 4625 671 4707 domus
701 4625 975 4735 predictorum
1005 4624 1256 4733 corporalem
1274 4627 1559 4732 possessionem
1576 4635 1687 4732 pono
1719 4647 1905 4732 perpre·
2023 4631 2026 4639 '

90 4753 230 4822 sentes
253 4755 296 4819 et
317 4752 486 4819 ‘exnunc
514 4740 806 4847 proprietatem
833 4754 877 4818 et
904 4737 1128 4818 dominium
1156 4761 1296 4817 eorum
1326 4734 1371 4842 ju
1399 4738 1509 4846 ipsos
1530 4735 1673 4818 fratres
1702 4733 1902 4817 transfero

93 4851 223 4960 pleno
250 4849 359 4959 jure,
386 4848 526 4931 Testes
554 4849 810 4932 autem-‘huic
835 4848 928 4929 'mee
956 4846 1172 4956 donacionj
1207 4849 1250 4929 iu
1279 4847 1444 4956 puplico
1474 4846 1623 4956 placito
1652 4847 1803 4958 upsalie
1821 4845 1904 4962 ⁸ad·

42 4991 46 4996 ’
92 4960 219 5071 hihuj
248 4989 321 5073 per
348 4958 566 5076 discretum
600 4963 732 5077 virum
760 4960 968 5049 dominum
1010 4957 1231 5044 Jordanum
1259 4965 1464 5042 sacristam
1486 4958 1657 5074 ecclesie
1685 4951 1903 5069 upsalensis
1998 4967 2002 4974 '
