4317 5975
982 396 1039 421 ..
1149 354 1266 489 463ι
1341 398 1401 420 -

235 558 247 571 “
304 596 478 741 1489.
850 574 854 582 ’
956 586 1097 694 1305
1145 588 1194 694 d.
1241 589 1275 695 6
1321 590 1444 695 Dec.
1786 586 2037 747 Liulroping.

375 780 475 843 Ecors
496 778 535 839 al*
560 780 658 872 ller'ga
690 775 956 839 testamentariska
987 775 1161 859 enorduing
1182 777 1218 838 al
1244 776 1372 839 endclar
1394 778 1402 837 i
1425 775 1522 873 Berge
1554 782 1634 872 ssent
1667 756 1781 835 hatten
1803 776 1811 835 i
1833 776 1978 845 lbsiireboet
2003 788 2038 851 till

427 866 674 954 Domprosterret
695 858 746 920 vid
769 858 1582 945 Liolb‘pingsdomkyrla,derlraniinslsratljemte
1603 878 1649 919 sm
1672 856 1781 923 hustru
1794 858 1881 921 blilra
1902 864 2040 945 begrasren.

1829 970 1860 1025 Δ.
1876 974 1898 1026 3.
1914 994 1936 1029 o.

321 1096 324 1101 ’
404 1079 453 1156 Jn
483 1074 643 1153 nomine
685 1071 840 1153 domini
882 1102 1015 1171 amen,
1058 1076 1176 1154 Anno
1212 1074 1265 1155 ab
1304 1072 1585 1155 incarnacione
1627 1072 1820 1171 eiusdem,
1859 1072 1925 1172 Μ’,
1949 1079 2040 1163 CCC·

293 1187 459 1297 quinto,
483 1186 559 1265 Die
588 1183 697 1263 beati
726 1185 869 1264 nicolai
908 1185 996 1291 Ego
1032 1187 1199 1267 Ecsuus
1236 1186 1286 1267 de
1325 1186 1540 1295 biergum,
1584 1184 1780 1267 debonis
1810 1185 2042 1275 micbiadao

292 1298 507 1392 concessis,
548 1294 845 1375 Testamentum
888 1324 1016 1374 meum
1046 1294 1179 1376 condo
1207 1297 1249 1375 in
1278 1297 1385 1378 hunc
1428 1297 1610 1393 modum,
1655 1299 1705 1375 lu
1742 1297 1874 1404 primis
1906 1300 2044 1386 Ecclesia

292 1409 538 1517 lincopensi,
567 1409 609 1486 iu
640 1434 719 1516 qua
747 1406 996 1514 sepulturam
1027 1405 1154 1513 eligo,
1185 1434 1260 1513 pro
1291 1436 1372 1505 me,
1401 1423 1441 1488 et
1472 1435 1596 1490 vxore
1631 1436 1714 1487 mea
1747 1405 1947 1515 predilecta
1973 1441 2042 1495 con·

291 1520 379 1599 l'ero
416 1524 455 1599 in
486 1515 706 1624 bisergum,
751 1516 959 1598 dimidium
1004 1520 1275 1614 octonarium,
1304 1536 1344 1597 et
1374 1537 1556 1598 octauam
1600 1536 1753 1627 partem
1785 1522 1983 1629 octonarij,
2015 1542 2044 1607 et

290 1629 568 1711 duodecimam
601 1645 753 1736 partem
783 1626 981 1734 octonarij
1009 1656 1097 1709 cvm
1128 1622 1396 1725 dimidietate,
1442 1629 1640 1709 bonorum
1672 1657 1848 1711 meorum
1878 1634 2042 1716 mobilium

291 1744 494 1835 omnium,
524 1743 586 1821 lta
614 1758 746 1820 tamen
776 1738 886 1849 quod
916 1754 957 1817 et
984 1738 1169 1846 predium
1207 1740 1437 1821 huiusmodi
1464 1758 1505 1821 et
1533 1740 1639 1821 dicta
1676 1741 1784 1821 bona
1816 1740 1980 1841 mobilia,
2009 1746 2043 1828 ad

292 1854 588 1962 preposituram
621 1850 795 1931 Ecclesie
825 1849 1079 1957 lincopensis,
1111 1850 1203 1929 volo
1232 1852 1460 1959 specialiter
1478 1856 1700 1960 pertinere,
1729 1854 1834 1932 Huic
1849 1870 1968 1933 autem
1992 1855 2044 1937 do·

292 1966 454 2062 nacioni
485 1978 689 2069 presentes
719 1960 883 2042 fuerunt
911 1960 1159 2067 infrascripti
1189 1959 1376 2045 dominus
1404 1964 1531 2071 lngo,
1560 1978 1601 2044 et
1630 1962 1774 2043 olauus
1803 1968 1974 2045 canonici
1992 1967 2044 2047 lio·

253 2170 257 2177 Ι
291 2102 503 2182 copenses,
546 2072 734 2153 dominus
771 2070 977 2166 Marchus,
1020 2088 1061 2151 et
1105 2072 1209 2171 laici
1254 2075 1457 2169 videlieet,
1502 2074 1751 2183 hemuriggus
1794 2081 2044 2188 susanne,qui

290 2188 413 2267 eciam
445 2185 521 2263 fuit
551 2184 770 2264 festemann
800 2182 1060 2285 Rangualdus
1089 2182 1330 2281 aduncatus,
1364 2186 1535 2266 clemens
1565 2185 1816 2283 haconason,
1845 2184 1973 2267 olauus
1987 2188 2045 2295 pel·

288 2295 407 2393 tifex,
438 2297 614 2375 kanutus
642 2293 692 2375 de
720 2292 933 2392 uesterbi½
965 2294 1100 2375 etalii
1130 2296 1417 2404 quamplurimi
1441 2296 1518 2377 fide
1547 2296 1681 2405 digni,
1710 2299 1952 2407 Exequtores
1978 2328 2045 2379 vero

190 2501 193 2517 Ι
289 2406 387 2488 dicti
416 2408 641 2489 testamenti
672 2408 767 2501 mei,
795 2405 989 2486 discretos
1017 2407 1125 2487 viros
1154 2406 1431 2516 infrascriptos
1460 2412 1674 2503 constituo,
1723 2409 1904 2491 dominos
1933 2410 2046 2489 scilicet

290 2522 500 2626 ingonem,
529 2533 571 2597 et
596 2517 759 2598 olauum
788 2518 1004 2597 canonicos
1030 2514 1237 2598 dominum
1266 2520 1486 2618 Marcbum,
1515 2518 1798 2627 Rangualdum
1828 2516 2046 2615 aduocatum,

288 2622 807 2738 hemminggum'susanne,
850 2627 1084 2710 elementem
1121 2628 1371 2727 haconason,
1415 2628 1477 2712 Ad
1516 2632 1657 2711 horum
1689 2633 1814 2739 igitur
1841 2630 2045 2711 euidentiam

289 2742 503 2822 firmiorem
532 2739 659 2847 sigilla
688 2741 985 2848 sepedictorum
1013 2742 1300 2821 canonicorum
1331 2770 1408 2821 vna
1438 2771 1528 2823 cunr
1550 2741 1682 2850 sigillo
1710 2744 2001 2837 communitatis,
2020 2759 2046 2821 et

243 2921 251 2933 .
288 2852 517 2952 laicorum,
546 2851 799 2959 Rangualdi,
829 2850 1104 2958 Hemminggi,
1133 2853 1358 2949 clementis,
1387 2854 1640 2961 presentibus
1662 2870 1758 2935 sunt
1787 2883 1965 2964 appensa,
2001 2852 2046 2933 da·

288 2982 373 3046 tum
402 2962 577 3072 lincopie
607 2962 696 3043 loco
723 2978 765 3042 et
793 2961 858 3042 die
886 2964 1140 3072 supradictis.

285 3102 287 3106 ’
372 3107 421 3170 Pa
431 3105 626 3188 srdnsr'dan:
646 3105 761 3166 Littera
783 3125 875 3187 super
897 3105 1011 3187 prediis
1032 3106 1061 3165 in
1088 3103 1349 3194 byaerglrumsilit
1370 3105 1489 3169 donatis
1504 3109 1630 3170 ecclesie
1653 3107 1830 3191 lyncopeosi
1853 3108 1894 3170 ad
1912 3109 2049 3172 ordinacio·

456 3209 534 3259 ,uem
556 3188 618 3249 .W.
638 3188 795 3269 quondam
819 3190 964 3272 prepositi
987 3188 1112 3251 ibidem.
1135 3189 1214 3252 Med
1233 3212 1338 3252 annau
1358 3189 1459 3252 hande
1482 3191 1627 3274 parochie
1649 3194 1745 3252 suncti
1770 3193 1923 3256 laurencii.

583 3300 709 3382 Sigillen
732 3304 791 3362 Nto
817 3322 843 3380 r,
863 3300 946 3380 4-6
966 3279 1138 3382 osladade,
1168 3323 1202 3381 2,
1224 3303 1242 3364 3
1264 3303 1323 3366 och
1347 3325 1365 3386 7
1389 3305 1480 3386 negot
1506 3305 1618 3368 brutus
1642 3305 1650 3366 i
1674 3305 1796 3367 lacten.

62 3685 72 3693 α
164 3697 167 3700 ’
301 3548 467 3676 1490.
741 3624 744 3627 .
931 3533 1079 3638 1305
1128 3533 1175 3636 d.
1228 3575 1294 3676 17
1346 3535 1464 3640 Dec.
1813 3577 1845 3599 ²
1921 3531 2048 3637 Lund.

339 3709 349 3765 .'
366 3701 602 3798 -lrlebiilopen
623 3717 639 3777 i·
656 3715 745 3777 Luod
767 3717 866 3780 Yssns
887 3717 975 3780 bilall
998 3720 1044 3780 till
1066 3715 1207 3781 Kanilcn
1231 3721 1337 3784 Peters
1359 3719 1520 3800 nnbdllan,
1542 3731 1588 3785 att
1610 3721 1680 3784 med
1703 3724 1755 3784 sitt
1774 3721 1947 3784 Kanonilat
1967 3720 1990 3780 tt
2005 3719 2050 3779 illr-

422 3822 478 3860 ena
501 3801 647 3883 Sartorps
669 3800 856 3882 liirmmling.
1808 3885 1839 3942 B·
1859 3905 1880 3945 υ
1899 3887 1950 3942 ὼ.

309 4010 356 4023 ’
395 4019 577 4099 tss'mos
606 4013 671 4096 dei
699 4021 831 4126 gracia
862 4017 1068 4098 lundensis
1110 4021 1435 4129 archiepiscopus
1477 4025 1609 4104 suecie
1638 4023 1789 4130 primas
1818 4024 1968 4104 Dilecto
1992 4015 2051 4096 ilio

288 4130 480 4236 magistro
509 4144 626 4236 petro
656 4127 765 4213 dicto
790 4129 916 4217 ‚herba
945 4132 1142 4210 canonico
1173 4131 1367 4214 lundensi.
1398 4133 1565 4214 salutem
1595 4137 1636 4215 in
1665 4135 1834 4215 domino
1878 4131 2050 4238 sempiter-

286 4265 390 4336 nam.
440 4237 526 4322 Tua
558 4239 675 4321 nobis
703 4239 1159 4337 humiliinsinuacione
1188 4245 1426 4325 monstrasti.
1470 4247 1580 4354 quod
1629 4246 1836 4355 prebenda
1867 4263 2048 4350 tunquam

286 4353 327 4430 in
360 4345 525 4432 ecclesia
556 4345 743 4431 lundensi
773 4353 823 4432 ad
854 4380 1016 4459 presens
1045 4357 1238 4435 canonice
1268 4356 1437 4462 optines.
1474 4350 1575 4438 adeo
1605 4373 1664 4437 est
1693 4359 1736 4437 in
1764 4359 1847 4436 suis
1877 4349 2050 4466 prouenti·

287 4461 365 4550 bus
394 4478 435 4542 et
466 4464 726 4570 pensionibus
755 4465 886 4542 tenuis
915 4478 956 4542 et
983 4466 1107 4546 exilis.
1146 4465 1255 4575 quod
1292 4493 1339 4546 ex
1369 4469 1424 4547 eis
1456 4495 1630 4579 nequeas
1659 4484 1702 4550 vt
1732 4467 1849 4548 dccet
1876 4458 2049 4548 commode

260 4577 515 4673 vsustentari.
547 4577 647 4654 Cum
678 4575 800 4682 igitur
828 4574 995 4681 dignum
1034 4582 1086 4658 sit
1126 4597 1166 4658 et
1195 4604 1386 4688 perquam
1418 4581 1680 4660 necessarium
1725 4577 1851 4658 eidem
1895 4569 2048 4656 lundensi

286 4683 452 4764 ecclesie
479 4702 524 4763 rt
556 4685 654 4794 ipsa.
683 4714 762 4795 que
790 4702 942 4768 ceteras
973 4686 1176 4768 lundensis
1193 4689 1403 4796 prouincie
1421 4689 1605 4772 ecclesias
1626 4690 1919 4799 preeminencie
1932 4701 1967 4764 et
1978 4707 2048 4790 pre·

286 4791 453 4875 lacionis
481 4794 676 4904 dignitate
705 4797 900 4904 precellit.
929 4800 1143 4880 canonicos
1173 4800 1320 4880 habeat
1349 4796 1538 4906 ydoneos.
1576 4802 1724 4912 quibus
1753 4816 1794 4882 et
1826 4825 1968 4880 morum
1993 4791 2048 4870 ho·

288 4924 420 4986 nestas
445 4912 495 4986 'et
534 4908 755 4990 litterarum
798 4911 970 4991 sciencia
1009 4910 1264 5019 suffragatur.
1307 4935 1354 4990 ac
1393 4909 1541 4994 talibus
1568 4940 1650 4994 non
1680 4908 1950 5000 immeritode
1973 4927 2046 4984 con·
