4317 5975
977 358 1035 384 ·-
1145 318 1225 425 370
1336 354 1469 383 -·

274 549 459 635 ,salutem
487 560 529 627 et
557 542 815 654 apostolicam
844 537 1195 635 benediccionem,
1225 540 1277 621 Jn
1299 537 1463 620 ecclesie
1478 538 1726 621 firmamento
1752 558 1881 621 tester
1897 541 2043 637 ordeni.

293 677 380 741 tore
409 656 521 738 claro
548 657 791 737 choruscans
820 651 1083 736 vniuersalcm
1118 652 1251 761 gregis
1278 647 1469 732 dominici
1511 649 1644 731 aulam
1672 648 1891 749 illuminat,
1922 674 1958 738 ct
1979 688 2045 746 cur.

292 769 476 851 centibus
504 770 548 849 in
576 765 707 849 stadio
740 784 895 847 rectum
926 768 1003 849 iter
1030 764 1209 847 insinuat
1237 760 1401 875 quoad
1429 762 1570 843 salutis
1591 760 1785 853 ,brauium
1815 762 2046 881 facilius'pef.

202 881 214 911 ⁸
292 883 474 977 uenitur,
504 880 588 960 Nos
616 876 779 990 quidem
805 878 861 958 ob
890 877 990 975 boc,
1018 892 1059 958 et
1089 890 1258 986 propter
1287 902 1431 983 magne
1459 871 1693 955 dcuocionis
1722 874 1920 975 allectum,
1957 910 2045 992 quen

293 993 343 1074 ad
372 1004 516 1072 nos'et
543 990 807 1100 apostolicam
849 986 983 1071 sedem
1012 988 1189 1084 habetis,
1233 985 1415 1068 ordinem
1457 988 1590 1095 ipsum
1608 1004 1665 1067 'ac
1694 1009 1766 1067 vos
1795 1003 1834 1067 ct
1861 989 1950 1071 alios
1972 998 2046 1079 cius·

87 1150 91 1158 ‚
163 1164 167 1170 ,
291 1106 382 1185 dem
414 1098 568 1183 ordinis
626 1101 845 1183 rolcssores
892 1101 1034 1182 intima
1082 1098 1255 1180 karitate
1282 1099 1567 1209 prosequimur
1602 1124 1649 1177 ac
1676 1098 1843 1179 sinceris
1876 1100 2046 1191 affectibus

291 1215 531 1312 excitamur,
559 1130 625 1295 ad
641 1232 773 1295 vestra
801 1228 843 1293 ct
871 1212 1034 1294 illorum
1062 1209 1271 1293 commoda
1301 1212 1343 1291 in
1371 1208 1522 1321 quibus
1549 1206 1716 1292 honeste
1758 1236 1958 1317 possumus
1980 1244 2047 1324 pro

291 1322 513 1421 monenda,
541 1322 724 1435 Jdcoque
753 1326 1041 1435 premissorum
1077 1323 1230 1403 intuitu
1248 1338 1301 1403 'et
1328 1322 1521 1418 obtentu,
1564 1316 1702 1402 dilecti
1743 1320 1820 1429 lilij
1848 1326 1966 1405 nostri
1988 1329 2047 1411 llo

291 1435 421 1544 bertj‚
464 1434 563 1532 Tit,
606 1452 743 1517 sancte
785 1433 1083 1545 prudenciane,
1127 1432 1338 1547 presbiteri
1366 1428 1601 1531 cardinalis,
1638 1433 1711 1542 qui
1738 1447 1924 1543 tanquam
1950 1442 2047 1545 prela·

290 1550 322 1631 ti
358 1547 533 1645 ordinis,
562 1576 682 1658 quern
712 1547 914 1657 professus
943 1549 1079 1628 existit
1108 1564 1317 1656 promotor
1345 1544 1546 1641 assiduum
1577 1544 1831 1625 necessitates
1871 1564 2001 1629 vestras
2021 1571 2047 1633 et

292 1658 392 1743 dicti
421 1658 574 1740 ordinis
604 1657 720 1738 nobis
750 1660 998 1739 Reuerenter
1026 1659 1233 1767 exposuit,
1262 1673 1303 1739 ct
1330 1683 1452 1766 super
1482 1655 1560 1736 illis
1590 1670 1727 1736 nostre
1757 1656 2047 1764 prouisionisau·

290 1772 432 1853 xillum
463 1770 718 1878 implorauit,
761 1771 888 1852 Vobis
931 1772 1171 1852 auctoritate
1213 1771 1464 1880 presencium
1509 1766 1780 1875 indulgemus,
1826 1782 1867 1846 vt
1893 1768 1938 1848 de
1962 1776 2047 1855 terris

291 1884 434 1964 vestris
466 1881 586 1963 cultis
615 1884 656 1961 'et
685 1881 847 1961 incultis
876 1879 928 1961 ad
967 1880 1152 1962 ordinem
1188 1896 1366 1962 vestrum
1407 1878 1704 1989 spectantibus,
1746 1905 1850 1989 quas
1877 1880 1957 2005 aliis
1979 1912 2047 1967 con

200 1976 207 1995 ’
283 1993 476 2090 cessistis,
505 1992 569 2073 vel
598 1989 827 2073 concedetis
857 1994 897 2072 in
926 1990 1410 2102 posternmcxcolendns,
1438 1988 1678 2102 (dequibus
1703 1989 2047 2101 tameualiquisdc·

291 2107 413 2185 cimas
441 2132 512 2186 seu
541 2105 742 2213 primicias
774 2133 855 2184 non
886 2106 1068 2213 percepit
1089 2100 1122 2213 *)
1152 2103 1286 2184 nullus
1314 2132 1337 2183 a
1366 2099 1502 2197 vobis,
1529 2130 1597 2183 seu
1626 2100 1855 2183 cultoribus
1888 2119 2046 2187 terrarum

209 2274 214 2289 .
252 2211 261 2221 ’
290 2218 495 2326 ipsarum,
523 2235 595 2296 out
623 2215 945 2327 quibuscumque
973 2214 1085 2323 nlijs,
1118 2211 1309 2309 decimas,
1337 2241 1409 2297 seu
1436 2216 1660 2322 primicias,
1689 2216 1851 2321 exigere
1866 2214 1924 2294 rel
1946 2234 2047 2298 crtor·

293 2356 420 2438 quere
448 2344 675 2437 presumat,
700 2326 786 2407 Nos
812 2329 918 2407 enirn
946 2326 1232 2407 nichilominus
1255 2326 1415 2407 irritum
1449 2326 1718 2422 decreuinrus,
1748 2341 1791 2405 et
1818 2328 1942 2422 inane,
1966 2332 2047 2438 quic·

257 2505 259 2514 .
293 2436 393 2551 quid
421 2454 565 2519 contra
591 2454 777 2519 tenorem
801 2436 1054 2535 huiusmodi,
1078 2436 1349 2545 indulgencie
1372 2435 1495 2518 fucrit
1522 2452 1826 2546 attemptatum,
1854 2438 1954 2518 Nulli
1977 2466 2046 2548 ergo

165 2556 170 2570 '
291 2552 459 2632 omnino
486 2550 697 2631 hominurn
725 2549 843 2630 licent
869 2548 977 2630 hanc
997 2548 1205 2657 paginam
1249 2565 1384 2629 nostre
1412 2550 1681 2631 concessionis
1722 2564 1765 2629 et
1789 2549 2047 2631 constitucionis

291 2661 512 2772 iufringere
541 2660 604 2741 vel
632 2664 670 2741 ci
711 2687 812 2741 ausu
853 2662 1069 2741 temerario
1104 2660 1326 2755 contraire,
1367 2658 1411 2740 Si
1446 2662 1539 2771 quis
1566 2674 1702 2742 autem
1745 2658 1824 2741 boc
1853 2675 2046 2770 attemptare

287 2764 601 2884 presumpserit,
645 2771 975 2881 indignacionem
1025 2772 1316 2881 omnipotentis
1343 2768 1412 2877 dej
1439 2786 1482 2851 et
1509 2770 1719 2853 beatorum
1766 2771 1868 2879 petri
1906 2788 1943 2851 ct
1967 2772 2045 2882 pauli

293 2885 568 2996 apostolorum
598 2886 683 2965 eius
711 2912 753 2964 se
781 2884 943 2965 nouerit
969 2885 1251 2979 incursurum,
1290 2884 1438 2963 Datum
1466 2882 1677 2980 Laterani,
1705 2882 1805 2981 XV,
1837 2882 1978 2971 kalend.
2001 2887 2045 2981 Ja7

292 2997 438 3106 nuarij.
467 2997 726 3078 Pontificatus
754 2999 881 3078 nostri
905 3025 1016 3077 anno
1044 2998 1216 3077 Octauo.

101 3184 109 3196 -
211 3128 213 3133 ’
324 3139 370 3202 Ps
393 3139 549 3203 frinsidan
572 3139 609 3202 nl
626 3137 782 3203 nsslciiten
800 3139 870 3202 med
892 3140 1019 3202 scdusce
1040 3137 1142 3202 band:
1169 3137 1234 3200 Jsle
1255 3147 1357 3199 eurem
1381 3137 1482 3201 littere
1502 3141 1587 3202 omni
1609 3140 1780 3226 suspicione
1801 3152 1931 3204 carentes
1958 3139 2029 3201 saluit

936 3224 1041 3306 tigillis
1067 3221 1217 3286 vernhem
1240 3231 1446 3286 reseruntur.

143 3719 148 3732 Ι
207 3534 211 3543 -
302 3535 470 3732 1‘376.
536 3623 539 3632 ·
941 3589 1087 3694 1302
1137 3589 1184 3692 d.
1240 3586 1301 3695 18
1343 3589 1463 3694 Dec.
1864 3590 2045 3692 Lateran.
2096 3696 2099 3706 ,

373 3806 492 3874 Pdlven
515 3811 694 3872 llonrracrus
715 3804 816 3868 Vlllts
837 3805 927 3868 Bulla
950 3808 995 3868 till
1017 3809 1367 3886 cisterciensem-orden,
1384 3831 1435 3872 orn
1448 3808 1615 3874 lrilallelse
1638 3811 1762 3878 lb‘rdess
1775 3813 1896 3886 kloster,
1916 3806 1986 3890 gods,
2003 3799 2044 3864 oth

424 3892 612 3956 tillbiir·andc
634 3891 715 3966 soll,
734 3890 909 3953 irincxtrn
932 3891 1036 3954 tionde
1056 3891 1117 3954 och
1140 3894 1237 3956 andra
1260 3893 1399 3978 pilagor,
1770 3903 1776 3910 “

1712 3977 1745 4030 n.
1767 3928 1790 4032 l.
1809 3975 1833 4032 a.
1850 3976 1881 4029 ss
1897 3971 1945 4046 fe).

401 4112 642 4192 Bonrencrns
671 4110 885 4219 episcopus
915 4116 1056 4189 seruus
1084 4137 1293 4208 seruorum
1332 4109 1396 4192 dci
1426 4109 1580 4192 dilectis
1610 4111 1699 4192 liliis
1737 4112 1925 4194 uniuersis
1951 4101 2043 4186 abln-

289 4225 399 4303 tibus
428 4239 469 4302 ct
496 4220 709 4302 abbatissis
737 4239 778 4302 et
804 4220 1075 4300 conuentibus
1104 4220 1258 4302 ordinis
1283 4223 1543 4303 cisterciensis
1572 4239 1652 4302 tam
1687 4223 1930 4332 presentibus
1953 4239 2040 4324 quam

291 4337 437 4414 luturis
462 4335 632 4415 sn'lntem
676 4350 715 4411 et
743 4332 1008 4440 apostolicam
1052 4330 1378 4414 benediccionem
1408 4334 1450 4442 jn
1497 4352 1735 4441 perpetuum
1782 4339 1830 4415 ln
1861 4331 1982 4412 vestitu
2007 4323 2040 4401 de

292 4463 436 4526 aurato
463 4444 629 4528 ecclesie
658 4469 803 4552 sponse
831 4444 970 4525 christi
1004 4461 1083 4552 que
1113 4445 1305 4524 varietate
1341 4444 1585 4526 circumdata
1614 4475 1688 4528 suo
1731 4473 1875 4556 sponso
1901 4438 2041 4550 specioso

291 4631 563 4648 m

262 4748 275 4764 ,
331 4695 356 4768 *)
378 4691 439 4750 Det
460 4691 543 4752 inom
563 4688 731 4787 perenthee
751 4697 829 4751 satta
851 4697 896 4767 tr,
917 4687 995 4750 ester
1016 4687 1264 4780 radering,·sorn
1287 4687 1339 4752 det
1361 4689 1466 4774 tyeles
1487 4691 1525 4754 af
1541 4711 1659 4754 samma
1681 4689 1781 4771 hand,
1814 4709 1878 4751 men
1899 4681 1958 4746 med
1977 4678 2038 4738 nir-

202 4862 214 4882 ⁸
309 4858 350 4936 *')
372 4772 456 4914 lllld
473 4771 754 4933 l(lllllvilllllnlelllrll,
780 4854 894 4936 Bislop
923 4853 1050 4918 Tnorras
1070 4855 1081 4914 i
1102 4853 1267 4932 streugam
1292 4854 1322 4917 d.
1345 4855 1385 4942 ²⁶
1405 4857 1498 4919 Febr.
1523 4857 1595 4936 ¹44¹
1628 4858 1716 4940 gisrit
1749 4858 1785 4920 al
1810 4851 1975 4931 lrlebitlop
1999 4841 2038 4902 1⁰·

378 4957 453 5003 taus
472 4938 481 4998 i
502 4937 620 5023 Uptaln
643 4939 673 4999 d.
699 4959 733 5034 ro
755 4937 826 5001 Iuni
852 4939 928 5017 ¹4²3
950 4935 1131 5001 belrtllade
1153 4937 1286 5000 alskrilt.
2029 4953 2033 4962 ’
