4317 5975
795 337 1405 432 ·-...ca0..

122 555 128 564 ’
233 624 236 629 >
295 572 378 658 buo
405 566 605 656 limitibus
631 587 692 654 est
720 561 929 657 dictinum,
971 583 1096 678 prout
1136 567 1211 652 bec
1252 569 1384 655 omnia
1412 567 1455 650 iu
1484 565 1637 648 litteris·
1671 562 1771 650 dicti
1819 572 2036 678 patrissant

297 685 424 793 super
449 679 530 767 hoc
558 680 755 764 conlectis
784 677 944 789 plenius
970 677 1252 778 continentur,
1281 673 1447 777 ratam,
1469 693 1645 788 gratam,
1686 692 1729 759 et
1756 677 1902 763 firmam
1936 715 2037 800 perpe.

178 795 181 799 ’
293 791 660 905 tuistemporibus
688 789 1010 910 essevolumus,
1041 789 1134 872 licet
1164 793 1379 902 thyrgillus
1410 785 1619 902 quondam
1657 789 1891 874 Marsoalcus
1926 817 2038 898 cone,

296 904 518 1015 predictam
548 903 892 1016 permutacionem
925 918 1066 1004 nostro
1095 905 1257 1000 nomine
1290 899 1511 1012 aliquando
1540 900 1650 982 nisus
1678 915 1739 984 est
1775 901 1967 1004 infirmare,
1991 939 2039 994 au·

294 1015 466 1100 serendo
491 1013 722 1125 supradicte
749 1014 927 1096 Ecclesia
956 1013 1156 1124 upsalensi
1193 1012 1408 1104 duodecim
1443 1039 1537 1096 oras
1565 1027 1693 1110 terre,
1720 1011 1899 1098 videlicet
1929 1019 1963 1098 in
1991 1021 2041 1106 bro

294 1127 472 1236 husaby,
501 1124 708 1208 dimidiam
737 1125 939 1210 Marcham
968 1143 1085 1208 terre.
1122 1143 1163 1206 et
1198 1127 1238 1206 in
1266 1125 1390 1209 stalli.
1430 1131 1551 1206 valam
1593 1123 1797 1208 lllarcham
1826 1141 1937 1223 terre,
1970 1131 2042 1214 vltra

295 1235 339 1320 id
351 1299 370 1336 ,⁶
393 1235 506 1348 qu'od
534 1264 767 1347 expressum
798 1251 861 1318 est
887 1239 929 1317 in
954 1239 1255 1346 permutacione
1282 1237 1469 1348 superius
1493 1237 1720 1332 nominata,
1749 1238 1860 1342 Quas
1879 1239 2042 1326 duodecim

82 1337 87 1344 ¹
222 1388 224 1393 ·
297 1376 390 1430 oras
423 1365 543 1455 terre.
571 1349 701 1432 eidem
731 1347 908 1430 Ecclesia
936 1345 1136 1456 upsalensi
1164 1375 1327 1430 exnunc
1355 1349 1602 1430 restituimus
1630 1347 1752 1456 pleno
1780 1347 1867 1456 jure
1892 1371 2044 1461 perpetro

160 1460 166 1473 ’“
298 1457 581 1572 possidendas,
625 1487 715 1542 cum
756 1457 1008 1570 permutacic
1054 1457 1256 1568 sepedicta
1298 1460 1403 1542 lacta
1429 1487 1523 1540 cum
1562 1476 1679 1567 patre
1721 1475 1860 1542 nostro
1897 1478 1992 1542 tanto
2011 1469 2043 1546 sit

296 1588 479 1679 tempore
508 1571 725 1655 obseruata
754 1569 918 1679 pacifice
946 1587 989 1651 et
1016 1571 1152 1681 quiete
1181 1569 1295 1682 quod
1322 1567 1528 1652 swadente
1557 1571 1714 1652 iusticia
1741 1571 1949 1653 secundum
1972 1575 2046 1686 leges

180 1765 186 1774 ,
297 1684 427 1792 patrie
455 1683 561 1764 iuste
589 1711 666 1764 nec
694 1683 831 1791 potuit
858 1708 933 1762 nec
961 1679 1106 1763 debuit
1134 1684 1364 1780 retractari,
1407 1685 1457 1764 ln
1492 1681 1618 1764 Cuius
1658 1684 1930 1764 ratificacionis
1953 1707 1985 1766 et
2005 1715 2045 1766 re·

181 1854 201 1864 s
296 1794 532 1890 stitutionis,
558 1811 696 1878 nostre
738 1791 987 1876 euidenciam
1028 1793 1270 1902 pleniorem,
1315 1799 1512 1876 secretum
1555 1808 1740 1874 nostrum
1783 1797 1875 1906 quia
1915 1797 2044 1904 sigillum

297 1925 480 1987 nostrum
509 1907 636 1986 maius
663 1905 786 2012 penes
815 1933 887 1986 nos
916 1930 998 1983 nou
1035 1904 1228 1986 habemus
1270 1906 1524 2013 presentibus
1565 1904 1755 1986 duximus
1797 1933 1819 1986 a
1853 1907 2045 2014 ponendum

218 2014 220 2017 ’
295 2018 446 2097 Datum
474 2015 587 2126 apud
615 2015 871 2124 staekaborgh
912 2042 1021 2096 anno
1047 2012 1220 2115 domini,
1252 2017 1326 2116 ΜΟ,
1353 2017 1476 2099 CCC⁰
1505 2013 1681 2113 decimo,
1726 2016 1771 2130 jn
1830 2019 1864 2102 ie
1893 2019 2048 2098 Natiuita-

154 2189 161 2198 -
296 2131 348 2210 tis
376 2127 506 2210 beate·
522 2127 699 2236 virginis.

584 2270 634 2336 Pe
642 2269 840 2354 frenaidan:
859 2269 983 2332 Littera
1002 2267 1125 2332 domini
1145 2268 1265 2353 hirgeri
1285 2270 1381 2354 Regis
1401 2290 1499 2356 cuper
1519 2289 1636 2356 empne
1656 2269 1787 2356 vpsalia.

609 2384 736 2469 sigillet
754 2384 936 2463 bortlallet,
956 2381 1124 2450 bertarit
1143 2385 1262 2452 itatadt
1282 2387 1325 2472 pa
1344 2395 1392 2450 ett
1412 2389 1504 2450 rudae
1525 2385 1563 2502 af
1578 2383 1776 2452 silkettddar.

95 2873 101 2880 .
160 2934 163 2941 Ι
233 2759 238 2766 ’
310 2766 476 2914 ι694.
712 2885 717 2891 ,
933 2767 1092 2874 1310*
1132 2683 1439 2920 d.8Sept.
1893 2768 2048 2918 Upsala.
2106 2711 2109 2932 l

377 2954 502 3021 Anders
521 2950 686 3016 Erikssons
709 2954 800 3035 enka,
822 2955 1019 3021 Manciam
1038 2955 1270 3025 Essesmsms
1290 2958 1442 3042 sullmagt
1461 2957 1513 3023 liir
1534 2957 1760 3024 Prestmsnnen
1772 2956 1927 3038 Michael,
1940 2968 1981 3021 att
1995 2959 2050 3041 gira
2107 2945 2109 3083 1

418 3034 614 3150 Abbedirsan
635 3040 646 3099 i
667 3038 906 3123 Wdrfruberga
926 3042 1009 3106 fasta
1029 3042 1073 3126 pl
1093 3042 1133 3105 de
1155 3040 1289 3183 gdrslar,
1309 3062 1380 3107 som
1399 3042 1468 3107 buu
1489 3043 1541 3107 till
1562 3044 1700 3109 [lustret
1719 3042 1909 3183 bortbykt:3
1935 3123 1958 3179 k·

406 3220 609 3305 Omnibus
635 3238 839 3331 presentes
878 3226 1032 3307 litteras
1075 3226 1333 3335 inspecturis,
1376 3222 1628 3312 Mesalum
1674 3230 1786 3313 Emer
1816 3228 1914 3327 filia,
1952 3226 2051 3309 relicta
2107 3192 2109 3285 l

192 3423 205 3448 ‚
296 3330 695 3417 Andreemkilsson
725 3336 831 3417 bone
855 3340 1051 3420 ‚memorie
1079 3338 1249 3420 salutem
1277 3344 1319 3421 in
1338 3338 1504 3420 domino
1520 3342 1945 3451 sempiternam,Quia
1961 3360 2052 3448 qum·
2108 3416 2109 3445 ,

296 3446 402 3529 dam·
419 3447 779 3527 commutacionem
807 3451 1013 3529 curiarum
1047 3467 1089 3530 et
1125 3448 1359 3559 prediorum
1404 3477 1496 3532 cum
1538 3453 1668 3535 nobili
1709 3450 1904 3550 domina,
1935 3448 2051 3531 domim

297 3556 496 3637 abbatissa
524 3553 575 3636 de
602 3573 738 3637 monte
766 3559 882 3639 beate
910 3561 1078 3668 virginis
1106 3563 1147 3641 in
1178 3562 1308 3643 insula
1352 3554 1525 3657 Fodhaa
1565 3580 1734 3675 totoque
1772 3578 1972 3645 conuentu
2005 3558 2052 3653 ibi·
2106 3484 2109 3631 l

268 3679 272 3683 ‘
296 3664 389 3751 dem
410 3666 581 3747 'nouiter
608 3666 801 3763 feceram,
830 3674 1040 3753 committo
1067 3671 1287 3754 exhibitori
1314 3678 1565 3783 presencium
1594 3673 1762 3758 domino
1789 3674 2054 3780 lllichaeliprm

156 3812 164 3825 ’
294 3776 440 3861 bitero-
458 3765 666 3875 stirbeini
694 3778 972 3863 Thcrstenscn
999 3782 1285 3865 auctoritatem
1315 3783 1557 3893 plenariam,
1585 3784 1637 3870 ad
1670 3785 1825 3869 dictum
1869 3782 2052 3897 prediorum

295 3889 575 3972 concambium
617 3888 773 3999 prefate
795 3890 979 3975 ,dominc
1019 3894 1220 3977 abbatisse
1262 3896 1460 3977 firmarios
1487 3913 1529 3979 et
1570 3914 1689 3981 testes
1723 3897 1857 3981 dictos
1885 3900 1927 3979 in
1953 3894 2053 4002 wlgari

295 3998 386 4101 lisn
416 4026 491 4080 seu
515 3998 638 4081 lastar
665 4002 709 4083 in
736 4008 941 4087 communi
969 4005 1236 4115 placitacione
1264 4004 1387 4087 dandi
1416 4025 1457 4091 et
1491 4007 1800 4120 pronunciandi,
1830 4038 1878 4091 ac
1905 4038 1950 4089 ex
1976 4018 2055 4114 parte

295 4140 389 4194 mea·
412 4111 540 4193 libere
568 4112 822 4210 nominandi,
850 4118 1000 4197 Ratum
1028 4133 1070 4198 et
1100 4134 1261 4224 gratum
1300 4116 1470 4217 habens,
1506 4121 1706 4233 quidquid
1745 4122 1880 4203 dictus
1913 4118 2056 4201 domiuus

263 4221 468 4325 JMichael
494 4224 541 4303 iu
571 4224 648 4305 hoc
676 4224 847 4338 negocio
875 4228 1038 4314 nomine
1067 4256 1157 4309 meo
1186 4228 1260 4311 hac
1288 4232 1376 4311 vice
1404 4230 1561 4333 lecerit,
1596 4262 1643 4317 ac
1677 4235 1709 4314 si
1739 4230 1995 4343 personaliter
2019 4224 2057 4306 la·

297 4363 429 4420 cerem
457 4334 493 4415 si
520 4334 733 4419 adessem
769 4338 846 4423 Sed
874 4340 973 4451 quia
1002 4337 1178 4449 sigillum
1209 4346 1419 4451 proprium
1463 4370 1546 4423 non
1592 4342 1737 4441 habui,
1779 4346 1950 4453 sigillum
1984 4337 2056 4437 stir-

180 4505 183 4513 ·
295 4448 415 4530 berni
443 4444 724 4531 Thorstenson
752 4454 795 4531 in
826 4447 1110 4558 premissorum
1140 4453 1220 4532 rati
1254 4452 1508 4536 habicionem
1534 4450 1646 4561 duxi
1690 4457 1942 4565 presentibus
1966 4472 2057 4558 appo

297 4556 498 4655 nendum,
526 4562 676 4665 Datum
708 4562 858 4671 vpsalie
887 4590 995 4645 anno
1023 4564 1179 4647 domiui
1207 4561 1279 4645 ΜΟ.
1309 4566 1452 4647 C.C.C⁰
1478 4568 1549 4655 X⁰.
1581 4570 1625 4650 in
1653 4566 1718 4651 die
1732 4568 1964 4651 Natiuitatis
1976 4563 2057 4645 bean

295 4668 445 4767 Mario,
467 4670 636 4783 virginis
662 4672 850 4783 gloriose.
1551 4670 1553 4673 ’

715 4817 852 4902 sigillet,
873 4820 968 4903 jemte
990 4819 1053 4885 den
1073 4840 1115 4885 ur
1136 4819 1262 4883 brefvet
1283 4818 1410 4906 llippta
1431 4840 1571 4899 remma,
1592 4818 1699 4885 borts.
