4317 5975
801 392 876 442 ‚¹-
976 376 1068 487 397
1176 378 1278 441 α,

53 658 75 747 ᾗ
137 614 299 749 1405·
783 569 935 723 1303ι
980 609 1029 714 d.
1073 611 1109 723 8
1155 608 1283 755 Aug.
1712 612 1930 761 sigma
2026 525 2043 685 ἱ,
2117 743 2121 756 ι

150 902 155 912 ,
208 834 322 917 Bislop
343 828 441 891 Ysan's
462 827 473 889 i
494 808 658 911 Strengnts
678 829 756 893 bref
773 828 932 913 nngbende
953 840 998 892 ctt
1020 828 1184 913 jordnbyt'e
1204 828 1276 895 med
1297 830 1423 914 Ragnar
1444 828 1513 893 lrdn
1535 828 1691 897 ouahutt.
1773 852 1774 860 ¹

1678 948 1714 1006 Λ.
1731 953 1756 1007 6.
1773 968 1797 1005 a.

96 1165 100 1172 ,
240 1081 440 1163 Omnibus
483 1096 691 1188 presentes
730 1081 883 1161 litteras
909 1082 1188 1188 inspecturis,
1217 1103 1381 1163 nsanos.
1425 1080 1492 1164 dei
1534 1085 1669 1191 gracia
1707 1088 1855 1196 Episco
1889 1118 1934 1169 us
2014 1136 2019 1147 ι

27 1279 31 1294 ,
126 1194 446 1301 strengenensis,
487 1192 657 1274 salntem
686 1195 730 1274 in
758 1192 923 1277 domino
950 1192 1257 1300 sempiternam,
1301 1194 1402 1275 Cum
1447 1214 1617 1305 propter
1646 1194 1829 1281 diuersos
1857 1118 1934 1283 ie-

128 1337 218 1389 rum
250 1320 421 1386 euentus
448 1300 649 1386 eredimus
678 1333 763 1387 esse
793 1304 946 1386 racioni
981 1329 1205 1386 consonum
1251 1304 1363 1414 quod
1405 1306 1708 1390 racionabiliter
1738 1372 1746 1391 .
1776 1372 1786 1393 .
1815 1326 1936 1393 tenor

16 1460 20 1464 ·
125 1432 345 1530 perpetuet
373 1414 617 1514 litterarum,
661 1415 814 1500 idcirco
841 1435 982 1497 notum
1026 1441 1110 1498 esse
1138 1415 1327 1497 volumus
1347 1436 1441 1515 ,tam
1487 1422 1656 1525 posteris
1698 1450 1821 1532 quam
1851 1453 1972 1511 mom

127 1528 263 1613 dennis
291 1525 403 1638 quod
432 1556 523 1608 cum
552 1528 741 1636 Ragnero
769 1525 821 1609 de
851 1525 1074 1621 ulfrahnldi
1121 1526 1285 1609 fecimus
1328 1523 1531 1638 quandam
1575 1536 1936 1617 commutacionem

1 1652 7 1661 '
127 1640 385 1753 prediorum,
414 1639 601 1721 videlicet
638 1640 750 1751 qnod
781 1640 835 1720 ab
865 1640 1027 1749 ipsein
1057 1638 1318 1731 nifrahulde
1362 1668 1483 1721 snam
1522 1641 1662 1725 boram
1699 1660 1806 1726 terre
1835 1647 1937 1730 duo·

58 1756 65 1763 ’
130 1756 209 1835 bus
237 1751 411 1833 denariis
443 1753 575 1831 minus
603 1754 827 1861 recepimus
848 1748 1084 1831 Reddentes
1110 1752 1147 1831 ei
1175 1748 1480 1833 duosdenarios
1504 1760 1611 1833 terre
1639 1752 1681 1833 in
1712 1754 1936 1864 bisergbum

11 1935 13 1938 ,
74 1892 79 1897 ’
130 1894 208 1974 pro
237 1861 423 1973 quolibet
452 1860 619 1944 denario
647 1882 754 1945 terre
783 1891 903 1973 quarn
933 1861 1150 1941 babuimus
1179 1861 1231 1941 ab
1260 1860 1422 1961 eodem,
1460 1866 1634 1973 lnsuper
1660 1866 1738 1946 sibi
1768 1896 1846 1977 pro
1875 1858 1938 1950 re·
2065 1922 2078 1939 ·.
2131 1948 2136 1971 ‚

129 1974 467 2083 compensacione
495 1973 728 2072 domorum,
771 2002 871 2085 quas
894 1972 1043 2063 babuit
1078 1968 1227 2053 ibidem
1260 1978 1301 2053 in
1331 1973 1540 2065 attrahunt
1572 1978 1828 2085 promisimus
1856 1980 1938 2061 sol-

133 2116 229 2168 nere
257 2114 378 2165 vnum
416 2084 588 2165 solidum
618 2103 744 2181 terre,
773 2085 844 2165 vbi
874 2084 992 2163 nobis
1021 2084 1182 2165 videtur
1211 2084 1422 2193 expedire,
1453 2084 1559 2167 vnde
1583 2083 1666 2169 duo
1694 2094 1765 2199 qni
1793 2088 1939 2173 dicun·

133 2219 203 2306 tur
231 2196 605 2293 vidberwarumen,
634 2196 842 2292 videlicet,
871 2195 1060 2277 dominus
1089 2192 1384 2277 lidhinwardus
1414 2194 1554 2305 legiler
1582 2200 1763 2281 naricbie
1792 2218 1833 2281 et
1861 2202 1944 2285 d0·'

132 2312 268 2390 minus
297 2335 465 2415 magnus
488 2310 727 2405 marineson,
757 2324 797 2387 et
827 2307 1214 2415 .XII.,firmariiqui
1244 2304 1659 2414 wlgariterdicuntur
1688 2310 1939 2424 fastaerquo·

132 2435 223 2501 r'um
253 2422 415 2499 nomina
452 2419 681 2528 subscripta
721 2436 817 2499 sunt
845 2419 895 2501 ad
923 2418 1005 2498 bec·
1027 2416 1193 2499 fuerunt
1233 2416 1462 2527 specialiter
1513 2422 1710 2523 nominati
1738 2444 1778 2505 et
1807 2442 1940 2505 astan-

130 2552 212 2628 tes,
240 2532 410 2625 scilicet,
439 2532 637 2611 Dominus
667 2532 766 2612 bero
795 2530 942 2637 longus
969 2530 1188 2611 canonicus
1231 2531 1444 2625 scarensis,
1487 2532 1701 2614 Conradus
1731 2536 1940 2634 isarsson,

133 2635 333 2724 Dominus
361 2643 545 2725 siluester
574 2639 624 2722 de
661 2642 868 2735 nsteralrer
911 2642 1105 2721 Dominus
1148 2668 1317 2746 magnus
1360 2640 1577 2749 presbiter,
1619 2644 1940 2755 Radulpbnsde

126 2752 379 2864 bogbasten,
407 2758 606 2861 sigstanns
635 2753 686 2834 de
712 2751 895 2860 sundby,
924 2780 1095 2861 magnus
1112 2748 1162 2832 de
1184 2751 1369 2861 jdrforsi,
1400 2746 1596 2835 Eruastus
1624 2753 1674 2836 de
1691 2739 1938 2855 wraetistnin,

131 2867 276 2948 Olaws
305 2868 347 2945 in
375 2866 682 2971 sigbanzstnm,
726 2881 864 2973 petrns
906 2863 1132 2961 stirberni,
1175 2882 1313 2971 petrus
1353 2864 1519 2945 .'villicus
1555 2866 1598 2945 in
1644 2866 1939 2967 medbaldsum,

133 2976 369 3087 jadwardus
399 2980 439 3058 in
469 2976 562 3076 ira,
592 2978 641 3056 Jn
672 2978 785 3057 euius
813 2976 886 3054 Rei
928 2974 1200 3056 testimonium
1243 2974 1417 3082 sigillum
1447 2993 1630 3057 nostrum
1660 3007 1738 3060 vna
1769 3010 1856 3061 cnm
1888 2984 1939 3062 si·

133 3091 242 3200 gillis
270 3086 544 3198 predictorum
575 3088 862 3183 firmariorum,
890 3087 962 3195 qni
976 3087 1107 3194 sigilla
1130 3085 1382 3183 babuerunt,
1412 3090 1668 3197 presentibus
1698 3109 1757 3172 est
1786 3121 1940 3202 appen-

132 3231 245 3300 sum,
277 3206 422 3281 Actum
452 3203 637 3326 sigarso,
666 3203 806 3297 Anno,
839 3197 1014 3296 domini,
1045 3198 1261 3295 M·,ccc·‚
1291 3201 1417 3280 tercio
1448 3201 1487 3280 in
1517 3201 1777 3310 quintaleria
1802 3193 1942 3314 proxiss
2039 3253 2042 3260 ·
2120 3249 2126 3262 ·

132 3343 198 3396 ma
229 3330 322 3394 ante
352 3315 578 3418 Laurencu·
599 3419 648 3484 rt
658 3399 837 3502 saw-d„
855 3417 930 3480 md
947 3417 1080 3481 ,enm
1100 3418 1206 3482 tanai
1235 3418 1324 3482 narn
1347 3419 1478 3481 sochen.

558 3534 687 3617 Sigillen
709 3534 894 3613 bortinllna,
923 3555 1081 3598 remsorna
1103 3535 1182 3598 elles·
1203 3535 1261 3597 Neo
1283 3555 1313 3617 a,
1334 3533 1370 3612 5,
1391 3531 1412 3596 6
1433 3553 1520 3616 qrnr.

150 3901 312 4033 1406.
486 3836 491 3843 ἡ
783 3903 934 4008 1303
979 3899 1029 4004 d.
1084 3939 1149 4006 12
1203 3905 1326 4048 Aug.
1832 3903 1942 4016 Nae

172 4132 176 4146 .
223 4123 454 4206 hiebiskopen
475 4126 549 4186 Nrns
568 4125 733 4185 Annnsmus
760 4123 864 4204 lntyg,
887 4133 935 4184 att
950 4081 1163 4268 nDomprosten
1185 4123 1325 4186 Andreas
1347 4119 1418 4184 med
1441 4119 1515 4182 bans
1538 4121 1679 4182 tilldtelse
1700 4075 1775 4208 iiipt
1796 4136 1842 4188 ett
1864 4125 1943 4188 balit

274 4207 417 4269 dreslsnd
440 4208 449 4265 i
471 4210 580 4290 Morge
600 4207 637 4268 af
654 4207 760 4288 Dnlby
781 4206 881 4288 kysla
903 4205 964 4268 ocb
985 4226 1037 4267 soc
1062 4207 1194 4284 nebnsr,
1216 4207 1276 4269 ocb
1299 4207 1344 4268 till
1368 4206 1444 4266 lullo
1466 4205 1567 4310 betelt
1588 4205 1768 4270 detsnmrnn.

1692 4291 1768 4345 Ab
1785 4309 1809 4344 ι.

251 4425 455 4506 Omnibus
483 4427 693 4504 Prcsentes
722 4423 875 4504 litteras
904 4422 1174 4532 inspecturis,
1204 4427 1413 4507 Nicotaus
1442 4425 1701 4504 miseracione
1718 4423 1855 4507 diuina
1879 4455 1944 4508 ar·

137 4530 424 4646 cbiepisco‘pus
453 4535 694 4642 vpsalensis,
722 4535 890 4614 salutem
921 4537 962 4614 in
992 4533 1158 4616 domino
1186 4538 1491 4646 sempiternam,
1522 4535 1670 4617 Notum
1688 4535 1855 4618 facimus
1873 4565 1945 4646 per
2052 4541 2053 4544 ‘

139 4655 370 4763 presentes,
398 4645 510 4757 qnod
540 4646 727 4726 dominus
756 4641 935 4726 Andreas
965 4649 1194 4756 prepositus
1224 4649 1460 4756 upsalensis,
1500 4673 1549 4726 ex
1578 4673 1772 4729 consensu
1804 4665 1945 4730 nostro
2033 4733 2042 4744 ,

137 4765 240 4846 emit
267 4758 474 4840 dimidiam
501 4762 750 4851 oramterre
777 4762 820 4840 in
849 4757 1026 4866 morgbae
1051 4756 1104 4840 de
1144 4757 1307 4840 ecclesia
1338 4755 1462 4856 dalbi
1489 4774 1530 4838 et
1559 4761 1814 4866 parochianis
1841 4763 1945 4841 eius·
2049 4841 2060 4870 4

138 4874 253 4972 dein,
285 4899 362 4982 pro
391 4897 473 4982 qua
502 4867 664 4954 dimidia
693 4899 764 4951 ora
792 4885 900 4950 terre
929 4868 1028 4950 dicti
1057 4869 1293 4980 parochiani
1323 4895 1372 4950 ex
1402 4885 1517 4978 parte
1539 4870 1704 4952 ecclesie
1733 4875 1945 5042 in5nostra

269 4998 329 5054 ,sa
347 4997 467 5071 nepam
483 4998 526 5052 rr.
1797 5001 1807 5044 ι
1887 5044 1892 5054 ,
