4317 5975
1812 147 1831 210 ¹.
1883 117 1929 186 'u-

1813 233 1828 273 ιἱ
1990 265 1991 270 ¹

2085 276 2097 300 x

1754 269 2013 391 ‘N
2088 334 2158 363 ,μ

1980 395 2157 428 1¹¹

786 506 1175 607 ..33-

1944 529 1989 676 s

0 790 1 841 ς
96 694 267 889 'gib'
340 762 344 775 '
446 848 493 883 ,Ι
688 680 1329 894 [1'287'llss2‘9dulils
1497 738 1874 918 Silderlrdpin'g.
1959 684 1967 694 ἱ

163 954 459 1037 susurrium
479 955 520 1022 lts
540 912 770 1053 guitberti!
790 909 839 1033 ὠ,
852 957 965 1031 uasti
986 956 1090 1030 um
1109 955 1178 1030 thil
1200 954 1250 1060 lili
1271 956 1445 1034 &lliutlai
1464 907 1575 1047 (apuli
1590 927 1877 1044 impunitum

706 1126 742 1143 -·
830 1132 834 1140 ·
952 1118 995 1142 ·‹
1276 1098 1300 1149 .'
1576 1077 1752 1143 ussi..

214 1173 425 1261 Vniuersis
453 1192 656 1285 presentes
685 1175 839 1259 litteras
855 1176 1128 1305 inspecturis,
1144 1174 1209 1255 uel
1239 1174 1440 1257 audituris
1467 1175 1722 1262 Mscnnsdei
1735 1182 1873 1288 gracia

93 1285 291 1365 Sweorum
333 1285 632 1395 gothorumque
674 1312 746 1369 rex
788 1285 966 1367 Salutein
1012 1315 1053 1367 m
1095 1286 1274 1366 omnium
1318 1288 1521 1369 saluatore
1560 1288 1625 1371 Ad
1665 1292 1874 1402 utriusque

90 1396 161 1475 rite
189 1393 422 1476 felicitatem
452 1392 644 1505 prodesse
673 1396 790 1479 nobis
818 1422 1076 1509 nequaqnam
1106 1396 1345 1505 ambigimus
1374 1398 1416 1477 Si
1443 1398 1532 1479 loca
1562 1400 1704 1482 diuino
1740 1401 1875 1509 cultnj
1938 1387 1942 1394 ⁴
2035 1455 2040 1466 =

96 1505 312 1613 naricipata
355 1506 634 1587 curanerimus
675 1506 869 1618 ampliare
912 1514 950 1589 &
988 1536 1128 1589 eorum
1143 1506 1408 1616 profectibus
1436 1510 1502 1617 pia
1532 1507 1775 1591 intendimus
1803 1538 1875 1593 ro·

93 1600 240 1701 lautats
268 1603 420 1699 Notum
453 1618 575 1724 igitur
604 1615 769 1722 facimus
791 1614 846 1707 id.
868 1616 945 1712 bila
973 1610 1150 1727 se'riptid'
1171 1616 1287 1728 quod
1324 1647 1415 1699 cum
1451 1619 1605 1729 capella
1640 1618 1777 1719 Sancti
1804 1622 1879 1713 lli-r
2039 1696 2045 1707 ,

93 1726 185 1835 colaj
216 1719 353 1807 Skaris
383 1725 496 1835 adeo,
514 1725 742 1835 redditibus
770 1746 810 1811 et
838 1727 1119 1810 emolumentis
1147 1731 1281 1809 tenuis
1308 1745 1348 1809 et
1377 1728 1498 1809 exilis
1520 1734 1605 1811 siue
1626 1716 1874 1813 Christilide·

94 1838 178 1918 lium
207 1836 434 1918 elemosinis
462 1834 733 1921 et²heneliciis
762 1847 844 1921 tion
873 1834 1047 1923 sulliclal
1073 1835 1149 1919 ned
1175 1836 1300 1921 habet
1329 1838 1435 1920 rude
1470 1840 1517 1923 ‘se
1543 1846 1586 1923 &
1612 1840 1743 1922 utum
1771 1840 1876 1923 rude

93 1948 275 2029 ricarium
302 1968 418 2029 suum
449 1949 492 2027 in
522 1950 833 2052 necessariorum
848 1968 1083 2061 sumptuum
1100 1946 1399 2031 ministracioue
1413 1969 1636 2033 sustentare
1657 1943 1790 2035 raleat
1805 1952 1876 2035 de·

95 2076 273 2145 uotorum
315 2075 545 2161 nostrorum
596 2060 837 2164 venerabilis
877 2060 920 2148 in
949 2061 1126 2157 ¹Christo
1163 2063 1288 2173 patris
1315 2060 1748 2191 dominijl}‚Episcopi
1775 2062 1875 2145 Sira·

1 2268 2 2283 p
95 2171 208 2257 musis
236 2169 498 2283 capitulique
525 2172 587 2257 sui
617 2167 765 2264 ibidem
796 2172 873 2282 piis
900 2170 1274 2281 supplicaciouibus
1302 2172 1486 2262 inclinati
1523 2174 1785 2289 omniumque
1813 2174 1875 2256 in·

94 2278 352 2365 habitantium
380 2280 588 2381 ciuitatem
614 2298 797 2383 nostram
826 2278 1065 2393 §larensem
1090 2278 1313 2384 humilibus
1341 2312 1390 2372 uu
1416 2285 1571 2397 crebris
1592 2285 1876 2375 instanciisiu·

94 2388 191 2473 ducti
220 2389 276 2473 ad
305 2388 649 2501 augmentandum
679 2390 852 2497 lupdum
896 2392 1205 2494 recidentiulem
1233 2394 1372 2485 ricarli
1398 2394 1576 2490 eiusdem
1617 2394 1771 2510 capelle
1798 2394 1875 2479 wl-

1 2516 2 2524 '
95 2502 226 2611 galitcr
270 2500 425 2592 dimum
469 2500 691 2611 Hedenzbo
732 2530 850 2593 ruam
895 2506 1050 2615 peciam
1080 2520 1201 2593 terte
1242 2506 1353 2591 iusta
1395 2534 1551 2599 amnem
1587 2506 1740 2597 dictum
1768 2508 1878 2615 Drys

1 2610 2 2615 '
94 2612 305 2697 literalitsr
331 2614 373 2699 in
403 2628 517 2723 parts
545 2610 719 2706 australi¹
739 2616 855 2708 sitam
884 2615 1103 2706 habentem
1130 2632 1259 2705 terras
1279 2643 1329 2705 ex
1351 2620 1542 2747 opposito
1556 2645 1696 2709 sersus
1711 2616 1878 2704 boream

92 2750 199 2833 agros
242 2741 283 2807 et
325 2738 452 2833 prata
484 2722 753 2814 ooefflentales
794 2724 972 2819 eiusdem
1015 2718 1133 2815 luridi
1158 2754 1251 2817 rum
1286 2728 1475 2822 omnibus
1502 2745 1544 2819 et
1571 2727 1741 2845 siugulis
1767 2730 1877 2827 iutra
1993 2833 1997 2839 ,
2056 2674 2063 2697 i

94 2836 279 2919 terminos
320 2836 524 2919 contentis
568 2822 790 2925 secundum
818 2840 929 2946 quod
958 2835 1115 2928 sustris
1142 2854 1183 2927 ut
1212 2836 1419 2947 lapidibus
1432 2838 1600 2931 fecimus
1614 2838 1784 2931 eandem
1799 2841 1878 2925 cir·

1 3043 9 3080 P
95 2944 324 3040 tumnallari
351 2943 552 3032 Videlicet
580 2975 602 3044 a
633 2944 869 3077 mulnouad
899 2946 1037 3037 iersus
1064 2961 1248 3074 austrum
1276 2963 1390 3076 trans
1417 2950 1597 3079 riuulum
1625 2948 1678 3040 ad
1701 2947 1876 3060 lapidem

95 3073 275 3156 conatum
318 3053 579 3168 procedendo
613 3057 801 3159 ulterius,
836 3085 974 3145 sersus
1015 3083 1152 3161 orreps
1170 3053 1228 3143 ed
1247 3055 1435 3166 lapidem
1462 3076 1639 3168 positum
1666 3086 1715 3145 ex
1743 3087 1876 3172 oppo-

2 3225 3 3232 κ
95 3169 162 3250 sito
202 3169 399 3251 torrentis
441 3165 662 3252 molendini
691 3170 859 3254 iacentis
887 3170 1066 3359 intigris
1093 3165 1364 3252 orientalibus
1398 3169 1510 3259 iuxta
1542 3165 1714 3252 fundum
1742 3171 1877 3282 predi·
1973 3262 1978 3272 ,

95 3295 189 3360 ctum
226 3275 280 3358 de
323 3277 577 3360 liberalitatis
605 3297 742 3362 nostre
770 3281 904 3388 gracia
934 3281 972 3358 ei
1003 3307 1063 3360 em
1086 3275 1214 3361 fundo
1242 3282 1489 3364 annectimus
1523 3277 1716 3364 tradimus
1745 3298 1788 3363 et
1814 3311 1878 3366 as·

95 3390 285 3500 signam
326 3391 415 3472 inre
456 3391 657 3499 perpetuo
697 3387 978 3500 possidendam
1023 3391 1311 3500 proprietatem
1341 3388 1564 3472 dominium
1593 3410 1633 3472 et
1661 3395 1877 3502 posscssio-

97 3527 174 3582 uem
200 3499 383 3582 eiusdem
411 3501 524 3610 pecie
551 3502 593 3582 in
623 3501 818 3585 ricarium
847 3500 954 3582 dicte
982 3501 1207 3610 capelle&
1232 3501 1274 3581 in
1301 3499 1484 3609 singulos
1512 3529 1607 3582 suos
1628 3529 1877 3588 successores

95 3611 136 3692 ad
176 3605 411 3692 habendum
454 3608 673 3692 tenendum
717 3609 1003 3720 possidendum
1037 3638 1085 3692 ac
1112 3609 1341 3693 faciendum
1371 3609 1421 3691 de
1449 3609 1587 3692 eadem
1615 3610 1666 3693 ad
1693 3642 1808 3697 vsum
1837 3625 1878 3701 et
1982 3667 1987 3676 ·
2041 3706 2045 3716 ,

96 3721 296 3803 'utilitatem
327 3720 425 3802 dieti
454 3719 572 3804 fundi
601 3721 699 3832 quid
729 3719 801 3824 nid
831 3724 908 3803 sibi
938 3737 978 3807 et
1001 3721 1301 3805 successoribus
1328 3722 1410 3800 suis
1440 3721 1637 3830 placuerit
1664 3739 1706 3804 et
1734 3725 1877 3809 melius

95 3829 291 3914 ridebitur
319 3826 511 3942 expedire
528 3751 849 3914 irreuocdlsiliter
861 3829 1152 3913 transferentes
1170 3827 1438 3912 Concedimns
1451 3833 1575 3913 eciam
1591 3833 1708 3914 dictis
1724 3837 1877 3922 messio

93 3943 129 4026 et
150 3947 230 4026 suis
262 3942 561 4040 successoribus
574 3945 710 4026 omnia
725 3943 834 4026 bona
850 3971 921 4026 sua
939 3970 1031 4030 cum
1052 3943 1208 4028 colonis
1233 3941 1375 4022 villicis
1390 3942 1656 4054 etiuquilinis
1671 3944 1712 4036 iu
1728 3945 1876 4028 eisdem
1976 3959 1984 3978 ·

92 4053 428 4136 commorantibus
456 4071 496 4134 et
511 4055 660 4134 familia
675 4055 879 4138 cotidiana
896 4055 948 4135 ab
964 4053 1076 4134 omni
1090 4054 1179 4132 iure
1194 4053 1306 4160 regio
1319 4067 1362 4137 et
1374 4056 1504 4136 causis
1526 4053 1728 4162 regalibus
1742 4058 1877 4139 oneri·

93 4163 158 4247 bus
171 4155 457 4248 exactionibus
475 4181 515 4246 et
529 4165 650 4245 talliis
667 4181 791 4274 atque
806 4163 971 4245 tributis
984 4163 1182 4271 impositis
1194 4180 1234 4242 et
1250 4161 1504 4270 imponendis
1519 4163 1645 4246 libera
1661 4169 1822 4274 penitus
1836 4187 1883 4251 et

92 4293 271 4388 exempta
291 4273 357 4359 Sic
371 4271 484 4384 quod
494 4275 673 4372 seculare
686 4273 881 4360 iudicium
902 4271 1132 4354 nullatenus
1152 4273 1228 4353 nisi
1241 4275 1371 4385 Super
1386 4275 1504 4366 terris
1518 4273 1770 4362 hereditariis
1785 4279 1878 4361 visi·

91 4387 229 4470 tabunt
243 4383 325 4474 Sed
342 4402 499 4469 tantum
518 4383 709 4494 judicium
725 4383 1035 4480 ecclesiasticum
1052 4385 1243 4466 Nostrum
1261 4383 1542 4466 nichilominus
1558 4386 1748 4495 placitum
1764 4391 1878 4470 iusti·

91 4499 250 4583 riarium
283 4494 453 4583 adibunt
481 4515 520 4578 et
547 4523 731 4581 excessus
760 4523 900 4580 omues
925 4493 975 4584 de
1004 4490 1100 4603 ipsis
1129 4494 1286 4576 familiis
1313 4491 1469 4577 colonis
1497 4496 1706 4606 inquilinis
1735 4500 1879 4585 villicis

93 4607 231 4692 ibidem
260 4624 510 4716 emergentes
525 4606 610 4718 ipse
624 4606 797 4688 vicarius
811 4623 851 4688 et
862 4609 922 4688 sui
940 4633 1187 4687 successores
1201 4605 1641 4716 penitus'subleuabunt
1656 4609 1877 4694 Prohiben·
1898 4666 1901 4672 -

93 4735 146 4802 tes
170 4719 424 4814 strictissime
452 4717 538 4801 Sub
566 4719 738 4807 obtentu
768 4719 902 4826 g'racie
931 4733 1067 4797 nostre
1096 4717 1158 4798 Ne
1194 4719 1408 4827 quisquam
1445 4720 1722 4830 cuiuscunque
1749 4739 1878 4809 status
2023 4765 2032 4780 ε

95 4832 149 4912 uel
176 4828 333 4942 gradus
361 4827 484 4910 luerit
515 4828 620 4912 hanc
649 4845 827 4910 nostram
859 4825 1153 4936 indulgenciam
1191 4825 1462 4936 quouismodo
1497 4849 1700 4937 presumat
1727 4833 1879 4916 violare

94 4942 146 5023 rel
176 4943 289 5024 bona
318 4941 403 5048 ipsa
436 4956 575 5020 contra
605 4940 803 5021 iusticiam
831 4939 1010 5020 alienare
1038 4937 1118 5019 Seu
1147 4940 1271 5020 eciam
1302 4940 1449 5023 iniuste
1462 4939 1636 5022 alienata
1652 4941 1879 5026 ucldistra·

94 5068 150 5135 cta
191 5047 532 5166 quoquomodo
563 5052 707 5142 illicite
746 5076 949 5162 occupem
986 5050 1128 5162 ,Siquis
1167 5051 1415 5143 eontrarium
1441 5054 1751 5160 attemptauerit.
1773 5055 1880 5144 ritca

2097 506 2132 545 s:

2128 551 2158 624 “i

2040 669 2141 693 aa*
