4317 5975
958 470 1015 516 ,-
1130 424 1207 527 180
1292 454 1384 498 .··'·

163 723 165 730 η
274 602 490 830 ,ι“120.
877 640 1082 799 Ι1294
1129 590 1258 800 d.'9
1304 649 1420 759 Oct
1527 693 1530 697 ·
1845 656 2061 810 Nyb0rg.

352 880 524 958 Kouungen
547 874 644 939 Eume
665 876 673 935 i
697 876 868 951 Dunmarlr,
889 875 985 955 euligt
1005 873 1150 956 Lybecls
1175 874 1234 937 och
1267 875 1429 939 Gottluuds
1461 876 1608 957 borgares
1641 874 1790 954 begam,
1822 833 2063 967 hamlande'pt

404 960 554 1042 &stersjb'u
577 960 661 1041 gilna
684 959 821 1021 tittsmnd
844 969 888 1019 att
912 958 956 1019 till
981 958 1068 1028 lands
1089 958 1150 1020 och
1172 970 1276 1021 ratleo
1299 960 1331 1020 lh
1353 962 1363 1020 i
1383 960 1450 1021 dess
1471 958 1549 1021 rile·
1563 959 1635 1024 hin
1662 958 1762 1024 ioliira
1788 960 1854 1022 sina
1887 983 1978 1025 vorot·
2009 966 2062 1029 och

405 1043 532 1107 dermed
555 1043 667 1104 handel
690 1040 779 1121 idta,
801 1041 924 1105 haarest
947 1041 985 1103 de
1008 1041 1054 1102 fcit·
1077 1041 1150 1122 godt
1172 1042 1265 1104 linha.
1389 1119 1394 1128 ι
1440 1123 1444 1133 1

1730 1157 1867 1231 Katt-
1935 1218 1978 1250 „

406 1296 606 1376 Omnibus
637 1322 798 1402 presens
846 1294 1041 1403 scriptum
1084 1295 1345 1409 cernentibus
1389 1297 1534 1377 Entevs
1572 1297 1646 1376 Dei
1688 1296 1823 1405 gracia
1865 1296 2064 1398 Danornm

160 1440 163 1452 ·
272 1408 564 1518 Slavornmqne
595 1436 661 1488 rex
697 1409 789 1485 Dux
819 1408 983 1493 Estonie
1012 1406 1180 1487 s'alntem
1225 1409 1267 1492 in
1311 1407 1478 1487 domino
1521 1411 1815 1517 sempiternam·
1877 1408 2064 1489 Noveritis

270 1518 383 1630 quod
413 1547 484 1598 nos
513 1514 564 1596 ad
595 1520 831 1598 instanciam
859 1516 1101 1599 dilectorum
1133 1518 1249 1597 nobis
1277 1520 1426 1603 civium
1455 1518 1506 1601 de
1541 1518 1711 1606 Lubelte
1739 1522 1780 1599 8t
1807 1514 1859 1598 de
1889 1517 2060 1601 Godlan·

270 1635 337 1715 dia
366 1630 655 1709 mercatoribus
684 1630 862 1709 omnium
892 1631 1100 1710 civitatum
1131 1632 1432 1711 maritimarum
1449 1659 1556 1710 mare
1583 1630 1779 1713 orientale
1807 1632 1978 1709 transire
1999 1657 2062 1709 vo·

81 1825 90 1833 ,
153 1784 160 1795 ·
271 1742 448 1825 lentibus
465 1742 651 1850 graciam
682 1741 888 1848 cupientes
917 1740 1049 1821 lacere
1079 1741 1289 1847 specialem
1319 1743 1416 1847 ipsis
1444 1742 1632 1823 omnibus
1660 1748 1700 1823 sst
1728 1742 1902 1852 singulis
1931 1741 2064 1822 libera·

143 1892 156 1927 a
271 1855 363 1935 liter
392 1853 664 1959 indulgemus,
694 1850 805 1961 quod
835 1852 886 1933 ad
907 1881 1085 1959 regnum·
1100 1850 1283 1933 nostrum
1297 1855 1542 1962 ubicumque
1557 1855 1614 1933 eis
1630 1854 1827 1962 placuerit
1839 1883 1936 1951 cnm
1952 1853 2062 1934 rebus

191 2006 199 2033 ι
270 1984 312 2047 et
328 1964 525 2045 mercibus
554 1966 636 2042 suis
664 1990 802 2043 secure
832 1965 970 2042 venire
1001 1964 1171 2062 valeant,
1189 1967 1273 2045 sive
1290 1965 1366 2044 hoc
1384 1967 1446 2043 via
1469 1969 1647 2045 terrestri
1663 1968 1746 2048 sive
1770 1967 1957 2077 aquatica
1981 1966 2065 2072 ipsis

269 2092 519 2186 oportunum
549 2075 692 2170 fuerit,
721 2082 759 2154 &
788 2075 829 2155 in
859 2073 999 2155 eodem
1029 2075 1155 2156 libere
1183 2103 1370 2177 exercere
1399 2076 1667 2173 mercimonia,
1696 2080 1827 2157 securi
1863 2106 1938 2185 pro
1958 2077 2063 2157 nobis

271 2187 534 2292 aeomnibns
564 2186 703 2265 balivis
734 2184 1041 2265 &officialibus
1080 2188 1224 2265 nostris
1255 2214 1328 2267 nec
1371 2186 1452 2266 non
1496 2187 1584 2266 aliis
1626 2187 1960 2297 quibuscunque,
1999 2189 2061 2297 qui
2151 2195 2152 2198 ’

269 2300 417 2381 nostris
444 2296 625 2375 adstricti
656 2314 751 2403 sunt
780 2296 1057 2376 voluntatibus
1087 2302 1125 2376 &
1157 2296 1365 2377 mandatis.
1423 2297 1690 2405 Singulariter
1720 2314 2059 2379 antemassecura·

268 2413 358 2492 mus
387 2404 547 2487 eosdem
580 2435 650 2514 per
679 2424 806 2493 terras
835 2424 991 2487 nostras
1020 2408 1227 2489 Estoniam
1257 2408 1445 2490 videlicet
1475 2425 1602 2489 totam
1631 2418 1670 2490 &
1691 2410 1922 2490 Wironiam
1944 2437 2060 2519 nsque

268 2521 322 2602 ad
351 2518 520 2599 fluvium
549 2518 695 2613 Nerva,
726 2516 871 2598 deinde
899 2546 1037 2599 versus
1068 2518 1366 2626 Novogardiam
1384 2523 1663 2629 nequisquam
1692 2547 1761 2601 eos
1789 2523 1874 2599 sive
1891 2528 2055 2615 inmare,
2142 2603 2147 2611 ,

267 2634 351 2714 sive
382 2633 425 2709 in
454 2629 570 2709 terris
599 2631 639 2708 in
670 2657 710 2707 se
741 2628 803 2709 vel
834 2630 875 2711 in
904 2622 985 2709 suis
1029 2648 1232 2737 presumat
1275 2630 1529 2740 aliquatenus
1571 2629 1778 2740 impedire.
1838 2630 1958 2712 Unde
1995 2656 2059 2741 per

267 2742 442 2853 graciam
472 2755 649 2819 nostram
678 2736 856 2820 districte
885 2739 1158 2849 prohibemns,
1188 2744 1359 2850 nequis
1389 2742 1959 2845 Advocatornmnnostrornm
1999 2758 2061 2821 ant

267 2855 480 2966 qnisquam
510 2850 611 2930 alius
640 2853 747 2958 ipsos
777 2869 1018 2931 mercatores
1045 2869 1188 2933 contra
1218 2868 1399 2933 tenorem
1431 2856 1677 2960 presentium
1695 2851 1901 2962 presumat
1918 2854 2059 2964 aliqna-

265 2966 385 3048 tenus'
413 2961 645 3059 molestare,
675 2961 786 3071 qnod
815 2966 886 3073 qui
916 2963 1061 3044 lecerit.
1084 2966 1235 3072 regiam
1267 2993 1349 3043 non
1386 2964 1556 3074 effugiet
1596 2966 1805 3046 ultionem.
1866 2968 1913 3046 ln
1956 2966 2059 3045 cuins

197 3111 199 3118 ·
254 3077 326 3158 ⁴rei
354 3075 627 3154 testimonium
659 3074 913 3181 presentibus
944 3075 1088 3154 litteris
1121 3074 1305 3184 Sigillum
1337 3093 1520 3155 nostrum
1549 3071 2055 3186 duximnsapponendum.

267 3190 418 3268 Datum
447 3183 651 3293 Nyburgh
679 3212 785 3263 anno
815 3183 968 3264 domini
997 3185 1207 3266 millesimo
1236 3184 1510 3267 ducentesimo
1539 3190 1800 3294 nonagesimo
1832 3205 1994 3299 quarto,
2022 3190 2056 3264 in

267 3297 332 3381 die
362 3297 469 3408 beati
498 3296 681 3403 Dyonisii
711 3296 979 3377 &sociorum
1007 3299 1103 3378 eius.
1162 3297 1424 3414 presentibus
1449 3300 1686 3380 consiliariis
1716 3303 1883 3382 nostris.
2064 3300 2066 3305 ’

253 3624 449 3808 x1121}
510 3692 514 3698 ’
638 3673 649 3682 “
699 3687 714 3856 ι’
915 3705 1064 3833 1294
1111 3688 1159 3793 d.
1214 3691 1280 3794 18
1327 3671 1442 3794 Oct.=
1543 3676 1546 3681 ’
1776 3693 2056 3840 Nykbping.

270 3887 274 3894 Ι
346 3927 575 4012 Kyrlroherden
598 3927 607 3984 i
630 3881 793 4008 llylrb'ping
814 3925 931 3986 Persas
951 3924 1112 3987 slrilvelse
1134 3927 1179 3986 nn
1204 3925 1382 3986 Lidint'vurd
1405 3926 1477 3988 med
1500 3925 1700 3988 lb'rhlurunde
1732 3938 1776 3988 alt
1809 3926 1859 3990 till
1892 3916 1936 3990 Sl.
1966 3927 2055 3987 Clarae

346 4045 348 4050 v
399 4012 515 4073 kloster
535 4012 544 4070 i
566 4009 748 4070 Stockholm
770 4008 976 4070 dlverlemnas
996 4009 1016 4085 4
1037 4010 1203 4091 ‹irtuglaud
1225 4010 1292 4091 jord
1314 4008 1374 4071 och
1395 4011 1443 4072 till
1465 4010 1686 4072 Lidinwnrdfi
1716 4013 1806 4073 marl
1829 4015 2005 4096 penningar.

1719 4157 1751 4212 E.
1770 4161 1810 4229 73.
1828 4161 1869 4230 45.

400 4294 540 4378 Nobili
566 4297 668 4390 viro,
697 4294 824 4372 amico
853 4320 927 4372 sno
955 4291 1115 4388 dilectu,
1146 4294 1321 4373 Domino
1336 4293 1641 4392 Lithinwardo,
1669 4293 2054 4382 PatansPlebanns,

176 4506 178 4512 s
265 4408 452 4489 Ecclesiae
481 4409 587 4487 beati
617 4404 772 4484 Nicolai
800 4403 1011 4512 Nycopiac,
1040 4404 1209 4490 salutem
1239 4421 1279 4482 et
1307 4405 1358 4484 ad
1388 4408 1540 4512 quaevis
1583 4406 1836 4514 beneplacita
1881 4404 2055 4487 volunta.-

262 4537 355 4599 tem.
412 4518 625 4596 Honestati
653 4533 793 4595 vestrae
822 4511 921 4594 duxi
952 4518 1216 4624 praesentibus
1247 4532 1385 4594 notum
1414 4543 1510 4612 esse,
1538 4515 1651 4628 qnod
1727 4535 1875 4598 natuor
1916 4509 2054 4596 solido·

262 4629 353 4710 rum
382 4645 529 4709 terram
558 4643 649 4706 cnm
683 4624 861 4721 dimidio,
888 4654 963 4734 pro
992 4655 1072 4738 qna
1101 4652 1258 4705 sorores
1274 4625 1432 4707 Sanctae
1452 4627 1579 4708 Clarae
1608 4547 1842 4709 Stoelholm
1872 4624 2053 4734 inpetitis,

261 4739 423 4821 dimitto
451 4741 506 4818 eis
536 4738 664 4819 libero
690 4738 780 4846 jure
809 4753 1008 4846 perpetuo
1049 4735 1350 4842 possidendam,
1394 4753 1434 4817 et
1476 4745 1659 4850 quinque
1705 4741 1887 4820 marchas
1928 4735 2052 4815 denar.

170 4917 174 4936 .
260 4850 472 4948 usualium,
502 4839 601 4958 quas
632 4850 726 4929 mihi
756 4877 832 4957 pro
861 4848 999 4929 eadem
1028 4847 1183 4929 solvere
1226 4847 1523 4957 spopondistis,
1567 4851 1683 4932 vobis
1727 4853 1911 4947 remitto,
1940 4838 2052 4925 nichil
2104 4908 2107 4914 ,

262 4963 427 5068 avobis
457 4960 520 5044 vel
551 4961 694 5043 vestris
719 4960 946 5065 haeredibus
975 4986 1052 5068 pro
1080 4951 1219 5039 eadem
1247 4961 1290 5039 in
1320 4978 1561 5069 perpetuum
1598 4962 1811 5070 petiturus.
1869 4962 1914 5040 ln
1945 4951 2052 5061 cuju
