4317 5975
969 446 1037 477 -.
1137 427 1217 487 210
1273 425 1280 437 “
1329 444 1383 476 «-

144 714 150 741 ¹
277 630 386 712 nuru
413 640 655 737 potestatum
684 621 877 719 obrisum,
919 623 1150 707 nullatcnus
1191 622 1270 705 sub
1296 618 1620 705 dissimulacioue
1648 620 1838 714 transire,
1882 649 1959 703 uon
1987 627 2051 708 ob·

277 739 479 823 utentibus
520 736 844 849 quibuscumque
885 735 1128 846 priuilegia,
1169 734 1249 817 sub
1288 732 1613 843 quibuscumque
1644 730 1873 828 tenoribus,
1914 734 2090 834 formis*

276 848 345 933 sen
384 849 513 930 modis
552 862 625 927 sut
668 848 886 930 verborum
929 846 1222 955 conceptione,
1264 844 1463 927 concessis
1504 840 1815 953 imperatoribus
1839 844 1996 953 regibus
2007 868 2053 931 «et

278 962 366 1045 eliis
394 954 657 1067 supradictis,
685 988 772 1069 que.
792 974 935 1042 contre
965 959 1155 1069 premissa
1185 956 1229 1045 in
1257 955 1374 1038 nullo
1401 955 1591 1040 uolumus
1623 952 1745 1037 alicui
1774 954 1838 1041 uel
1866 957 2055 1067 aliquibus

143 1142 147 1151 ,
186 1120 196 1131 -
278 1070 514 1178 suffragari,
551 1068 661 1153 nulli.
680 1094 780 1180 ergo
807 1072 974 1151 omnino
1003 1068 1212 1151 hominum
1242 1064 1363 1150 liceat
1404 1066 1509 1150 hanc
1537 1066 1724 1175 paginam
1753 1080 1891 1147 nostre
1919 1071 2055 1152 consti·

277 1183 452 1265 tuciouis
482 1176 794 1289 prohibicionis,
836 1208 907 1265 seu
936 1179 1117 1289 precepti
1154 1178 1395 1285 infringere,
1442 1177 1504 1257 vel
1532 1177 1571 1257 ei
1603 1204 1704 1259 ausu
1733 1179 1945 1259 temerario
1970 1202 2057 1257 con·

277 1294 420 1389 trsire,
463 1290 598 1400 Siquis
638 1310 770 1373 sutem
803 1292 880 1373 hoc
914 1306 1155 1399 attemptare
1184 1290 1489 1397 presumpserit,
1529 1287 1853 1399 indignacionem
1887 1290 2057 1395 omnipo·

277 1406 401 1487 tentis
429 1401 503 1509 dcj.
525 1417 568 1481 et
596 1400 808 1489 beatorum
837 1403 942 1511 petri
972 1417 1013 1481 et
1043 1399 1154 1510 puuli
1182 1400 1481 1510 apostolorum,
1515 1402 1601 1481 eius
1629 1429 1672 1481 se
1700 1400 1862 1481 nouerit
1890 1398 2057 1479 incursu·

277 1544 383 1597 rum¹
397 1516 686 1705 Dsutumdqome
709 1514 819 1623 apud
834 1528 1016 1595 sanctum
1047 1527 1206 1619 petrum
1236 1512 1293 1592 VI
1322 1509 1479 1597 kalend.
1507 1510 1647 1595 Marcii
1670 1511 1930 1623 pontificatus
1943 1512 2058 1591 nostri

278 1654 386 1708 auno
443 1648 546 1707 ecun
604 1682 613 1701 .
2082 1666 2086 1671 ι

289 2006 458 2123 ime
918 2010 1442 2159 rmddqfflm

360 2236 431 2297 Das
452 2234 591 2296 losuoss
611 2230 899 2319 ffirpsntningsbrel'
915 2232 955 2317 pt
976 2254 1013 2294 en
1036 2232 1134 2314 dttlng
1156 2232 1167 2292 i
1188 2232 1355 2297 Liokslb‘sn
1378 2234 1425 2295 till
1447 2230 1636 2317 Linla'lpings
1647 2230 1830 2316 Domlyrbn
1854 2234 1903 2296 llis
1922 2252 1963 2296 sc
1983 2234 2057 2297 nai-l

288 2338 292 2347 Ι
409 2320 591 2403 'mm'
1700 2374 1872 2473 '13³qu

413 2533 616 2616 Omnibus
646 2547 854 2642 presentes
882 2531 1033 2614 litteras
1048 2532 1291 2643 inspecturis
1319 2530 1414 2613 Das
1441 2550 1614 2613 rosssou
1641 2532 1812 2617 sulutem
1842 2534 2062 2617 indumine

281 2648 441 2729 Tenere
469 2646 718 2754 presentium
754 2660 942 2727 constare
971 2642 1157 2728 volumus
1183 2642 1395 2725 euidenter
1432 2670 1508 2724 nos
1534 2670 1671 2725 vnum-
1685 2660 1900 2754 aucupum
1928 2648 1969 2754 jn
1996 2645 2061 2725 lin·

278 2759 412 2851 euldso
440 2756 606 2837 ecclesie
633 2754 854 2862 lincopensi
885 2782 960 2863 pro
987 2754 1110 2835 XXtti
1139 2756 1312 2836 merobis
1340 2754 1486 2835 usualis
1507 2771 1666 2835 nonme
1692 2753 1746 2837 ad
1772 2754 1920 2837 festum
1946 2757 2059 2839 sandi

279 2868 463 2951 iohannis
491 2866 667 2976 baptiste
696 2866 772 2944 ism
803 2868 1352 2976 proximum'impignorassc
1378 2866 1464 2969 Qui
1494 2866 1570 2945 nisi
1598 2882 1697 2951 tunc
1711 2867 1917 2951 molstus
1938 2867 2059 2952 feerit

181 3043 185 3050 .
277 2984 439 3062 Extunc
469 2975 522 3058 ad
548 3006 641 3058 rsus
669 2980 710 3056 u
738 2974 958 3060 dominium
988 2978 1105 3060 cedat
1133 2977 1299 3060 ecclesie
1327 2974 1561 3085 supradicte
1581 2997 1781 3090 perpetuo
1810 2976 2061 3090 possidendus

170 3097 175 3114 ’
277 3095 425 3174 Datum
450 3091 630 3196 ,lincopie
679 3092 799 3166 Auno
835 3086 988 3170 domiui
1035 3089 1144 3170 MCC
1187 3090 1448 3197 nonagesimo
1474 3108 1588 3171 sexto
1637 3091 1735 3172 ferie
1778 3093 1952 3176 secunde
1981 3105 2062 3198 pout

279 3203 520 3285 dominicam
551 3200 675 3280 letare
704 3197 926 3282 ierusalem.

288 3557 457 3710 ss6s.
921 3593 1068 3738 1296
1115 3589 1242 3703 dJ6
1289 3591 1450 3742 Apml

287 3777 294 3790 Ι
359 3813 443 3877 Cass
465 3811 705 3876 morannum
726 3811 895 3902 glivobres
911 3813 950 3900 pd
972 3834 1009 3874 en
1032 3811 1081 3875 del
1105 3812 1141 3876 el'
1157 3815 1293 3898 Frdsryd
1317 3813 1363 3875 till
1385 3813 1507 3898 Nydslc
1530 3811 1653 3877 kloster.

1756 3899 1879 3952 AM

292 4113 294 4122 ,
409 4029 611 4112 Omnibus
641 4055 803 4138 presens
830 4029 1025 4140 scriptum
1055 4033 1332 4129 cernentibus,
1362 4035 1559 4114 Kanouus
1586 4033 1832 4116 Rascrnms
1871 4029 1975 4112 filius
2001 4027 2063 4106 sa-

263 4141 402 4238 lutem
431 4143 472 4220 in
502 4139 679 4222 omniurn
708 4137 930 4238 saluatum,
974 4139 1175 4246 Quoniam
1218 4145 1397 4224 incertus
1425 4164 1485 4226 est
1513 4161 1639 4226 status
1667 4142 1849 4224 humane·
1871 4139 2063 4223 condicio·

276 4253 355 4347 uis,
392 4278 469 4360 ego
501 4251 644 4330 uiuens
672 4255 713 4332 8t
743 4250 880 4353 ualens
909 4270 987 4333 tam
1018 4271 1152 4336 mente
1180 4281 1299 4364 quem
1330 4283 1502 4364 corpore
1531 4255 1696 4338 consero
1725 4255 1928 4336 monachis
1956 4251 2061 4330 Noue

274 4364 389 4454 vallis
416 4367 456 4443 bc
487 4361 650 4442 ecclesie
679 4361 857 4470 ipsorum
885 4379 1041 4471 partem
1071 4382 1179 4446 terre
1210 4391 1295 4444 mee
1324 4366 1366 4472 in
1397 4367 1491 4446 uilla
1521 4396 1601 4480 que
1630 4365 1989 4475 dieitursrosrytlr,
2015 4355 2061 4436 sd

175 4549 181 4560 ,
260 4473 506 4581 plenum&
535 4471 706 4556 liberum
736 4501 935 4584 accessum
964 4473 1196 4558 habendum
1226 4473 1405 4566 indicta
1435 4479 1527 4559 villa
1558 4476 1775 4558 secundum
1794 4475 1901 4585 leges
1932 4471 2086 4583 patric,'

272 4600 353 4676 tam
370 4585 412 4663 iu
426 4581 539 4664 siluis
566 4612 688 4694 quam
718 4585 759 4664 in
797 4583 883 4666 aliis
914 4587 1173 4696 pertinenciis
1188 4587 1313 4696 ipsius
1342 4585 1491 4700 quibus
1520 4587 1699 4698 indigent
1713 4597 1916 4704 perpetuo
1947 4579 2062 4693 possi·

259 4693 450 4794 ,deudum
464 4694 522 4777 obl
537 4692 755 4776 remedium
772 4700 901 4777 anime
921 4724 1006 4778 mee
1028 4701 1068 4776 St
1084 4697 1225 4778 uxoris
1251 4727 1348 4786 mec.
1379 4699 1456 4782 hoc
1484 4699 1622 4783 addito
1650 4699 1764 4810 quod
1787 4697 2007 4812 quemlibet
2021 4690 2062 4768 li·

269 4807 461 4898 berorum
474 4830 655 4909 meorum
666 4835 753 4888 cum
770 4803 963 4890 decedere
972 4810 1186 4918 contigerit
1202 4837 1262 4890 mc
1277 4812 1439 4898 uiuente
1455 4809 1727 4920 sepeliendum
1744 4813 1967 4923 suscipiant
1980 4814 2066 4911 cum·

270 4919 401 5002 tribus
432 4917 600 5000 marchis
626 4917 718 5000 den.
751 4919 828 5000 sibi
857 4921 899 4998 in
926 4918 1182 5002 elemosinam
1213 4923 1289 5002 iam
1307 4910 1524 5032 promissis,'
1551 4923 1612 5006 Ne
1634 4924 1758 5031 igitur
1774 4921 1825 5004 de
1853 4921 1964 5003 dono
1980 4941 2062 5026 pre·
2090 4954 2092 4957 ·
