4317 5975
903 249 1037 377 ’κ’-
1148 311 1228 420 698
1339 315 1402 378 -'

286 540 521 649 deputauitt
539 555 715 648 qu'orum
731 533 937 644 potuimus
951 533 1100 615 habere
1146 525 1590 628 resenciam,vidclice't
1604 530 1706 632 dicti
1719 519 1853 614 fratris
1867 540 1974 619 nostri
1986 540 2038 624 do·
2107 599 2108 614 .

287 651 385 732 mini
401 649 545 732 karuli.
561 645 764 758 sigmundi
786 646 1035 742 heldorsson,
1049 662 1090 726 et
1106 563 1258 726 dbmlni
1273 644 1392 726 Olaui
1407 641 1457 725 de
1472 642 1718 753 hildishagh.
1734 645 1830 728 dicti
1845 647 2039 755 Rangwaldi

286 779 503 845 extremam
520 762 766 841 voluntatem
785 758 977 866 prosequi
993 758 1173 838 volentes
1198 758 1237 836 in
1262 756 1338 836 bac
1355 775 1479 866 parte.
1506 756 1740 863 diligentem
1763 757 2041 866 inquisicionem,

287 891 327 954 et
343 873 686 980 conscripcionem
700 871 785 950 fieri
801 869 966 949 fecimus
982 869 1182 951 bonorum
1199 867 1406 949 mobilium
1421 884 1462 947 et
1476 866 1742 948 immobilium
1755 869 1876 975 ipsius
1889 867 2043 954 defuncti.

289 988 341 1066 Et
371 1003 414 1066 vt
441 982 854 1064 fideli-insinuacione
881 983 1108 1061 intimatum
1137 996 1197 1062 est
1226 979 1360 1090 nobis,
1399 982 1483 1088 ipse
1512 977 1731 1061 defunctus
1769 981 2044 1082 Quatuordecin

288 1095 470 1178 Marchas
498 1110 606 1175 terre
636 1122 725 1174 cum
755 1091 933 1174 dimidia.
964 1109 1101 1200 preter
1136 1111 1263 1174 terras
1305 1091 1582 1200 inpignoratas
1625 1110 1807 1200 tempore
1847 1092 1967 1172 obitus
2002 1100 2047 1178 sui

289 1203 488 1316 possedit,
517 1224 558 1286 et
586 1206 693 1286 bona
722 1230 793 1284 sua
828 1204 991 1284 mobilia
1027 1205 1207 1285 estimata
1245 1220 1340 1282 sunt
1369 1231 1444 1310 pro
1473 1203 1701 1282 Trescentis
1736 1201 1877 1281 LXXu
1902 1205 2046 1314 quinque

239 1313 246 1320 ⁴
289 1317 462 1398 Marchis
490 1312 626 1396 denar.
655 1317 715 1395 De
744 1317 944 1422 premissis
973 1330 1105 1394 autem
1137 1311 1457 1417 Quatuordecirn
1488 1313 1658 1393 marchis
1696 1332 1801 1395 terre
1838 1343 1923 1393 cunr
1960 1315 2047 1396 dini·

290 1430 388 1525 dia,
419 1427 541 1506 eciam
571 1427 658 1506 sine
686 1453 885 1505 consensu
914 1425 1106 1504 heredum
1137 1427 1262 1505 libere
1290 1425 1432 1533 'potuit
1470 1423 1691 1532 disponere
1724 1441 1763 1505 et
1801 1425 1927 1532 legare
1963 1424 2048 1506 derc-

289 1539 408 1634 dens,
437 1535 635 1617 vndecim.
665 1561 756 1616 oras
785 1552 891 1614 terre
919 1552 960 1614 et
988 1533 1090 1616 duos
1119 1534 1269 1616 solidos
1297 1553 1424 1629 terre,
1449 1561 1529 1614 vno
1553 1535 1720 1615 denario
1744 1536 1882 1618 minus.
1909 1539 1997 1618 ltem
2014 1537 2049 1619 dc

291 1650 417 1731 .CCC.
446 1649 593 1728 Lxxr·
620 1649 803 1758 quinque
840 1646 1011 1726 marchis
1040 1645 1177 1728 denar.
1215 1645 1309 1726 dare
1340 1650 1474 1754 potuit
1503 1645 1687 1752 Triginta
1717 1663 1866 1754 septem
1910 1647 2069 1728 marchas

290 1790 383 1842 cum
413 1759 590 1841 dimidia.
628 1759 783 1838 Deinde
812 1759 1095 1866 inquisiuimus
1123 1786 1203 1868 que
1236 1775 1340 1837 terre
1372 1759 1524 1838 minute
1567 1756 1670 1838 dicte
1707 1757 1911 1864 wlgariter
1939 1761 2051 1838 rmior·

229 1890 233 1899 '
291 1871 405 1968 dhir,
450 1871 559 1950 salua
605 1871 776 1948 vtilitate
821 1867 1013 1948 heredum
1055 1871 1354 1977 competencius
1402 1883 1566 1976 possent
1607 1869 1791 1976 obligari.
1837 1896 1910 1976 pro
1947 1867 2051 1948 Testa·

293 1997 430 2060 mento
459 1981 524 2060 uel
553 1981 676 2060 eciam
707 1976 876 2060 distrahi
914 1981 947 2058 si
986 2006 1143 2064 necesse
1188 1997 1310 2074 esset,
1357 1996 1398 2058 et
1440 1981 1643 2058 nominate
1686 1996 1780 2059 sunt
1825 1979 1938 2058 nobis
1974 1998 2051 2058 terre

291 2119 361 2175 seu
406 2089 544 2200 predia
594 2089 647 2170 ab
689 2090 786 2198 ipsis
836 2081 908 2198 qui
958 2104 1155 2170 terrarum
1206 2089 1425 2172 earundem
1470 2091 1657 2170 noticiam
1711 2089 1958 2184 habuerunt,
1997 2118 2053 2197 que

292 2201 457 2283 inferius
496 2217 586 2310 post
630 2201 760 2308 legata
802 2201 1126 2282 subscribuntur.
1198 2200 1455 2282 Postmodum
1499 2229 1632 2281 rerum
1676 2229 1838 2282 suarum
1882 2218 1920 2280 et
1959 2201 2053 2280 bono

292 2341 381 2393 rum
432 2311 732 2402 ordinacionem
778 2340 851 2421 per
900 2339 1063 2419 presens
1103 2313 1425 2422 nuncupatiuum
1477 2327 1756 2393 testamentum
1799 2331 1984 2422 quantum
2014 2339 2053 2392 se

293 2419 471 2504 cundum
516 2423 623 2530 leges
665 2425 795 2532 patrie
839 2423 935 2503 dare
964 2439 1004 2502 et
1034 2423 1168 2531 legare
1204 2425 1281 2504 sihi
1319 2425 1434 2504 licuit
1471 2423 1638 2504 facimus
1677 2426 1721 2503 in
1763 2427 1874 2506 hunc
1914 2421 2052 2502 modun.

293 2538 343 2616 ln
375 2535 513 2641 primis
542 2534 793 2642 disponimus
822 2551 862 2614 et
898 2533 1150 2647 ordinamus,
1193 2554 1236 2616 vt
1279 2537 1412 2615 omnia
1451 2537 1502 2616 ab
1544 2537 1632 2642 ipso
1676 2555 1841 2644 accepta
1878 2553 1918 2614 et
1951 2535 2053 2614 hahita

293 2672 367 2756 per
395 2669 678 2755 quemcunque
707 2645 870 2726 modum
900 2643 1084 2726 illicitum
1128 2649 1284 2728 restitui
1323 2664 1375 2728 et‘
1405 2646 1508 2728 solui
1551 2645 1724 2728 debeant
1761 2649 1812 2728 de
1858 2643 1969 2728 bonis
1998 2647 2066 2725 suis'

293 2783 420 2865 vsque
449 2753 502 2836 ad
531 2758 729 2862 integram
765 2755 1085 2838 satisfaccionem
1129 2757 1259 2839 illisa
1290 2757 1438 2870 quibus
1478 2757 1608 2866 ipsum
1653 2787 1698 2839 ea
1742 2761 1971 2866 apparuerit
2006 2757 2053 2835 ha·

134 2909 142 2917 ,
229 2943 236 2948 ,
292 2865 439 2948 buissc.
495 2869 576 2948 Pro
604 2865 681 2947 hiis
709 2866 912 2949 soluendis
940 2885 982 2949 et
1011 2870 1267 2952 restituendis
1296 2873 1428 2950 omnia
1457 2871 1563 2951 bona
1594 2871 1718 2977 ipsius
1748 2870 1924 2948 obnoxia
1951 2866 2056 2948 etob-

292 2977 416 3087 ligata
445 3004 529 3058 esse
558 2978 751 3061 volentes.
811 2982 915 3060 item
947 3011 1022 3090 pro
1050 2979 1269 3064 deferendo
1300 2982 1438 3062 sunere
1468 2979 1619 3062 domini
1647 2981 1810 3090 jngonis
1830 2981 1949 3091 patris
1965 2979 2057 3087 ipsius

294 3088 537 3197 Rangwaldi
566 3087 617 3170 de
646 3092 885 3203 Norwegia,
916 3110 958 3172 et
986 3093 1238 3173 funeralibus
1275 3095 1315 3172 in
1353 3122 1423 3173 sua
1459 3092 1666 3201 sepultura
1699 3092 1983 3185 ministrandis,
2017 3116 2057 3171 se

293 3199 423 3283 decim
461 3201 643 3281 marchas
686 3202 823 3288 denar.
865 3203 1056 3285 fratribus
1100 3207 1266 3287 sictonie
1307 3203 1564 3313 deputamus,
1608 3206 1688 3285 Pro
1732 3204 1885 3315 quibus
1924 3200 2057 3284 sedecim

292 3311 476 3392 Marchis.
506 3328 547 3391 et
575 3313 843 3421 Quatragiuta
874 3316 1047 3397 Marehis
1076 3314 1211 3397 denar.
1251 3315 1397 3396 eisdem
1435 3316 1604 3423 abipso
1646 3313 1905 3423 Rangwaldo
1934 3313 2055 3422 legatis,

295 3422 522 3529 obligamus
558 3423 659 3503 Tres
700 3452 791 3505 oras
831 3444 937 3506 terre
978 3426 1022 3534 jn
1065 3427 1161 3507 villa
1203 3429 1486 3531 Quernestum.
1527 3426 1716 3534 parochia
1760 3424 1997 3533 hildishdgh.
2031 3436 2057 3501 ct
2113 3448 2114 3455 ¹

293 3535 476 3644 quinque
504 3532 654 3613 solidos
684 3552 790 3615 terre
819 3538 859 3615 in
897 3536 990 3616 villa
1026 3535 1187 3645 skdgby
1223 3538 1411 3648 parochia
1452 3534 1534 3617 ska.
1604 3540 1705 3617 ltem
1748 3537 1916 3617 ecclesie
1954 3530 2057 3613 hildis·
2113 3574 2114 3601 2

293 3643 404 3751 holgh
434 3670 553 3724 vnam
585 3672 696 3725 oram
726 3663 833 3727 terre
862 3648 901 3727 in
933 3666 1190 3759 quernestum
1222 3648 1412 3757 parochia
1435 3647 1595 3728 ibidem.
1618 3650 1867 3757 assignamus
1897 3662 2058 3757 perpetuo

293 3750 603 3861 possidendam..
646 3760 748 3838 ltem
779 3760 943 3839 ecclesie
986 3760 1187 3867 vpsalensi
1224 3758 1326 3841 duos
1363 3758 1513 3839 solidos
1555 3776 1663 3840 terre
1706 3788 1797 3840 cum
1846 3756 2002 3841 dimidio
2031 3756 2058 3833 in

293 3864 418 3945 alseki
454 3884 650 3977 perpetuo
679 3867 942 3975 possidendos
971 3872 1072 3949 Jtem
1104 3871 1268 3951 domino
1305 3870 1439 3951 Olauo
1478 3870 1625 3949 rectori
1660 3871 1826 3951 ecclesie
1865 3867 2058 3972 hildishagh

291 4002 361 4055 sex
391 3976 571 4057 Marchas
599 3976 735 4057 denar.
765 3982 866 4060 Jtem
897 3981 1059 4061 ecclesie
1089 3998 1128 4060 et
1159 3982 1380 4087 presbitero
1420 3982 1486 4062 vbi
1530 3980 1715 4063 dominus
1752 3983 1854 4091 jugo
1898 4004 2059 4059 nuncse·

292 4087 434 4194 pultus
463 4092 592 4167 estin
623 4092 831 4197 norwegia
861 4092 968 4172 Octo
997 4092 1179 4172 marchas
1209 4092 1358 4189 denar,
1388 4122 1478 4173 oum
1517 4092 1692 4173 dimidia.
1746 4084 1860 4175 'item
1901 4088 2059 4171 fratribus

290 4198 515 4278 Minoribus
543 4198 696 4306 upsalia
712 4197 812 4279 duas
835 4200 1015 4281 marchas
1029 4200 1166 4283 denar.
1197 4204 1343 4284 Donrui
1374 4200 1438 4283 dei
1461 4202 1627 4299 ibidem,
1643 4202 1742 4285 duas
1756 4204 1939 4285 marchas
1954 4202 2059 4283 denar.

290 4308 533 4389 Monasterio
563 4313 603 4389 in
634 4307 707 4389 sko
736 4307 835 4391 duas
864 4312 1045 4392 marchas
1072 4312 1208 4396 denar.
1237 4310 1446 4396 Fratribus
1474 4314 1699 4395 Minoribus
1728 4316 1959 4397 stecholmis
1986 4310 2060 4391 duas

254 4438 262 4444 “
290 4421 472 4500 marchas
500 4419 635 4500 denar.
665 4422 909 4503 Monasterio
936 4443 1071 4504 sancte
1101 4426 1216 4506 Clare
1247 4426 1413 4523 ibidem,
1449 4425 1550 4509 duas
1584 4426 1763 4507 marchas
1807 4428 1945 4507 denar.
1981 4426 2058 4505 lten

287 4527 498 4611 'domicella
528 4530 669 4612 helene
697 4536 826 4613 sorori
856 4534 981 4642 ipsius
1009 4528 1249 4645 Rangwaldi
1280 4539 1468 4640 Quatuor
1498 4536 1679 4616 Marchas
1707 4537 1845 4621 denar.
1884 4533 2060 4617 Fratribus
2113 4546 2114 4571 i

169 4664 172 4672 ·
215 4699 221 4710 .
289 4634 515 4721 Minoribus
545 4645 747 4751 enicopie,
776 4642 876 4725 duas
907 4646 1087 4729 marchas
1117 4646 1254 4731 denar.
1284 4650 1387 4729 item
1411 4646 1597 4759 hospitali
1620 4646 1766 4729 ibidem
1791 4648 1891 4730 duas
1912 4644 2059 4727 Marchas

289 4749 426 4831 denar.
485 4754 697 4834 Fratribus
724 4754 1046 4863 predicatoribus
1073 4758 1118 4864 jn
1148 4772 1403 4855 westraaros,
1431 4758 1530 4839 duas
1562 4762 1740 4841 marchas
1768 4759 1905 4842 denar.
1937 4752 2058 4837 Fratri·

250 4880 265 4913 ³
291 4860 369 4943 bus
399 4862 623 4946 Minoribus
652 4868 691 4947 iu
726 4866 908 4975 arbugha
948 4867 1047 4949 duas
1081 4868 1265 4951 Marchas
1299 4870 1436 4953 denar.
1511 4870 1720 4953 Fratribus
1766 4864 2057 4987 predicatoribus
