4317 5975
7 2612 21 2863 l

7 2868 10 2983 Ι

799 476 870 515 ι,-
932 482 940 491 .
968 462 1011 552 ’9
1114 482 1186 511 a.

101 662 322 757 &caduca
340 666 410 751 .-Ne'
439 693 537 775 ergo
579 694 672 747 cum
700 663 896 775 tempore
918 665 1148 765 elabantur,
1182 756 1186 763 ¹
1215 694 1265 748 ue
1302 682 1480 775 aguntur
1508 670 1551 752 iu
1578 685 1789 783 tempore;
1818 704 1890 782 pa,

99 806 193 861 cesse
237 795 298 859 est
334 798 380 861 ut
414 782 614 888 scripture
656 777 872 860 aminiculo
910 777 1153 876 fulciantur,
1182 696 1274 858 llas
1312 779 1433 887 igitur
1461 781 1787 869 consideracione
1816 776 1891 871 nds
1958 811 1979 844 ··

98 888 244 973 inducti
279 890 462 971 volentes
498 892 836 1001 permutationem
879 888 1131 999 prediorum
1155 889 1350 998 regalium
1379 907 1421 971 et
1447 893 1609 975 ecclesie
1637 899 1891 1006 vppsalcnsis

96 1003 229 1084 factam
269 1031 343 1111 per¹
364 1030 446 1099 ,nos
475 1030 525 1083 ex
567 1031 646 1083 vna
690 1018 816 1112 parte.
854 1008 894 1081 8(
929 1000 1212 1085 Reuerendum
1252 1016 1409 1109 patrem
1449 1001 1656 1086 dominum
1682 1002 1892 1121 ‘Magnum

98 1112 153 1196 dei
179 1115 319 1223 gracia
336 1108 519 1196 Electum
548 1114 828 1223 vppsalensem
846 1131 1137 1196 consecratum.
1170 1142 1220 1195 ex
1248 1114 1388 1211 altera,
1416 1114 1461 1196 in
1490 1118 1680 1197 noticiam
1707 1138 1789 1202 tam
1816 1151 1902 1232 po·-
1955 1154 1958 1161 ·

96 1242 287 1305 sterorum
318 1255 439 1337 quam
467 1229 740 1335 presencium,
777 1226 986 1324 devenire,
1030 1227 1210 1335 presenti
1251 1226 1394 1336 scripti
1435 1242 1596 1324 tenore,
1621 1226 1891 1335 significamus

96 1338 307 1434 uniuersis,
345 1337 481 1440 Quod
507 1366 581 1419 nos
623 1339 763 1446 predia
793 1366 942 1419 corone
979 1339 1125 1448 regalis
1162 1342 1238 1420 sita
1267 1342 1311 1418 in
1338 1339 1500 1449 wingru
1529 1340 1572 1424 in
1600 1338 1704 1419 villa·
1724 1335 1891 1454 Norby,

95 1451 226 1559 viginti
257 1446 359 1529 duas
386 1478 478 1531 oras
506 1466 612 1531 terre
641 1456 680 1531 8(
708 1448 915 1555 dimidiam
930 1452 1142 1532 *marcham
1172 1452 1213 1530 in
1242 1450 1419 1557 Hosaeby
1456 1452 1500 1530 in
1525 1448 1622 1549 bro,
1651 1446 1742 1533 cum
1770 1458 1889 1543 aruis.

95 1560 222 1669 pratis.
252 1562 374 1669 agris,
404 1560 711 1669 piscacionibus.
726 1563 848 1643 siluis.
882 1564 1245 1657 venacionibus,ac
1261 1561 1449 1646 omnibus
1476 1568 1517 1641 8(
1543 1562 1718 1671 singulis
1737 1564 1889 1661 ,eisdem

96 1669 234 1782 prediis
264 1664 551 1773 attinentibus,
594 1676 696 1754 Jtem
741 1677 995 1785 piscaturam⁴
1013 1675 1090 1755 sub
1120 1692 1256 1785 ponte.
1287 1676 1431 1756 Arusie
1460 1702 1541 1785 que
1561 1677 1891 1784 nunc-rppsalia

96 1784 254 1878 dicitur,
285 1790 325 1865 8(
354 1783 607 1867 medietatem
637 1787 793 1893 ampnis
822 1814 846 1866 a
877 1790 1076 1896 piscatura
1120 1786 1303 1896 predicta
1339 1812 1465 1898 vsque
1494 1786 1546 1867 ad
1576 1787 1698 1869 finem
1732 1787 1890 1871 brachii

96 1884 393 1993 molendinaris,
422 1926 503 2008 que
533 1896 663 1978 tribus
691 1896 841 1979 ibidem
869 1898 1066 2007 ljmitibus
1103 1897 1357 2007 designatur,
1394 1904 1432 1977 &
1461 1898 1642 1979 continet
1685 1900 1735 1993 ins
1757 1899 1890 2011 longi,-

95 2006 224 2087 tudine
254 2017 529 2091 sexcentos&
559 2010 1024 2119 quinquagintapedes,
1063 2039 1139 2121 pro
1169 2010 1320 2119 prediis
1363 2007 1462 2090 dicti
1489 2008 1644 2090 domini
1672 2012 1820 2107 Electi,
1850 2017 1891 2093 8(

97 2118 249 2200 ecclesie
278 2148 349 2200 sue
378 2119 582 2202 widelicet
612 2123 654 2201 iu
684 2121 941 2221 walmunza,
971 2121 1164 2204 tredecim
1178 2123 1260 2203 oris
1274 2137 1400 2220 terre,
1429 2151 1521 2203 cum
1548 2120 1715 2222 dimidia
1732 2122 1888 2204 &duo-

95 2229 160 2312 bus
186 2229 363 2337 denariis
392 2248 499 2313 terre
527 2249 568 2313 et
597 2231 778 2331 dimidio,
796 2236 915 2323 ‚Jtem
945 2262 1023 2344 pro
1051 2232 1265 2323 duodecim
1281 2236 1362 2315 oris
1383 2252 1489 2319 terre
1518 2234 1562 2313 in
1590 2234 1765 2335 ochibi.
1794 2261 1889 2317 cum

94 2342 199 2453 agris.
230 2346 370 2452 pratis.
400 2340 877 2453 piscacionibus„siluiS,
915 2372 963 2435 ac
991 2347 1161 2453 singulis
1205 2347 1293 2440 aliis
1321 2344 1469 2428 eisdem
1499 2343 1649 2454 prediis
1677 2346 1886 2438 attinenti·

94 2452 169 2534 bus.
197 2458 301 2535 Jtem
332 2483 409 2563 pro
444 2484 539 2536 area
576 2472 662 2535 tota
691 2457 903 2556 cimiterio
932 2456 1142 2567 dumtaxat
1170 2475 1341 2568 excepto
1369 2460 1411 2538 in
1439 2485 1521 2568 qua
1550 2460 1669 2552 situm
1728 2456 1885 2539 nando·

92 2590 162 2673 que
202 2563 339 2646 fuerat
389 2565 702 2649 seenodochium
740 2570 1013 2677 Leprosorum
1056 2570 1293 2653 stokholmr'r
1309 2577 1425 2651 *cum
1471 2568 1656 2678 predicto
1698 2486 1884 2666 domino,

89 2674 145 2773 M,
172 2680 212 2755 8(
233 2677 398 2759 ecclesia
429 2677 686 2788 wpsalensis,
730 2697 1003 2787 permutamus
1034 2682 1077 2789 ju
1108 2684 1307 2789 ipsum&
1335 2681 1543 2764 ecclesiam
1566 2678 1792 2790 predictam
1819 2678 1885 2788 jus

88 2790 343 2896 proprietatis
368 2794 409 2870 8(
436 2792 697 2898 possessionis
726 2790 925 2873 dictarum
954 2795 1263 2900 possessionum.
1294 2795 1416 2904 pleno
1443 2793 1544 2900 jure.
1574 2791 1914 2888 transferentes,

87 2896 190 2979 Huic
217 2915 347 2981 autem
376 2899 606 3009 contractuj
640 2917 780 2983 nostro
808 2902 1101 3001 iuterfuerunt,
1126 2904 1356 3013 Reuereudj
1372 2919 1528 3012 patres,
1558 2901 1712 2988 domini
1740 2907 1884 2984 Auun-

7 3019 9 3114 ,
90 3008 157 3092 dus
183 3013 498 3120 strengenensis,
527 3031 666 3121 petrus
695 3013 908 3094 arusiensis
929 3009 1002 3122 dei
1030 3015 1164 3121 gracia
1194 3015 1385 3122 episcopi.
1421 3012 1524 3092 Jtem
1550 3012 1703 3093 domini
1732 3012 1883 3093 Johan·

89 3148 151 3202 ues
177 3121 527 3230 archydyaconus,
555 3123 726 3206 andreas
755 3126 1005 3234 prepositus,
1035 3123 1246 3207 nicholaus
1276 3122 1468 3218 decarms,
1499 3122 1653 3206 Olauus
1681 3127 1722 3202 &
1749 3123 1885 3209 Karo-

89 3231 142 3314 lus
180 3235 369 3316 canonici
411 3237 660 3346 upsalenses,
703 3240 808 3318 Jtem
846 3234 1034 3318 dominus
1063 3237 1266 3317 lohannes
1295 3236 1525 3344 prepositus
1567 3238 1885 3342 strengenensis,

33 3374 36 3382 ·
91 3345 182 3425 Jtem
209 3344 368 3428 domini
395 3376 564 3457 magnus
593 3351 670 3429 Jon
699 3375 783 3428 son.
814 3347 918 3428 knut
932 3346 1103 3428 mathics
1128 3377 1216 3444 son,
1244 3347 1445 3428 Anundus
1474 3345 1627 3426 Harald
1651 3374 1738 3442 son,
1767 3346 1885 3458 wlpb

89 3456 291 3567 Hulmgers
320 3487 416 3556 son,
443 3459 666 3542 wernerus
684 3457 919 3569 brunkogh,
957 3459 1070 3540 thuri
1098 3457 1236 3568 kyaetil
1265 3487 1359 3555 son,
1401 3455 1637 3541 hulmuidus
1658 3456 1882 3561 ,arbiornar

87 3593 147 3650 son
162 3569 255 3662 Rcd
271 3569 555 3680 kyaeldorson,
585 3569 793 3684 philippus
814 3569 1004 3654 finwidar
1019 3599 1107 3668 son,
1121 3571 1274 3654 Israhel
1302 3568 1441 3677 legifer
1461 3568 1629 3666 tiundie,
1659 3565 1882 3650 Nicbolaus

87 3679 335 3790 ingimundar
355 3711 448 3780 son,
478 3683 719 3765 Benedictus
742 3683 797 3766 bo
827 3709 912 3780 son,
941 3683 1183 3764 Benedictus
1212 3686 1431 3777 Peterson,
1459 3681 1558 3789 jtem
1584 3679 1790 3792 haquinus
1819 3697 1881 3762 at·

7 3865 9 3904 ‚
88 3791 212 3873 tundie
256 3800 296 3876 8(
324 3792 426 3875 bero
460 3793 753 3878 Sudermannie
787 3793 962 3904 legiferi,
992 3799 1032 3876 8(
1061 3795 1205 3875 Ericus
1234 3787 1368 3888 ostens
1396 3820 1489 3891 son,
1531 3793 1637 3896 Quia
1667 3819 1765 3873 vero
1795 3821 1881 3874 non

83 3903 199 3984 solum
228 3903 343 3986 dicta
371 3904 442 3987 sed
472 3907 593 3987 etiarn
621 3905 727 3988 faeta
756 3906 1003 4005 mortalium,
1041 3904 1259 3988 obliuionis
1295 3909 1478 3987 sanciunt
1507 3901 1783 4012 dispendium,
1829 3933 1881 3984 ne
1974 4009 1982 4017 ἢ

85 4031 207 4098 nostre
238 4019 573 4098 commutacionis
601 4031 683 4098 tam
707 4019 970 4128 solempniter
994 4017 1209 4114 celebrate,
1237 4035 1319 4097 tam
1341 4014 1648 4098 racionabiliter
1672 4031 1879 4097 contracte

82 4129 208 4210 &tam
241 4130 407 4239 utrique
436 4131 546 4240 parti
586 4131 806 4212 necessarie
836 4145 975 4239 pereat
1003 4130 1277 4210 testimonium
1307 4157 1381 4210 nos
1411 4143 1637 4237 presentem
1680 4129 1878 4209 Litteram
1988 4201 1993 4206 .

79 4239 197 4348 sigillo
226 4256 376 4322 nostro
403 4269 485 4322 vna
514 4269 605 4322 cum
633 4239 773 4351 sigillis
817 4239 1075 4328 dominorum
1112 4242 1396 4351 episcoporum
1423 4240 1608 4349 superius
1637 4243 1878 4330 memorato·

78 4377 172 4450 rum,
201 4353 376 4435 fecimus
405 4354 667 4450 communiri,
704 4383 776 4464 per
804 4354 942 4464 ipsam.
974 4353 1154 4434 omnium
1199 4353 1423 4463 predictam
1465 4367 1645 4431 nostram
1673 4368 1877 4460 permuta·

78 4463 219 4546 cionem
257 4463 523 4574 calumpniari
550 4465 773 4547 volentium
802 4465 1069 4572 calumpniam
1101 4467 1308 4574 perpetuis
1329 4462 1581 4574 temporibus
1596 4460 1876 4560 excludentes,

75 4579 209 4658 Actum
239 4579 466 4662 &Datum
494 4575 730 4659 stokholmir
758 4604 866 4656 anno
895 4576 1047 4657 domini
1076 4566 1538 4674 M⁰‚CC.Lxxx‘sext0,
1566 4575 1780 4657 undecimo
1795 4572 1874 4655 kal.

76 4681 186 4799 junij,
217 4695 348 4780 Anno
378 4690 510 4799 Regni
528 4690 665 4770 ‘nostri
694 4687 965 4787 Duodecimo,
993 4687 1294 4790 interliniarbm
1324 4687 1609 4799 approbamus.

600 4829 743 4914 'sigilles
765 4831 784 4892 3
805 4829 959 4904 tillattal
981 4838 1035 4894 llro
1056 4830 1331 4901 mesthoutattna.
1492 4819 1495 4822 ⁴

270 4927 508 5014 interlinearem
529 4947 623 5034 syrtes
643 4948 747 5034 basaa
766 4949 916 5036 ql‘seende
931 4949 977 5037 pt
997 4949 1222 5035 iffvershisna
1243 4945 1334 5013 ordet
1355 4945 1578 5030 calumpniam.-

191 5061 245 5117 εν.
260 5061 390 5139 upon
406 5065 448 5123 rr.
738 5059 743 5067 ’
845 5075 849 5085 Δ
1228 5113 1233 5125 ,
1584 5123 1588 5130 .
1651 5049 1673 5098 ²
