4317 5975
970 434 1080 461 ...„
1139 395 1220 490 254
1309 379 1385 460 ’.-

115 690 158 739 μ
295 630 443 735 1226
912 630 1066 783 1298
1111 626 1159 730 d.
1208 629 1240 730 5
1289 569 1461 771 April·
1777 606 2062 776 Linlrtiping

362 817 516 897 Biskopen
542 814 551 873 i
574 804 754 897 Linlriiping
778 812 860 876 Lars
883 794 937 877 ttz's
960 812 1162 897 Skyddsbrel
1180 790 1230 875 so‘r
1250 812 1469 895 Cbcrgodsent
1489 811 1586 877 tboer
1607 810 1669 875 och
1692 810 1836 877 belrielse
1858 814 2076 903 lrdnBislcps·

415 895 590 981 utslryltler.
954 913 958 923 ··
1952 908 1955 914 ·

1556 976 1785 1047 buum&

242 1208 245 1219 ¹
417 1112 619 1217 Omnibus
650 1129 856 1221 presentes
886 1112 1039 1193 litteras
1068 1114 1320 1219 inspecturis,
1349 1112 1609 1194 Llunsucrus
1623 1110 1688 1193 dei
1708 1112 1842 1221 gracia
1860 1112 2074 1221 Episcopus

285 1228 525 1337 lincopensis
568 1226 734 1304 salutem
766 1224 806 1303 in
835 1224 999 1304 domino
1029 1227 1324 1332 sempiternam.
1380 1222 1539 1334 Teno're
1570 1225 1817 1332 presencium
1845 1241 1986 1303 notum
2024 1223 2074 1305 la·

283 1343 409 1422 cimus
438 1338 649 1431 uniuersis,
672 1335 795 1439 Quod
826 1336 980 1414 uillicos
1010 1338 1049 1413 ὃς
1078 1336 1244 1415 colonos
1272 1334 1490 1417 choralinm
1520 1363 1612 1415 cum
1642 1336 1760 1415 bonis
1788 1360 1929 1413 eorum
1958 1327 2075 1414 omni·

281 1452 358 1531 bus
400 1446 619 1529 mobilibus
662 1452 701 1524 8<
730 1446 1002 1526 immobilibus
1030 1446 1188 1526 familiis
1215 1474 1378 1557 quoqne
1405 1452 1446 1526 &
1487 1447 1667 1557 personis
1695 1446 1838 1525 ceteris
1868 1447 1910 1527 in
1940 1434 2075 1525 eisdem

285 1562 403 1656 bonis
452 1558 793 1639 commorantibus
835 1558 910 1637 snb
955 1576 1089 1637 nostre
1120 1559 1334 1664 recipimus
1356 1558 1625 1665 protectionis
1652 1558 1829 1664 graciam
1859 1557 2072 1665 specialem.

283 1672 463 1752 volentes
491 1666 605 1781 quod
648 1667 770 1748 villici
814 1668 986 1777 predicti
1023 1674 1061 1749 &
1091 1669 1226 1751 coloni
1256 1697 1349 1750 cum
1377 1668 1536 1748 familiis
1565 1671 1816 1778 &personis
1847 1670 2073 1762 memoratis,

283 1786 328 1863 in
357 1783 485 1863 causis
514 1782 836 1891 quibuscumque
866 1779 984 1859 nobis
1013 1780 1078 1858 ncl
1111 1796 1249 1859 nostro
1278 1781 1356 1859 iuri
1386 1778 1547 1875 debitis,
1575 1771 1626 1861 ab
1655 1780 1981 1886 impeticionedr
2001 1806 2075 1859 mo·

187 1966 190 1972 .
285 1894 501 1995 lestacione
529 1908 772 1971 'exactorum
817 1907 1048 1971 nostrornm
1092 1890 1208 1971 liberi
1238 1892 1318 1970 sint
1376 1891 1508 1970 enitus
1541 1896 1581 1969 ἃ
1617 1892 1806 1999 exempti.
1864 1892 1928 1969 lta
1957 1906 2075 1970 tamen

284 2004 397 2115 qnod
426 2002 660 2083 canonicus
701 2002 773 2110 qni
811 2002 866 2081 eis
896 2028 972 2111 pro
1002 2019 1181 2110 tempore
1210 1918 1427 2112 pronidbre
1456 2002 1666 2097 babuerit,
1708 2030 1800 2081 cum
1844 2002 2076 2109 deliquerint
2148 2089 2149 2098 ,

285 2115 349 2196 uel
380 2116 500 2199 euicti
530 2112 684 2192 suerint
711 2136 787 2221 pro
816 2116 945 2192 causis
974 2113 1022 2193 ad
1053 2133 1128 2191 nos
1160 2112 1436 2223 spectantibus
1463 2110 1649 2195 emendas
1677 2129 1820 2192 nostro
1839 2112 1996 2193 nomine
2021 2138 2075 2191 re·

286 2228 408 2335 cipiat
450 2224 503 2304 ab
537 2222 697 2303 eisdem.
737 2223 993 2333 Quicumque
1022 2224 1147 2331 igitur
1176 2226 1283 2331 ipsos
1312 2223 1586 2335 autaliquem
1616 2224 1794 2333 ipsorum
1825 2239 1969 2303 contra
1997 2250 2075 2333 pre·

285 2342 399 2436 misse
428 2353 564 2415 nostre
593 2334 780 2414 luicionis
808 2336 980 2439 graciam
1011 2334 1222 2415 molestare
1251 2337 1335 2415 siue
1365 2336 1558 2444 impetere
1588 2334 1890 2444 presumpserit,
1914 2350 2073 2415 nostram
2148 2365 2149 2434 3

286 2451 438 2557 absque
462 2444 593 2525 dubio
623 2448 772 2525 senciet
800 2445 1009 2526 ulcionem.
1068 2448 1117 2526 Jn
1148 2448 1263 2526 cuins
1292 2448 1350 2527 rei
1379 2448 1649 2527 testimonium
1686 2446 1863 2554 sigillum
1906 2463 2073 2525 nostrum
2148 2451 2149 2524 ἶ

288 2556 543 2666 presentibus
584 2574 644 2638 est
686 2582 921 2664 appensum.
993 2561 1143 2639 Datum
1172 2557 1348 2666 lincopie
1387 2561 1507 2638 Anno
1544 2558 1709 2639 domini.
1769 2558 1844 2640 Μ’.
1873 2558 1975 2637 CC’.
2002 2556 2090 2635 XC..
2148 2583 2149 2586 ’

285 2671 417 2749 vllr.
477 2670 528 2747 Jn
556 2668 691 2775 vigilia
721 2670 879 2777 pasche.
921 2664 927 2673 ’
1213 2666 1220 2673 ’

869 2813 971 2894 ngrs
993 2810 1121 2895 styclren
1144 2810 1181 2872 al
1196 2809 1311 2892 sigillet
1337 2799 1391 2874 tro
1417 2832 1506 2913 quar.

220 3271 226 3280 .
295 3107 464 3320 resp.
884 3176 1030 3322 1298
1073 3176 1122 3280 d.
1175 3176 1241 3282 16
1290 3175 1448 3324 April.
1892 3172 2071 3324 Upsala.

369 3395 623 3538 lrke-Ipslopen
647 3393 711 3458 Nils
734 3396 742 3456 i
766 3395 885 3480 Upsulu
908 3396 1094 3460 vidimntion
1116 3396 1153 3457 cf
1171 3397 1239 3459 Fru
1260 3397 1433 3478 Regnlrids
1449 3395 1594 3459 salubres
1612 3397 1654 3483 pt
1675 3395 1753 3479 god·
1773 3396 1824 3460 till
1852 3398 1970 3483 Upsuls
1988 3397 2073 3460 Don-
2147 3424 2149 3445 ι

420 3481 533 3564 Ul&
1662 3557 1890 3631 bbuhss.
2147 3625 2149 3645 ,

332 3671 355 3719 -’
421 3663 632 3742 Vniuersis
670 3686 871 3770 presentes
914 3665 1066 3745 litteras
1113 3665 1375 3771 inspecturis,
1418 3663 1625 3746 Nicotaus
1662 3665 1921 3751 miseracione
1948 3661 2069 3745 diuina
2148 3760 2149 3771 Ν

288 3774 627 3884 Archiepiscopus
663 3779 893 3882 vpsalensis,
921 3776 1089 3856 salutem
1119 3776 1159 3854 in
1191 3775 1355 3854 domino
1383 3777 1685 3883 sempiternam,
1714 3777 1922 3859 Noueritis
1943 3771 2070 3873 nosti

288 3888 392 3969 disse
421 3915 467 3966 ac
495 3882 708 3994 diligenter
737 3891 988 3998 perspexisse
1018 3887 1172 3966 litteras
1201 3886 1496 3996 infrascriptss,
1525 3915 1607 3966 non
1638 3915 1766 3984 rasas,
1796 3915 1879 3969 non
1901 3885 2069 3976 abolitas,

288 4028 361 4080 nec
391 3999 432 4077 in
462 3997 595 4106 aliqua
623 4001 684 4078 sui
713 4018 830 4107 parte
858 4001 1023 4078 viciatus
1052 3997 1203 4078 'Pribns
1230 3999 1370 4106 sigillis
1399 4000 1592 4108 signatas,
1621 4025 1795 4108 qnorum
1827 4003 1993 4112 primum
2020 3996 2069 4074 se

288 4108 463 4195 cundum
493 4109 554 4187 sni
576 4114 962 4220 superscripcionem
979 4109 1298 4208 videbaturessc
1325 4107 1486 4188 domine
1509 4107 1726 4216 ragnlridis
1753 4105 1960 4191 Gozstawi
1991 4103 2069 4224 filie,

289 4221 457 4302 alterum
474 4218 626 4299 domini
653 4223 742 4313 utari
769 4223 952 4302 canonici
981 4221 1145 4301 ecclesie
1175 4236 1310 4300 nostre
1339 4220 1576 4327 upsalensis,
1604 4213 1792 4302 Tercium
1836 4248 1930 4302 vero
1956 4213 2068 4313 domif
2139 4307 2146 4318 ο

155 4351 159 4362 ’
288 4333 332 4413 ni
360 4331 522 4410 Eruasti
545 4329 651 4410 bone
668 4335 876 4432 memorie,
906 4333 1086 4415 canonici
1116 4329 1319 4441 quondam
1348 4328 1527 4411 eiusdem
1555 4330 1721 4413 ecclesie
1750 4350 1888 4430 nostre
1903 4328 2066 4439 upsalen·

192 4500 196 4508 ·
287 4445 348 4523 sis‘
374 4471 547 4554 quarum
592 4441 816 4524 litterarum
845 4462 961 4527 tenor
992 4473 1062 4555 per
1091 4445 1223 4524 omnia
1252 4440 1343 4522 talis
1371 4433 2065 4540 erat,Omnibus&c.SeN.·01156·

288 4555 372 4636 Nos
400 4571 531 4636 eutem
580 4556 619 4633 in
663 4558 945 4666 premissorum
990 4552 1237 4637 euidenciam
1268 4553 1440 4660 sigillum
1473 4569 1654 4633 nostrum
1683 4555 1938 4667 presentibus
1963 4545 2066 4634 duxit

290 4695 376 4746 mus
420 4664 717 4774 apponendum,
758 4669 906 4748 Datum
942 4667 1054 4777 apud
1084 4667 1276 4774 upsaliam
1306 4691 1413 4763 anno
1440 4661 1592 4745 domini
1620 4665 1695 4748 Μ’..
1725 4657 2063 4750 CC·.xc·vl11·.

289 4777 387 4860 feria
415 4780 570 4880 Quarta
600 4775 704 4888 jnlra
744 4796 904 4860 octavas
937 4778 1094 4889 pasche.
1904 4767 1910 4781 ’
1992 4799 1997 4806 ’

722 4919 844 5002 Sigillrt
866 4921 905 5008 pt
927 4921 986 4984 den
1009 4943 1049 4984 ur
1071 4921 1194 4984 brestet
1215 4902 1338 5006 klippta
1361 4907 1480 4982 remsan
1501 4918 1647 4984 sludcdt·
1673 5001 1678 5008 Ι
