4317 5975
973 426 1054 502 ··.
1142 386 1222 498 ⁵1⁸
1332 415 1431 466 ηε
1561 383 1625 478 .·

202 657 206 664 ,
286 611 464 691 virorum
495 607 759 692 discretorum
803 607 1058 689 dominorum
1101 609 1238 690 Asoeri
1273 610 1371 688 Jons
1398 623 1439 688 et
1469 607 1588 690 lwsri
1631 613 1812 694 canonici
1853 615 2038 728 bergensis,

284 726 601 806 Procuratorurn
631 720 831 829 Magnifici
858 721 1073 828 principis,
1099 719 1254 802 domini
1284 721 1333 802 H.
1363 722 1438 802 Dei
1467 723 1600 828 gracia
1629 721 1749 830 Regis
1776 725 2038 836 Norrcgieillu·

284 835 399 929 stris,
426 861 511 914 non
540 860 666 930 rasas,
695 859 778 912 non
806 831 1068 928 concellatas,
1100 859 1181 912 non
1211 831 1385 914 abolitas
1414 833 1476 912 vel
1510 835 1552 914 iu
1582 834 1714 944 aliqva
1744 839 1805 918 sui
1821 859 1922 946 parte
1947 847 2039 926 ricia-

284 946 418 1026 tasin
447 947 530 1026 baeo
559 943 694 1031 uerba.
737 943 940 1026 Omnibus
966 951 1039 1026 &c
1097 947 1150 1026 Se
1165 948 1310 1052 scir-eg.
1340 946 1421 1026 Nm
1456 946 1790 1054 1.567.1n'cujus
1820 951 1873 1030 rei
1899 957 2041 1037 testimo·

283 1058 395 1149 nium
424 1056 553 1166 sigilla
585 1072 721 1138 nostra
751 1054 1017 1164 presentibus
1043 1072 1139 1136 sunt
1168 1083 1357 1166 appensa.
1398 1057 1548 1138 Datum
1577 1056 1756 1166 Kungell
1784 1063 1895 1142 Auno
1920 1063 2040 1150 donini

89 1199 98 1206 ·
219 1197 241 1220 2
285 1170 336 1250 Μ.
365 1168 478 1250 CCC
507 1166 597 1250 Vll.
625 1169 709 1262 isto
736 1165 802 1250 die
830 1169 1053 1250 nativitatis
1079 1165 1244 1250 domini.

142 1521 574 1721 ‘ibium'
687 1656 693 1678 t
919 1557 1065 1705 1307
1116 1557 1165 1668 d.
1215 1598 1287 1706 29
1333 1561 1456 1666 Dec.
1563 1571 1565 1578 ’
1686 1611 1693 1629 ·
1863 1561 2040 1712 Dyugiu.

366 1785 461 1848 sroor
483 1781 702 1848 flrnmnon
722 1785 854 1866 quittens
872 1783 914 1866 pb
937 1782 976 1844 de
997 1783 1282 1866 penningsummor,
1304 1779 1365 1844 bun
1387 1783 1406 1844 ἃ
1429 1783 1613 1866 flertigsrne
1626 1779 1700 1845 Eril
1717 1779 1778 1844 ocb
1791 1781 1971 1848 Wnldemnrr
1989 1797 2063 1870 etp,

418 1889 475 1929 nar
495 1867 646 1952 uppburit
667 1865 704 1928 al
720 1867 839 1929 Norsls
852 1865 1037 1947 Donoussa
1059 1865 1186 1926 Helium
1206 1866 1400 1929 Fr'irvultsrr⁴
1780 1948 1807 2000 ι
1834 1956 1843 2002 t
1869 1927 1942 2022 ³¹44

336 2097 341 2114 '
392 2086 594 2168 Omnibus
622 2111 785 2192 presens
812 2083 1008 2191 scriptum
1038 2085 1299 2166 cernentibus
1327 2083 1454 2167 Srcco
1483 2084 1832 2180 Haucsrstussou,
1867 2087 2042 2168 Praelectus

282 2197 495 2304 Kongellis
522 2197 689 2275 salutem
720 2196 762 2274 in
793 2193 967 2276 Christo.
1023 2195 1284 2304 Recognosco
1309 2225 1371 2277 mc
1412 2199 1607 2306 recepisse
1644 2211 1685 2276 et
1732 2195 1882 2276 leuasse
1922 2195 1965 2276 dc
1988 2203 2041 2278 &c

282 2310 443 2392 Domini
474 2309 525 2390 H.
553 2307 628 2386 Dei
658 2308 785 2413 gratia
814 2307 934 2423 Regis
963 2307 1188 2416 Norwegiae
1217 2309 1555 2390 Procuratoribus
1582 2323 1791 2388 sexcentas
1808 2337 1950 2388 marcas
1974 2312 2041 2418 puri

281 2421 460 2530 argenti,
489 2433 652 2498 centum
682 2433 722 2497 et
750 2415 858 2496 mille
886 2445 1039 2498 marcas
1068 2417 1327 2500 denariorum
1359 2419 1643 2528 Lybicensium
1671 2439 1860 2528 exparte
1886 2421 2042 2500 Domine

160 2567 171 2584 ‘
283 2561 371 2614 rum
403 2557 582 2612 meorum
612 2531 729 2608 Dom.
760 2529 804 2610 E.
834 2547 874 2610 et
903 2529 972 2609 W.
1003 2531 1160 2612 Ducum
1191 2531 1387 2612 Sveorum
1418 2532 1646 2612 illustrium.
1679 2531 1770 2610 Hoc
1792 2551 2043 2639 autemargen·

282 2661 438 2726 tornet
466 2641 677 2750 pecuniam
707 2667 954 2746 recognosco
983 2668 1046 2721 me
1076 2671 1152 2750 pro
1182 2643 1288 2723 mille
1327 2643 1498 2724 rnt'rchis
1540 2643 1633 2750 puri
1678 2643 1859 2750 plenarie
1887 2644 2042 2760 recepisse

104 2827 107 2833 .
165 2841 176 2858 ἱ,
281 2749 653 2864 8ω.“ρῐεεεεηῑίὺυε
681 2753 856 2832 1)οωίηο
884 2753 1042 2856 Karulo
1070 2753 1217 2834 clerico
1246 2756 1408 2836 Domini
1445 2755 1569 2834 Ducis
1598 2755 1705 2834 Erici
1736 2755 1917 2862 praedicti
1942 2771 1975 2833 et
1998 2751 2042 2831 Ol·
2114 2793 2115 2820 ι

272 2868 404 2951 rardo
436 2866 661 2946 monetario
690 2865 927 2945 Lotosiensi.
963 2866 1111 2946 Datum
1140 2867 1254 2974 spucl
1281 2867 1446 2974 Dyngiu
1474 2893 1583 2948 nnno
1611 2865 1778 2948 Domini
1808 2867 1848 2947 lll
1875 2867 1965 2946 CCC
1988 2863 2041 2943 Vll

280 2987 426 3094 quinto
454 2976 519 3061 die
547 2977 770 3059 natiuitatis
798 2975 973 3057 Domini.

291 3330 458 3469 1571.
536 3372 540 3382 ⁴
1010 3318 1350 3434 13080dac
1439 3346 1441 3351 ’

360 3544 465 3606 Parsa
485 3542 696 3603 Gannascum
717 3540 859 3603 salubres
874 3540 914 3624 pt
938 3560 955 3601 2
977 3540 1120 3605 croland
1143 3539 1209 3623 jord
1233 3544 1241 3601 i
1264 3542 1440 3623 Willbergs
1463 3544 1472 3603 i
1495 3542 1699 3607 stobohsnd
1722 3544 1770 3607 till
1794 3544 1977 3622 Skolloster,
1994 3541 2043 3603 med
2105 3581 2108 3593 .

332 3704 341 3722 δ
413 3622 585 3702 mrbettttt,
606 3632 653 3685 att
674 3624 684 3683 i
705 3624 750 3684 siu
772 3623 864 3684 lisstid
887 3623 917 3683 lb
939 3622 1041 3706 buggu
1063 3624 1119 3685 ved
1142 3624 1182 3707 pt
1204 3622 1428 3707 Siiderslogen.
1830 3710 1865 3763 Α.
1882 3712 1942 3764 m

391 3844 601 3923 Vniuersis
630 3841 769 3922 christi
796 3840 989 3950 fidelibus
1019 3859 1223 3951 presentes
1247 3842 1398 3921 litteras
1428 3842 1666 3950 inspecturis
1695 3870 1846 3927 rursus
1874 3840 2041 3955 quondan

203 4039 207 4049 ,
277 3958 566 4037 Garannason
595 3953 765 4035 salutem
794 3956 836 4035 in
866 3956 1045 4035 omnium
1094 3954 1312 4049 saluatore,
1356 3954 1580 4035 lniuriatur
1609 3958 1802 4037 memorie
1845 3958 2042 4066 frequenter

216 4138 220 4149 .
277 4068 454 4165 obliuio,
482 4086 523 4147 et
553 4065 848 4174 longinquitate
877 4092 972 4174 sepe
1001 4064 1045 4145 fit
1074 4068 1268 4174 temporis
1307 4064 1419 4175 quod
1457 4094 1519 4145 res
1548 4064 1655 4146 clara
1706 4070 1952 4177 presentibus
1976 4060 2041 4142 red·

274 4179 433 4260 duntur
460 4178 633 4260 obscura
662 4176 830 4274 futuris,
858 4174 1020 4257 Jdcirco
1054 4192 1197 4257 tenore
1240 4179 1489 4287 presencium
1517 4194 1600 4258 tam
1631 4182 1806 4289 posteris
1839 4207 1950 4292 quam
1973 4198 2041 4284 pre·

277 4292 456 4372 sentibus
486 4308 626 4370 notum
657 4288 780 4385 facio,
829 4289 940 4397 quod
970 4288 1181 4396 Religiosis
1215 4287 1455 4369 dominabus
1497 4291 1872 4374 sanctimonialibus
1910 4294 1944 4371 in
1969 4286 2039 4378 sln,

178 4438 203 4501 ,·
277 4404 377 4483 duas
404 4431 499 4482 oras
528 4419 635 4482 terre
680 4400 732 4479 Jn
759 4398 854 4479 villa
898 4398 1091 4506 bergum‚
1134 4402 1184 4481 Jn
1219 4398 1520 4501 sltoboheredlri
1564 4431 1638 4509 pro
1667 4404 1776 4484 iusto
1806 4421 1847 4483 et
1874 4398 2041 4506 condigno

277 4518 435 4620 precio,
464 4512 652 4607 vendidi,
681 4510 852 4607 tradidi,
881 4525 922 4589 et
951 4512 1153 4615 assignaui
1184 4529 1382 4621 perpetuo
1414 4513 1509 4592 lure
1539 4514 1821 4620 possidendas,
1850 4516 1920 4594 sub
1940 4511 2041 4594 firna-

275 4628 347 4732 rijs
367 4623 594 4706 secundum
625 4623 733 4731 leges
762 4622 891 4732 patrie
919 4622 1118 4704 dominica
1151 4624 1374 4731 palmarum
1403 4622 1510 4731 apud
1542 4625 1766 4733 predictum
1791 4624 2040 4707 Monasteriun

276 4736 399 4831 datis,
427 4764 475 4817 ac
502 4738 628 4818 eciam
659 4737 883 4830 nominatis,
911 4733 1076 4815 domiuo
1092 4735 1285 4845 Haqnino
1312 4735 1537 4831 sacerdote,
1566 4736 1957 4847 dominoRaguasm,
1982 4732 2040 4813 He·

116 4875 120 4887 *
202 4860 205 4863 ’
276 4852 415 4957 mingo
445 4845 782 4955 lngimuudreson,
811 4847 1019 4928 tbaeluono
1064 4846 1303 4946 Hidinmn,
1332 4863 1518 4955 vesgpto,
1560 4850 1810 4930 Kettiluasto
1853 4852 1900 4929 ln
1941 4860 2042 4926 rastr-

167 4968 171 4974 ’
276 4961 372 5043 dum
403 4988 495 5042 curn
525 4959 714 5041 omnibus
743 4958 1018 5069 parochianis,
1061 4953 1248 5040 Ceterum
1285 4958 1469 5043 volumus
1499 4960 1688 5043 omnibus
1716 4978 1757 5043 et
1787 4960 1943 5071 singulis
1966 4981 2040 5038 eon·
