4317 5975
980 426 1038 447 -
1101 326 1244 481 ‘aaa'
1336 426 1406 478 -,

181 648 185 653 ·
234 703 238 709 ¹
285 623 422 689 eamus
449 622 491 687 et
514 606 759 687 auctoritate
787 604 896 709 regia
924 604 1229 699 confirmamus,
1259 598 1543 699 Prohibentes,
1578 582 1621 683 et
1645 584 1907 711 suboptentri
1929 616 2033 717 gracie

284 733 424 799 nostre
440 716 674 821 districtius
701 715 948 812 inhibentes,
978 716 1165 826 nequis,
1199 711 1347 794 dictam
1377 712 1585 795 ecelesiam
1628 712 1867 821 vpsalensem
1893 720 1946 799 rel
1968 726 2032 807 eius

283 829 507 937 prelatum,
536 844 723 936 pretextu
757 825 960 935 sepedicte
990 826 1302 935 permutacionis
1330 826 1372 906 in
1402 825 1541 935 aliquo
1563 823 1790 921 molestare,
1817 856 1968 935 grauate
1987 837 2032 917 rel

282 941 476 1049 impetere
505 955 729 1046 presumat,
755 941 882 1018 Prout
912 939 1129 1019 vindictam
1171 940 1319 1047 regiam
1361 935 1534 1019 voluerit
1562 936 1727 1018 editore.
1787 940 1834 1017 ln
1863 944 2046 1047 premisso.

189 1126 194 1131 .
282 1078 373 1130 rum
400 1052 673 1130 testimoninm
701 1050 875 1157 sigillum
913 1066 1096 1130 nostrum
1140 1048 1393 1156 presentibus
1420 1063 1480 1128 est
1508 1074 1750 1157 appensum,
1793 1050 1926 1132 Datum
1951 1057 2034 1165 apud

282 1160 417 1259 alsae,
445 1163 566 1241 Auno
595 1164 757 1242 Domini
785 1160 870 1245 .M⁰.
900 1162 1036 1255 CCC’.
1064 1161 1235 1264 Quarto.
1264 1159 1422 1262 Quinto
1450 1220 1460 1241 .
1489 1157 1646 1243 lrale'nd.
1674 1162 1854 1269 Augusti.

806 1302 924 1401 sigillet
946 1304 1041 1365 finces
1061 1322 1154 1387 qrar,
1182 1324 1252 1367 meu
1275 1303 1399 1389 myclet
1420 1300 1559 1365 sladadt.

290 1667 459 1811 1437.
923 1648 1160 1796 rdod'd.
1209 1707 1284 1813 29
1315 1618 1442 1775 luti.

362 1886 496 1970 Konung
518 1887 648 1951 Blaesus
669 1887 747 1951 aret
761 1908 813 1948 orn
838 1886 979 1949 belrielse
1000 1888 1050 1948 sor
1070 1886 1189 1972 Upsala
1211 1886 1472 2033 Domlprlogods
1493 1888 1561 1955 lrdn
1573 1886 1687 1955 skatter
1701 1886 1762 1953 och
1774 1890 1944 1972 utlagortill
1956 1893 2039 1977 Koagl.

281 2062 285 2068 .
325 2072 329 2077 .
412 1970 502 2052 Majtt
523 1972 585 2033 och
606 1972 749 2050 Krousa,
773 1970 844 2035 med
865 1971 1023 2066 undautag
1044 1970 1083 2033 εἰ
1099 1971 1195 2052 nigra
1217 1974 1293 2035 tissa
1328 1969 1381 2033 sll.
1827 2056 1938 2113 Md·

279 2230 285 2237 ·
388 2186 590 2269 Bracaaus
618 2186 685 2271 dei
715 2193 850 2297 gracia
878 2214 1076 2268 sweorum
1106 2184 1406 2299 gothorumque
1434 2216 1526 2284 rex,
1553 2190 1763 2273 Vniuersis
1793 2210 1983 2303 presentes
1996 2190 2040 2271 lit·

276 2317 383 2381 teras
411 2300 671 2407 inspecturis,
700 2299 878 2380 Salutem
914 2301 956 2378 in
985 2296 1151 2379 domino
1178 2303 1481 2409 sempiternam,
1510 2301 1708 2405 Quamuis
1735 2302 1966 2411 generaliter
1987 2302 2041 2383 du·

275 2413 409 2491 ximus
435 2408 718 2508 statuendum,
746 2411 858 2521 quod
889 2408 1023 2491 nullus
1050 2408 1181 2493 incola
1209 2411 1322 2520 regni
1338 2414 1485 2511 nostri,
1513 2438 1636 2521 super
1656 2412 2067 2511 eahibicionibusmeu.

275 2520 911 2633 solucicnibusquibuscumque,
941 2520 1059 2603 nobis
1077 2522 1287 2603 annuatim
1302 2521 1465 2621 debitis,
1495 2522 1598 2604 liber
1620 2525 1811 2625 resideat,
1838 2528 1898 2609 vel
1915 2552 2041 2633 exemp

273 2635 362 2740 tus,
392 2634 466 2717 nisi
495 2661 587 2714 cum
612 2630 820 2716 dextrario
847 2633 1032 2714 seruierit
1060 2631 1291 2741 phalerato,
1334 2634 1435 2715 Cum
1465 2634 1642 2745 ecclesiis
1683 2651 1842 2737 tamen,
1870 2656 1908 2720 et
1934 2662 2039 2717 earum

276 2746 456 2853 personis
484 2744 659 2852 graciam
689 2744 818 2825 facere
845 2742 1026 2824 volentes
1058 2744 1311 2853 ampliorem,
1342 2744 1503 2853 predia,
1533 2748 1825 2855 possessiones,
1863 2776 1930 2830 seu
1962 2746 2041 2827 bona

274 2854 429 2954 omnia,
457 2870 497 2937 et
524 2854 682 2961 singula
710 2856 762 2937 ad
792 2852 986 2936 fabricam
1013 2855 1179 2937 ecclesie
1207 2856 1446 2965 upsalensis,
1486 2886 1579 2940 cum
1615 2858 1779 2957 villicis,
1823 2858 1978 2956 colonis,
2001 2856 2043 2936 la·

274 2964 415 3076 milijs,
444 2982 487 3047 et
514 2966 696 3074 personis
732 2966 877 3049 ceteris
904 2966 946 3046 in
974 2964 1125 3048 eisdem
1166 2967 1284 3050 bonis
1323 2962 1663 3052 commorantibus
1704 2975 1953 3078 spectancia,
1988 2968 2042 3050 sub

271 3094 454 3174 ,nostram
496 3078 720 3186 recepimus
762 3083 1088 3188 promocionem*
1117 3096 1157 3159 et
1183 3079 1310 3161 tutele
1351 3082 1540 3186 graciam
1570 3081 1806 3190 specialem,
1848 3080 2041 3166 Reddeutes

272 3191 381 3270 bona
409 3188 612 3298 predicta,
640 3217 747 3280 curu¹
763 3189 944 3296 personis
968 3205 1012 3268 vt
1039 3191 1276 3298 premissum
1306 3206 1388 3284 est,
1416 3192 1469 3271 ab
1498 3193 1882 3293 omnibusiuribus,
1913 3211 1950 3278 et
1974 3213 2042 3272 cau·

274 3303 327 3406 sis
355 3301 495 3408 regijs,
525 3302 870 3408 imposicionibus,
904 3297 1204 3396 soluciouibus,
1248 3329 1295 3383 ac
1332 3303 1691 3401 exhibicionibus,
1718 3307 1923 3403 videlicet,
1960 3301 2041 3407 slip-

190 3459 194 3466 ·
274 3413 367 3507 uist,
393 3411 692 3507 ,lethunxlamaa
720 3407 1002 3520 spannamalae,
1030 3408 1265 3519 AEttegield,
1294 3429 1335 3493 et
1362 3411 1622 3520 Thinglanrae,
1653 3443 1811 3500 necnon
1833 3419 1921 3526 alijs
1944 3411 2042 3496 omni·

85 3539 113 3564 ‘⁸
163 3527 209 3597 ¹.
274 3523 371 3618 bus,
401 3539 443 3603 et
470 3520 660 3628 singulis,
687 3522 837 3602 nomini
866 3537 1023 3618 nostro,
1060 3521 1122 3604 vel
1152 3523 1230 3604 iuri
1259 3521 1425 3618 debitis,
1454 3525 1579 3606 libera
1611 3529 1773 3635 penitus
1802 3545 1844 3610 et
1872 3541 2042 3632 exentptn

275 3633 317 3714 Si
345 3660 442 3715 vero
471 3632 774 3742 expedicionem
803 3647 981 3713 nostram
1010 3632 1192 3729 euocari,
1227 3631 1290 3714 vel
1319 3633 1540 3718 subsidium
1570 3665 1592 3718 a
1622 3653 1710 3719 toto
1754 3667 1883 3748 regno
1912 3661 2044 3748 genera·

273 3745 367 3827 liter
396 3745 567 3854 requiri,
596 3771 667 3824 seu
695 3770 844 3824 corone
874 3744 1175 3838 iuriamentum,
1217 3762 1289 3825 aut
1332 3747 1524 3830 iudicium
1569 3765 1748 3829 nostrum
1783 3751 1963 3858 infringi,
1988 3739 2044 3820 ‘vel

274 3859 505 3966 quempiam
533 3880 673 3935 eorum
703 3858 742 3936 in
773 3855 941 3965 occultis
970 3855 1211 3963 homicidiis,
1257 3857 1426 3956 moordh
1461 3859 1596 3955 dietis,
1639 3875 1709 3940 aut
1739 3861 1860 3942 furtis
1889 3855 2045 3942 contrioci

273 3967 509 4076 contigerit,
539 3966 616 4046 hoc
645 3964 694 4046 ad
726 3964 1027 4047 ordinacionem
1057 3984 1233 4048 nostram
1264 3987 1304 4050 et
1333 3971 1468 4049 liscum
1499 3972 1674 4076 regium,
1703 3973 1891 4054 volumus
1921 3969 2045 4080 specia-

274 4080 369 4160 liter
402 4081 623 4186 pertinere,
652 4078 917 4158 Prohibemus
946 4079 1074 4188 igitar
1103 4081 1270 4160 firmiter
1297 4093 1339 4160 et
1359 4079 1568 4178 districte,
1599 4099 1656 4162 ‘ne
1690 4087 1782 4193 quis
1816 4083 1968 4192 predia,
1991 4103 2042 4170 sen

275 4191 381 4272 bona
410 4188 662 4298 supradicta,
696 4188 760 4268 vel
790 4215 981 4296 personas
1010 4192 1050 4270 in
1085 4193 1140 4272 eis
1169 4208 1482 4289 commorantes,
1510 4210 1652 4275 eontra
1683 4189 2046 4302 premissamtuicio

104 4408 120 4422 η
140 4360 154 4408 g
275 4330 364 4383 nem
393 4317 593 4396 nostram,
621 4318 664 4381 et
690 4299 934 4397 libertatem,
983 4301 1240 4412 aliquatenus
1281 4303 1490 4412 inpetere,
1522 4332 1713 4412 grauare,
1737 4334 1829 4388 ..seu
1865 4305 2045 4388 molestare

276 4405 499 4522 presumat,
527 4412 640 4492 Sicut
669 4413 842 4520 graciam
874 4426 1052 4491 nostram
1080 4409 1448 4524 diligereroluerit
1476 4413 1735 4518 inoffensarn,
1765 4421 1935 4518 Datum,
1961 4438 2045 4497 anna

239 4521 247 4532 ’
277 4523 430 4636 dominj
461 4525 544 4608 .hl⁸.
575 4523 767 4606 CCCllll.
797 4522 847 4603 Jn
876 4521 978 4603 festo
1005 4521 1113 4606 beati
1131 4524 1262 4605 ‘Olaui
1290 4525 1409 4634 Regis
1437 4543 1478 4606 et
1511 4528 1711 4627 martiris.

693 4665 815 4752 sigillet
837 4663 996 4730 bortsallet
1016 4663 1087 4728 frain
1108 4663 1167 4728 den
1190 4687 1227 4730 ur
1249 4665 1369 4732 brelret
1391 4649 1513 4756 lllppta
1535 4690 1666 4744 remsan.
1798 4729 1804 4739 .
