4317 5975
683 444 810 537 ’,.ζ.
923 452 994 549 llll
1107 469 1166 521 ..·.

97 686 241 831 1069.
282 688 289 704 ’
652 720 822 830 1292.
873 681 922 788 d.
972 686 1043 789 26
1090 682 1249 831 April.
1384 782 1398 814 ,
1592 683 1861 829 Skeninge.
1907 814 1913 828 ι

150 907 226 969 Lm
247 901 285 964 al
300 902 465 987 Snytringe
485 902 547 967 och
567 904 741 968 Rasnruor
763 868 837 968 llrel
853 925 904 965 om
927 903 1151 985 godlttunwde
1172 904 1210 965 af
1225 904 1278 966 det
1300 905 1414 967 mellan
1434 903 1537 968 lobea
1560 904 1701 969 Elefsson
1721 901 1861 967 ochum
2037 856 2050 875 ι

195 988 369 1069 Magoras
391 988 428 1048 af
438 988 580 1060 ‚Gitanas
600 988 708 1071 gjorda
730 988 804 1073 byte
824 989 861 1049 al
877 987 951 1069 Und
970 990 981 1048 i
1002 988 1116 1050 Nerile
1137 998 1222 1049 emot
1241 987 1403 1072 Tmoeryd
1425 990 1436 1049 i
1456 988 1584 1053 Widbo.

1415 1176 1420 1185 .
1520 1134 1723 1191 aasz&

171 1270 378 1351 Vniuersis
401 1267 453 1351 ad
482 1298 585 1381 quos
616 1298 781 1379 presens
809 1272 1004 1379 scriptum
1038 1269 1280 1379 peruenerit,
1309 1271 1572 1353 Lauanucrus
1599 1268 1651 1350 de
1678 1272 1859 1371 enitrin·

83 1412 118 1495 ge
143 1388 178 1463 8(
205 1382 430 1461 Racumots
459 1408 561 1461 vxor
590 1384 674 1462 eius
702 1382 869 1462 salutem
902 1385 944 1461 in
980 1380 1145 1461 domino
1182 1383 1465 1491 sempiternam
1504 1383 1655 1463 Notum
1692 1381 1858 1464 iacimus
1898 1456 1901 1463 .

83 1524 137 1605 per
163 1510 380 1603 presentes,
409 1490 522 1601 quod
550 1520 623 1573 nos
651 1494 1007 1574 commutacionem
1048 1493 1193 1573 factam
1236 1494 1341 1573 inter
1384 1493 1571 1574 Nobilem
1613 1498 1743 1576 virum
1785 1492 1859 1574 do·
1898 1507 1908 1527 ‘

83 1609 209 1686 ninum
239 1602 463 1683 Johannem
493 1603 664 1683 elefsson
695 1632 744 1684 ex
773 1632 856 1683 una
891 1621 1005 1712 parte
1041 1610 1081 1684 8(
1118 1603 1330 1685 discretam
1367 1605 1555 1685 feminam
1593 1622 1858 1713 margaretam
1994 1706 1999 1715 ‚

82 1717 119 1798 dc
144 1716 320 1821 glaenuas
349 1742 400 1793 cx
429 1714 555 1794 altera
586 1714 636 1795 de
665 1712 827 1797 duobus
856 1718 1036 1824 attungis
1064 1732 1171 1797 terre
1200 1718 1241 1795 in
1271 1732 1355 1808 vno
1384 1716 1594 1824 prouincie
1629 1718 1786 1797 naericie
1813 1718 1859 1794 in

41 1874 46 1880 ·
80 1826 346 1909 dimidietatem
375 1825 471 1907 uille
502 1824 701 1923 tranurird
731 1828 773 1905 in
802 1824 955 1924 widbo,
988 1844 1114 1908 ratam
1146 1825 1342 1908 babentes
1377 1832 1417 1907 8(
1452 1844 1627 1937 gratam,
1663 1848 1883 1953 recogno·-

81 1941 199 2034 uinus,
229 1939 274 2017 in
306 1938 509 2044 presencia
539 1935 675 2019 fratris
704 1940 812 2018 Petri
843 1937 1004 2019 lectoris
1034 1938 1202 2019 fratrum
1240 1936 1540 2045 predicatorum
1583 1940 1626 2020 in
1667 1937 1857 2019 skenntn·
1975 1985 1984 1995 -

79 2052 127 2159 gia
148 2050 186 2129 in
214 2054 397 2129 crastino
425 2050 554 2130 sancti
583 2048 735 2130 Marchi
765 2049 1026 2157 ewangeliste
1054 2050 1097 2127 in
1134 2050 1315 2160 capitulo
1352 2049 1521 2131 fratrum
1560 2078 1669 2130 anno
1702 2048 1857 2131 domini
1927 2113 1930 2120 .

80 2160 378 2241 ll⁸CC⁰XC⁰II⁸.
408 2179 448 2241 et
476 2157 610 2261 adhuc
638 2161 962 2264 recognoscimus
990 2161 1137 2242 dictam
1168 2159 1419 2241 medietatem
1451 2161 1774 2259 uilletranurid,
1803 2159 1856 2249 ad
1900 2210 1905 2215 ·

81 2268 221 2353 heredes
249 2269 475 2379 supradicti
503 2268 659 2351 domini
692 2270 885 2349 Johannis
914 2276 953 2350 8(
981 2270 1129 2351 andree
1156 2272 1310 2352 elefson
1339 2272 1476 2352 fratris
1503 2272 1600 2368 eius,
1631 2277 1671 2353 8(
1708 2298 1856 2352 memo·

80 2399 168 2463 ratos
195 2382 300 2463 duos
329 2397 520 2490 attungos
548 2399 653 2472 terre
682 2378 727 2488 jn
758 2396 840 2473 vnat
876 2381 925 2461 ad
972 2410 1045 2463 nos
1087 2400 1328 2491 nostrosque
1362 2381 1530 2464 heredes
1573 2389 1612 2463 8(
1660 2381 1711 2463 ad
1755 2382 1857 2462 filias

79 2492 289 2574 larthrudis
317 2492 521 2602 quondam
553 2491 603 2572 de
632 2491 809 2599 glaenuas
838 2522 934 2573 cure
963 2510 1101 2574 nostre
1128 2496 1369 2589 commissas,
1404 2496 1492 2574 iure
1528 2509 1727 2604 perpetuo
1763 2521 1857 2601 per·

79 2607 186 2685 tinere
226 2606 282 2685 Jn
326 2608 439 2684 cuius
482 2604 776 2709 recognioionis
805 2606 1077 2685 testimonium
1105 2608 1202 2714 quia
1235 2604 1397 2713 propria
1435 2631 1518 2685 non
1555 2605 1769 2686 habuimus
1790 2605 1856 2683 »sia
1889 2636 1892 2641 ·

79 2716 155 2825 gilla
182 2714 408 2825 supradicti
437 2715 598 2794 lectoris
628 2719 667 2795 8(
696 2733 919 2795 conuentus
948 2716 1119 2795 fratrum
1150 2716 1451 2823 predicatorum
1488 2716 1744 2825 presentibus
1780 2712 1856 2796 du·

79 2824 460 2937 ximus-apponenda
491 2827 638 2905 Datum
667 2823 904 2934 skenningie
932 2852 1041 2905 anno
1068 2824 1222 2906 domini
1250 2854 1334 2938 quo
1362 2854 1485 2934 supra
1514 2824 1853 2932 sauciabitur]

403 2964 545 3049 Sigillcn,
571 2987 598 3046 r,
620 2986 650 3047 a,
672 2964 825 3050 andeliga,
847 2966 942 3034 linum
963 2966 1004 3056 pd
1025 2987 1161 3048 remsor,
1183 2967 1303 3055 llippta
1324 2966 1513 3033 trrbrel'ret.

87 3441 229 3547 ¹⁰70·
728 3444 878 3551 1292
927 3403 974 3510 d
1031 3444 1096 3550 ¹7
1144 3404 1268 3551 Maj.
1653 3400 1855 3552 UpsalaL
1901 3355 1912 3368 .

142 3621 352 3704 lrledjeloen
379 3619 441 3682 och
468 3619 719 3707 Dum-Capitlets
744 3627 756 3686 i
776 3625 893 3710 Upsala
916 3626 1062 3689 lullmalt
1083 3627 1133 3688 ίόι·
1154 3627 1384 3689 Dum-Prosten
1411 3624 1551 3688 Andreas
1576 3622 1637 3685 och
1664 3639 1736 3686 atne
1761 3623 1857 3685 Cani·

187 3706 246 3769 ker
267 3715 315 3766 att
335 3704 445 3850 algore
466 3706 574 3769 tritten
588 3707 722 3771 'imellau
743 3707 862 3794 Upsala
883 3709 944 3772 oeb
964 3710 1065 3774 Slara
1085 3709 1289 3794 Domkyrkor
1319 3729 1373 3772 om
1403 3706 1524 3772 alledne
1555 3705 1768 3790 btedjunen
1797 3707 1857 3769 Jo-

189 3787 310 3851 hanuee
331 3789 361 3851 Ο
384 3787 535 3851 dollrsons
554 3791 801 3888 qvarlltenslep.
1517 3871 1553 3925 A·
1572 3870 1596 3924 ἃ
1612 3888 1637 3923 ι
1653 3869 1721 3938 μ
1814 3840 1818 3848 ,

28 4079 32 4087 ,
143 4001 372 4108 'Omnibus
400 4021 608 4113 presentes
650 4007 802 4090 litteras
842 4008 1110 4118 jnspecturis,
1153 4007 1488 4107 archidiaconus
1535 4011 1583 4087 &-
1618 4005 1853 4114 Capitulum
1916 4052 1927 4064 =

75 4113 217 4194 ecclesie
247 4115 483 4225 upsalensis,
521 4118 689 4199 salutem
719 4118 764 4227 jn
793 4118 962 4201 domino
995 4121 1292 4227 sempiternam.
1358 4119 1509 4200 Notum
1546 4143 1630 4198 esse
1668 4118 1856 4214 volumus

77 4225 267 4323 vniuersis,
297 4226 407 4337 quod
439 4253 513 4307 nos
539 4227 584 4335 jn
613 4257 731 4312 causa
760 4258 841 4340 que
870 4231 1042 4311 vertitur
1069 4233 1179 4338 joter
1214 4258 1290 4312 nos
1324 4249 1395 4310 seu
1431 4230 1637 4309 ecclesiam
1675 4243 1855 4306 nostram

76 4355 223 4444 aparte
253 4366 345 4435 vna,
379 4341 419 4417 8(
448 4338 673 4420 Discretum
704 4343 835 4422 virum
872 4342 1109 4449 Magistrum
1151 4343 1361 4422 Nicolaum
1402 4341 1652 4421 Canonicum
1696 4356 1856 4417 scaren·

76 4471 140 4526 sem
167 4477 189 4528 a
220 4465 336 4558 parte
365 4448 501 4546 altera,
530 4477 652 4560 super
681 4451 817 4550 bonis,
847 4452 1179 4561 possessionibus,
1209 4481 1277 4534 seu
1307 4450 1559 4561 quibuslibet
1594 4450 1718 4548 rebus
1751 4475 1855 4560 quas

77 4551 164 4639 bone
191 4562 383 4642 memorie
412 4561 609 4642 Dominus
637 4561 842 4643 lohannes
877 4561 1062 4673 Odulpbi
1099 4565 1195 4644 olim
1231 4562 1551 4661 archidiaconus
1587 4557 1725 4641 noste'r
1752 4558 1857 4640 reli-

77 4670 160 4773 quit,
174 4671 352 4768 facimus,
367 4673 662 4770 constituimus,
678 4679 718 4754 8(
731 4673 966 4754 ordinamus
982 4692 1141 4755 nostros
1154 4701 1271 4756 veros
1284 4681 1324 4754 &
1339 4674 1554 4783 legittimos
1570 4685 1854 4781 procuratores

76 4783 304 4882 renuncies
331 4781 536 4892 speciales,
566 4783 771 4866 Discretos
799 4787 920 4884 viros,
952 4785 1186 4894 Magistrum
1217 4785 1419 4868 Andream
1456 4787 1720 4894 Prepesitum,
1760 4809 1853 4862 nee·

77 4891 351 5023 nondomjnos
385 4893 614 4978 Gerardum
643 4901 683 4976 8(
711 4897 996 5006 Hemmingum
1034 4899 1261 4980 Canonicos
1287 4894 1467 4978 eiusdem
1507 4896 1672 4997 ecclesie
1714 4908 1852 4972 nostre

76 4999 344 5114 &quemlibet
372 5033 515 5120 eorum
539 5005 588 5096 in
614 5005 802 5110 solidum,
829 5009 983 5120 Dentes
995 5007 1148 5095 eisdem
1161 5004 1498 5120 procuratoribus
1514 5007 1662 5132 nostris
1675 5034 1722 5087 ac
1736 5003 1852 5128 cuili-
