4317 5975
899 404 1036 443 ψ.-
1134 312 1229 463 ι368
1326 424 1397 443 .-

292 638 379 693 nar.
409 612 513 689 ltem
563 606 740 688 Ecclesie
780 621 916 686 sancte
947 604 1172 701 Trinitatis,
1201 632 1320 685 vnam
1366 596 1568 683 marcham
1612 598 1772 697 denar„
1815 604 1910 685 Jtem
1942 610 2046 695 Eccle

267 725 353 804 'sie
394 721 503 802 beati
545 721 672 815 Petri,
719 742 839 798 vnam
883 707 1090 797 'marcham
1140 716 1297 815 denar,
1348 714 1561 795 Fratribus
1605 712 1918 823 predicatoribus
1955 724 2048 806 silto·

293 835 382 930 nie,
409 830 548 914 decem
577 829 758 910 marchas
784 827 943 924 denar„
984 830 1088 908 Jtem
1117 829 1306 938 hospitali
1336 828 1588 937 Enecopcnsi
1617 824 1719 907 duas
1748 828 1919 909 marchas
1943 830 2048 920 denar.

278 937 399 1027 2Jt'em
429 943 626 1025 fratribus
654 941 879 1021 minoribus
906 940 1160 1037 stokholmis,
1188 941 1290 1023 duas
1318 938 1501 1021 marchas
1528 935 1822 1035 denar.,·Jtcm
1849 950 2049 1030 monasterio
2114 963 2115 968 '

290 1074 429 1138 sancte
458 1054 576 1135 Clare
593 1044 756 1148 ibidem,
784 1050 884 1132 duas
912 1052 1096 1133 Marchas
1124 1052 1283 1152 denar„
1316 1046 1421 1134 Jtem
1450 1051 1641 1131 fratribus
1656 1048 1963 1159 predicatoribus
1985 1058 2049 1139 sla·

86 1226 104 1287 ι.
189 1180 193 1186 ’
250 1269 253 1278 y
290 1171 368 1264 ris,
395 1164 496 1246 Tres
524 1165 706 1246 mareha's
734 1164 891 1261 denar,
920 1168 1022 1245 Jtem
1051 1166 1248 1245 fratribus
1278 1162 1504 1245 minoribus
1529 1160 1701 1259 ibidem,
1738 1160 1873 1243 decem
1906 1164 2084 1254 lllarchas.

293 1278 572 1372 denariorum,
601 1279 704 1356 ltem
733 1279 976 1356 monasterio
1004 1276 1257 1357 dominarum
1287 1282 1328 1359 in
1358 1274 1554 1383 gudhem,
1582 1271 1719 1355 decem
1736 1274 1912 1355 marchas
1937 1277 2051 1380 denar,

291 1392 395 1473 ltetn
424 1390 666 1469 monasterio
695 1388 986 1469 monachorum
1014 1389 1056 1467 in
1085 1416 1295 1487 waernem,
1323 1388 1425 1470 Tres
1450 1383 1632 1467 marchas
1659 1385 1931 1483 denariorum,
1957 1392 2051 1472 Cuili-

289 1501 366 1583 bet
387 1500 554 1581 ecclesie
582 1501 731 1610 inqua
759 1500 891 1581 habeo
918 1500 1070 1581 curiam
1087 1502 1188 1610 lego,
1218 1502 1318 1588 duas
1334 1502 1515 1591 marchas
1543 1496 1679 1580 denar.
1708 1513 1749 1577 et
1775 1498 1932 1578 Rectori
1950 1504 2050 1583 cuius

290 1610 391 1693 libet
418 1610 583 1692 ecclesie
610 1638 730 1691 vnam
758 1611 961 1690 marcham
989 1611 1148 1710 denam,
1176 1616 1281 1694 ltem
1310 1614 1390 1693 filie
1418 1610 1542 1691 villici
1571 1612 1648 1691 mei
1691 1607 1790 1691 dicti
1830 1608 1959 1690 skakla
1993 1642 2051 1723 que

289 1720 489 1803 defectum
521 1723 561 1801 in
583 1722 671 1801 alio
701 1724 854 1829 patitur
881 1722 1069 1820 brachio,
1098 1724 1187 1831 lego
1218 1727 1361 1832 viginti
1391 1720 1574 1803 Marchas
1603 1720 1761 1817 denar,
1790 1717 1842 1799 ad
1874 1719 1945 1803 hoc
1969 1724 2051 1834 quod

291 1862 382 1915 cum
412 1832 531 1913 dictis
558 1830 734 1940 denarijs
770 1835 989 1940 recipiatur
1016 1837 1059 1915 in
1090 1838 1332 1916 monasterio
1374 1832 1554 1943 gudhem
1595 1839 1638 1913 in
1680 1859 1886 1926 sororem„
1917 1836 1962 1914 ad
1987 1864 2051 1943 pre

289 1947 500 2029 missorum
529 1944 776 2025 solucionem
793 1944 1019 2052 specialiter
1034 1944 1186 2054 deputo
1201 1964 1240 2027 et
1255 1947 1392 2055 obligo
1421 1946 1584 2025 Curiam
1614 1972 1761 2039 meam,
1791 1943 2052 2028 hwalflstadhir

243 2122 251 2128 .
289 2084 380 2138 cum
409 2055 598 2136 omnibus
627 2056 743 2137 bonis
773 2053 991 2137 mobilibus
1031 2074 1074 2137 et
1114 2058 1378 2140 inmobilibus
1407 2056 1460 2139 ad
1503 2053 1649 2137 dictam
1683 2055 1849 2137 Curiam
1876 2062 2061 2165 spectanti

174 2228 177 2232 -
288 2167 386 2265 bus,
413 2167 553 2247 volens
580 2167 745 2248 Curiam
773 2167 997 2275 predictam
1026 2196 1103 2275 pro
1132 2168 1273 2277 legatis
1301 2169 1542 2277 obligatam,
1570 2168 1647 2249 sub
1676 2169 1870 2273 regimine
1898 2188 2052 2278 exequto-

287 2308 377 2361 rum
408 2307 587 2373 meorum
616 2305 795 2375 manere,
823 2278 925 2361 etsi
958 2277 1125 2360 heredes
1154 2282 1231 2363 mei
1260 2280 1363 2360 infra
1408 2308 1558 2359 annum
1604 2275 1771 2359 eandem
1811 2307 1892 2357 non
1919 2282 2051 2361 redine-

280 2393 394 2495 rint,
419 2390 543 2471 Tune
566 2406 808 2499 exequtores
831 2389 907 2496 mei
935 2388 1072 2497 elapso
1101 2419 1229 2487 anno,
1269 2394 1331 2473 ius
1376 2392 1553 2473 habeant
1590 2418 1675 2471 eam
1715 2390 1914 2471 vendendi
1943 2392 1984 2472 ad
2007 2420 2051 2471 sc

291 2502 482 2588 luendum
513 2501 664 2609 legata,
692 2519 733 2581 et
760 2499 873 2612 quod
901 2500 1104 2581 residuum
1134 2502 1260 2585 suerit
1285 2505 1381 2612 ipsis
1410 2501 1626 2584 heredibus
1655 2505 1944 2601 committatur,
1976 2506 2051 2585 Ere·

292 2630 458 2725 qutores
486 2629 620 2693 autem
647 2610 769 2693 buius
795 2615 1023 2695 testamenti
1054 2613 1132 2693 mei
1161 2614 1261 2697 tales
1290 2618 1516 2711 constituo,
1544 2614 1660 2710 facio,
1689 2631 1730 2694 et
1761 2630 1877 2723 peto,
1905 2614 2051 2695 videlicet

287 2723 542 2806 venerabiles·
566 2728 724 2819 Patres,
759 2720 965 2822 dominos,
1009 2725 1237 2813 Nicolaum,
1250 2726 1390 2808 diuina
1434 2724 1698 2836 prouidencia
1742 2727 2052 2835 archiepiscopum

286 2836 549 2946 upsalensem,
576 2849 618 2914 et
645 2832 951 2945 briniulphum·
971 2833 1108 2916 eadem
1139 2840 1275 2943 gracia
1320 2840 1564 2948 Episcopum
1594 2836 1843 2932 slrarensem,
1887 2838 2051 2919 Dilectun

286 2949 632 3055 consanguineum
662 2968 816 3044 meum,
844 2945 1067 3030 dominum.
1108 2946 1184 3030 Tb.
1213 2948 1412 3034 knutsson
1455 2949 1623 3030 illustris
1664 2948 1785 3059 Regis
1815 2953 1952 3032 swecie
1979 2978 2052 3029 nar-

285 3059 490 3155 skalkam,
518 3076 561 3150 et
588 3055 795 3161 dominum
822 3056 1026 3141 Andream
1054 3065 1302 3170 prepositum
1333 3060 1602 3172 upsalensem,
1648 3062 1885 3171 supplicans
1912 3079 1952 3144 rt
1977 3063 2054 3141 hanc

233 3238 238 3253 ,
286 3196 415 3254 meam
444 3172 712 3268 voluntatem,
741 3185 784 3250 et
810 3169 1113 3256 ordinacionem
1149 3174 1353 3282 complere
1382 3171 1531 3267 velint,
1573 3188 1614 3254 et
1644 3175 1790 3284 exequi
1824 3193 1981 3282 propter
2003 3173 2051 3252 dc·

285 3311 378 3378 um,
402 3281 528 3384 Quod
555 3281 590 3364 si
618 3307 758 3363 omnes
782 3302 1023 3397 exequtores
1049 3311 1072 3364 a
1101 3311 1163 3364 me
1192 3287 1402 3369 constituti
1444 3312 1607 3396 presens
1642 3303 1923 3367 testamentum
1952 3313 2050 3364 rneun

69 3426 73 3434 ·
151 3492 156 3504 ,
285 3385 511 3487 noluerint,
553 3391 621 3475 uel
655 3393 864 3474 commode
892 3422 977 3476 nou
1006 3394 1187 3502 poterint
1229 3400 1386 3506 exequi.
1424 3397 1520 3478 volo
1548 3395 1662 3509 quod
1690 3397 1750 3478 iu's
1778 3395 1993 3506 exequendi
2014 3393 2051 3474 ad

287 3531 401 3602 eum,
428 3505 494 3584 uel
523 3501 576 3587 ad
604 3531 672 3585 eos
701 3505 923 3613 pertineat,
965 3507 1039 3613 qui
1066 3505 1145 3586 hoc
1173 3506 1349 3590 voluerit
1394 3504 1525 3592 facere
1567 3523 1736 3620 propter
1764 3505 1904 3606 deum,
1944 3507 2052 3588 Testes

283 3632 423 3724 eutem
451 3616 568 3695 buius
592 3617 820 3697 testamenti
848 3618 947 3710 mei,
975 3616 1204 3724 specialiter
1232 3619 1276 3700 in
1304 3619 1579 3704 testimonium
1599 3622 1750 3716 vocati,
1766 3637 1820 3702 'et
1844 3621 1965 3728 rogati
1990 3617 2053 3698 lue-

284 3742 405 3822 runt,
437 3725 644 3823 uidelicet,
672 3725 859 3808 dominus
886 3726 1155 3837 Thorbernus
1183 3729 1334 3812 Rector
1364 3731 1542 3815 Ecclesie
1570 3723 1813 3814 Perochialis
1844 3731 2002 3826 Lenum,
2023 3745 2052 3810 et

244 3892 247 3896 -
286 3831 462 3929 discreti,
479 3838 558 3920 viri
584 3837 779 3933 lacobus,
807 3836 1014 3935 Jaerlerus,
1041 3855 1082 3920 et
1110 3841 1344 3947 lugiuestus
1371 3871 1511 3924 omnes
1545 3841 1603 3926 de
1645 3841 1740 3924 nilla
1776 3844 1992 3936 brunnum,
2024 3851 2053 3920 et

284 3949 515 4056 helmgerus
545 3949 596 4029 de
623 3949 717 4028 villa
747 3949 1015 4046 vatholmum,
1044 3977 1135 4030 cum
1166 3955 1301 4034 vicino
1328 3983 1402 4036 suo
1431 3953 1631 4062 baegwido
1652 3953 1902 4064 ‚lastulphus
1928 3955 2051 4034 vicinus

205 4103 209 4115 ·
283 4060 501 4172 presbiteri
526 4059 760 4165 memorati,
784 4078 825 4143 et
851 4059 1024 4142 dilectus
1050 4061 1228 4146 famulus
1253 4093 1365 4148 meus
1393 4065 1512 4162 bero,
1539 4065 1664 4170 Quod
1692 4069 1727 4150 si
1758 4070 1943 4176 premissa
1969 4060 2052 4146 ordi·

281 4172 399 4253 nocio
428 4199 535 4265 mea,
569 4173 656 4252 iure
681 4173 912 4262 testamenti
940 4199 1022 4252 non
1052 4174 1182 4271 valet,
1223 4179 1353 4258 valeat
1382 4179 1470 4260 iure
1499 4205 1772 4288 quocumque,
1815 4175 2051 4260 ordinacionis

284 4283 500 4364 cuiuslibet
528 4299 708 4362 extreme
736 4282 973 4376 voluntatis,
1002 4288 1056 4364 ln
1085 4289 1198 4366 cuius
1213 4291 1271 4368 rei
1292 4291 1565 4368 testimonium
1590 4317 1754 4399 presens
1781 4293 1966 4397 scriptum
1987 4313 2051 4365 niro

283 4393 421 4503 sigillo
445 4393 641 4504 sigillauj,
679 4413 720 4473 et
748 4397 997 4500 appensione
1036 4396 1158 4501 sigilli
1195 4399 1437 4480 venerahilis
1468 4405 1594 4509 patris
1638 4401 1791 4482 domini
1836 4399 1982 4481 Nicolai
2004 4395 2053 4476 dei

312 4505 418 4584 racia
448 4505 742 4612 archiepiscopi
770 4506 1010 4612 upsalensis,
1042 4522 1083 4584 et
1115 4505 1258 4591 dilecte
1294 4511 1373 4592 filie
1404 4539 1496 4596 mee.
1516 4513 1769 4620 Ranburgis,
1799 4541 1874 4592 nec
1902 4508 2053 4590 nonllo·

282 4533 432 4696 biliam
455 4631 497 4694 et
523 4614 790 4695 discretorum
833 4614 1110 4712 dominorum,
1145 4620 1352 4718 uidelicet,
1395 4621 1575 4730 Magistri
1605 4622 1754 4706 andree
1784 4624 1970 4734 prepositi
1995 4645 2063 4725 rp·=

283 4725 466 4820 salensis,
495 4725 633 4830 Magni
657 4727 937 4833 gregorisson,
979 4728 1132 4837 birgeri-
1158 4745 1370 4838 paetaerson
1397 4731 1552 4842 legiferi
1585 4734 1793 4843 vplandie,
1836 4732 1950 4827 Rada
1975 4727 2048 4810 hel·

281 4835 455 4932 dorcon,
488 4836 690 4916 benedicti
719 4837 895 4932 booson,
936 4839 1045 4934 pari,
1080 4857 1122 4920 et
1145 4841 1303 4924 Nicolai
1319 4843 1517 4953 scolasticj
1541 4848 1849 4942 canonicorum,
1885 4841 2047 4924 instancia

280 4978 363 5062 qna
394 4968 558 5058 possum
582 4949 746 5058 postulo
775 4951 983 5049 roborari,
1006 4952 1114 5034 Jtem
1140 4981 1289 5036 reuoco
1318 4961 1495 5066 presenti
1518 4959 1670 5070 scripto
1686 4962 1823 5043 omnia
1848 4963 2050 5038 testumnta

621 5216 638 5250 θ
