4317 5975
721 447 852 521 .···
959 388 1295 512 3871»

102 624 226 725 etsie
254 620 463 734 Rescripta
495 622 724 733 principum
753 649 855 707 sano
883 624 1055 735 intelligi
1086 623 1258 709 debeant
1294 622 1510 709 intellectu.
1539 572 1684 709 Datum
1714 623 1900 710 athenis

104 762 210 815 anno
238 734 403 819 domini.
431 730 644 817 lll‘.CCC‘.
671 733 829 819 Te'rcio.
858 754 1006 848 quarto
1035 735 1102 818 die
1130 736 1295 846 pasche,
1323 738 1366 847 jn
1395 741 1779 849 presenciauostra.
1889 758 1895 769 '

714 876 834 965 sigillet
857 878 1032 963 bortlallct‚
1053 897 1175 943 remeas
1197 900 1284 967 quar.

41 1279 279 1460 ‘1392
421 1260 449 1286 ”
655 1311 870 1420 -1303
918 1310 967 1419 a.
1020 1314 1087 1420 18
1135 1312 1296 1465 Apin.
1756 1307 1998 1478 msa*-

180 1532 408 1616 lrlcbialopen
428 1531 440 1593 i
463 1530 555 1595 bonel
575 1532 696 1597 Ymm
716 1532 832 1616 διιᾶσι
853 1554 905 1597 om
927 1485 1147 1618 gudstjedatcm
1168 1532 1359 1599 lb'rrtttaodc
1379 1535 1389 1597 l
1411 1530 1517 1602 Lunds
1531 1528 1721 1615 ,Dombyrla
1741 1529 1801 1595 och
1814 1530 1897 1612 situ,

230 1614 431 1697 Ldrdagarne
452 1613 500 1676 till
520 1616 655 1697 Jungsra
676 1618 793 1687 Mariae
812 1616 874 1681 acb
895 1618 1134 1700 Thotadassarne
1156 1622 1201 1683 till
1225 1620 1271 1687 Sat
1292 1620 1448 1682 Lauremii
1470 1624 1532 1679 ara.
1565 1672 1567 1679 ,

1594 1726 1762 1795 ‚ll-1260.
1857 1741 1860 1763 ¹

205 1868 396 1947 lsannus.
426 1868 691 1975 permissione
705 1866 858 1950 diuina.
889 1866 1097 1952 lundensis
1117 1871 1459 1981 archiepiscopus.
1489 1867 1622 1947 suecia
1650 1864 1894 1975 primaselc·

97 1995 193 2058 curs.
238 1978 447 2059 Vniuersis
474 1980 702 2061 abbatibus.
744 1980 949 2089 prioribus
995 1984 1222 2092 prepositis.
1263 1981 1426 2064 decanis
1469 1977 1707 2061 rectoribus.
1738 1992 1780 2055 et
1807 1975 1896 2058 aliis
1935 1986 1944 2055 1

97 2089 352 2169 ecclesiarum
381 2090 558 2199 prelatis.
588 2092 754 2171 salutem
785 2094 825 2170 in
854 2090 1020 2174 domino
1040 2095 1334 2207 sempiternam.
1364 2088 1720 2199 Cumprophetica
1750 2086 1897 2169 clamat

98 2202 316 2281 auctoritas
343 2199 457 2311 quod
485 2203 526 2282 in
541 2203 689 2283 sanctis
710 2203 793 2283 suis
807 2202 973 2286 laudare
987 2204 1193 2288 dominum
1210 2204 1439 2290 debeamus.
1470 2202 1668 2282 Nimirum
1698 2201 1740 2281 in
1769 2202 1897 2308 ipsius

98 2326 222 2393 matre
250 2313 408 2423 virgine
436 2315 696 2396 sanctissima.
724 2330 766 2394 et
794 2313 1025 2398 beatissimo
1053 2320 1214 2399 martire
1244 2314 1459 2398 laurencio.
1490 2328 1625 2395 tutore
1639 2326 1895 2393 sacrosancte

97 2423 303 2505 lundensis
326 2424 498 2505 'ecclesie
525 2452 573 2505 ac
594 2442 778 2533 ⁴patrono
807 2429 969 2536 ympnis
997 2445 1038 2509 et
1067 2428 1234 2509 laudum
1265 2426 1477 2537 preconiis.
1504 2421 1712 2507 dominum
1741 2421 1895 2505 collau·

95 2535 192 2616 dare
225 2552 421 2617 tenemur.
449 2552 491 2616 et
519 2539 762 2643 graciarum,
790 2538 972 2646 prolerre
1008 2566 1084 2647 pro
1112 2540 1270 2622 collatis
1309 2537 1428 2621 nobis
1469 2533 1674 2617 beneficiis
1700 2534 1894 2615 actiones.

95 2646 283 2727 altissime
323 2648 525 2739 maiestati
548 2646 600 2727 ad
629 2649 707 2729 boc
742 2650 870 2730 nostri
911 2652 1079 2760 capituli
1122 2652 1339 2734 accedente
1379 2673 1590 2732 consensu.
1619 2643 1671 2725 ad
1691 2644 1893 2726 'honorem
2007 2706 2035 2747 ·.

91 2756 268 2838 eiusdem
300 2759 525 2841 beatissime
554 2761 692 2840 matris
720 2756 784 2841 dei
801 2776 841 2841 et
857 2763 1039 2870 virginis.
1069 2778 1110 2843 et
1141 2764 1288 2872 prelati
1313 2760 1589 2871 gloriosissimi
1617 2758 1803 2838 martiris.
1818 2754 1893 2837 du·

64 2872 223 2951 ·ximus
251 2869 508 2952 statuendum
537 2890 582 2952 rt
610 2871 651 2951 in
680 2869 845 2952 ecclesia
874 2890 915 2953 et
944 2872 1032 2955 aliis
1060 2874 1238 2957 ecclesiis
1280 2871 1488 2955 lundensis
1529 2871 1707 2951 ciuitatis
1736 2882 1777 2947 et
1805 2867 1893 2951 dio·

40 3009 44 3015 ’
95 2983 205 3064 cesis.
234 2981 420 3092 qualibet
448 2983 512 3065 die
527 2979 686 3066 sabbati
710 2984 751 3064 in
781 2981 972 3094 predictis
998 2987 1174 3085 ecclesiis
1202 2986 1255 3068 de
1285 2984 1439 3095 prefata
1466 2980 1694 3065 beatissima
1725 2978 1893 3088 uirgine.
2005 3031 2011 3044 ·

94 3110 134 3172 et
160 3091 228 3174 die
256 3094 373 3201 jonis.
403 3094 455 3176 de
483 3095 667 3203 predicto
694 3098 944 3188 sanctissimo
974 3101 1138 3180 martire
1167 3127 1189 3179 a
1219 3123 1384 3207 vespere
1426 3121 1553 3206 saque
1595 3093 1647 3176 ad
1683 3117 1892 3200 vesperam

93 3220 223 3285 totum
254 3204 564 3288 ecclesiasticum
594 3206 771 3288 officium
800 3210 967 3289 comiter
994 3225 1035 3288 et
1062 3210 1341 3318 sollempniter
1371 3221 1589 3317 peragatur
1617 3204 1660 3286 .Ι.
1702 3201 1893 3286 sestono·

90 3343 185 3418 trem
211 3309 443 3397 'lectionum
487 3317 667 3399 aduentu
712 3317 866 3399 domini
909 3335 950 3399 ct
992 3318 1329 3430 quadragesimali
1370 3335 1552 3432 tempore
1594 3313 1796 3396 duntaxat
1823 3335 1893 3393 ex·

95 3430 234 3536 ceptis.
265 3431 316 3508 ln
343 3430 589 3538 quibusliat.
619 3443 743 3538 prout
771 3429 857 3512 lieri
887 3437 1108 3514 consueuit.
1137 3432 1320 3543 ldeoque
1350 3428 1611 3511 deuocionem
1630 3441 1802 3506 vestram
1824 3453 1893 3506 ex·
2010 3477 2014 3490 -

93 3538 307 3618 hortamur
334 3540 375 3619 in
405 3540 582 3621 domino.
628 3567 779 3651 rosque
816 3543 1058 3652 requirimus
1093 3559 1135 3624 et
1178 3567 1395 3624 monemus.
1423 3557 1467 3622 et
1494 3541 1536 3620 iu
1565 3539 1715 3618 virtute
1756 3551 1893 3616 sancte

90 3649 330 3732 obediencie
358 3653 474 3732 vobis
503 3652 764 3760 precipiendo
781 3652 1229 3764 mandamusquatenus
1258 3653 1484 3764 predictum
1500 3665 1693 3731 statutum
1723 3645 1892 3754 diligen-

88 3775 154 3841 ter
184 3761 393 3844 obseruari
422 3765 582 3844 curetis.
613 3763 812 3872 prefatum
841 3765 1031 3845 officium.
1062 3793 1244 3846 exnunc
1274 3782 1315 3846 et
1344 3768 1383 3844 in
1414 3779 1622 3874 posterum
1652 3775 1699 3840 rt
1726 3760 1891 3866 premit·-

89 3873 193 3954 titur
221 3873 412 3956 iacientes
440 3871 598 3959 deuote.
628 3875 834 3956 humiliter
862 3891 902 3956 ct
931 3893 1097 3956 attente.
1139 3876 1352 3957 Contraria
1382 3867 1675 3958 consuetudine
1704 3897 1786 3950 non
1816 3867 1891 3946 ob·
1964 3967 1969 3976 .

2 4084 3 4087 p
87 4000 234 4066 stante.
262 4003 307 4066 vt
335 4013 412 4096 per,
437 3985 513 4067 heo
542 3985 647 4067 bona
674 4003 716 4067 et
745 3987 822 4068 alia
851 4015 932 4097 que
961 3986 1083 4067 dante
1106 3983 1184 4068 deo
1212 3985 1399 4069 feceritis.
1431 3982 1645 4094 peruenire
1672 3979 1722 4062 ad
1752 3995 1899 4060 eterna

88 4095 236 4198 gaudia
265 4097 441 4179 valeatis.
471 4099 617 4178 Datum
648 4097 772 4207 Ripis.
803 4125 909 4177 anno
938 4095 1091 4179 domini
1122 4097 1282 4180 Mccc·
1315 4097 1453 4180 tercio.
1483 4099 1557 4177 Die
1581 4093 1725 4176 mensis
1753 4088 1891 4199 aprilis

83 4205 306 4400 XVIIldln
337 4211 452 4290 cuius
481 4210 538 4288 rei
567 4211 855 4320 testimonium.
883 4209 1058 4317 sigillum
1092 4225 1273 4291 nostrum
1319 4209 1575 4322 presentibus
1603 4205 1790 4290 duximus
1818 4227 1890 4310 ap·

87 4345 228 4427 ponen
259 4347 337 4401 um.

63 4461 307 4545 vsterakrrfl:
329 4462 485 4525 statutum
506 4461 614 4524 laur-ni.
636 4463 721 4545 quod
744 4465 773 4522 in
796 4463 905 4546 quinta
928 4465 1005 4524 seria
1026 4465 1065 4526 de
1086 4476 1190 4528 sancto
1212 4463 1367 4528 laurencio
1389 4475 1419 4526 et
1440 4467 1470 4526 in
1491 4463 1628 4528 sabbatis
1650 4457 1688 4522 de
1710 4457 1801 4522 beata
1824 4459 1891 4520 rir-

1 4556 5 4571 “
563 4547 632 4630 gine
655 4557 822 4632 peragatur
843 4545 979 4609 officium
1003 4569 1073 4609 cunr
1098 4567 1209 4609 nouato
1232 4547 1423 4610 lectionibus.
