4317 5975
1005 436 1061 457 ..
1129 392 1254 493 ,354
1363 438 1424 461 ..

259 666 263 673 ·
322 626 488 789 1354.
636 657 639 661 ’
1041 624 1184 736 1302
1232 622 1382 733 Odar.
1555 668 1560 675 ·
1969 638 2056 749 Sko,
2118 730 2119 733 γ

365 885 544 949 'Garronrr
565 878 757 945 Amnrsorr
775 878 942 981 bytprbrel
1021 882 1307 967 amarllaudjurd
1329 884 1339 945 i
1361 879 1462 966 srby,
1484 898 1548 942 som
1573 878 1862 979 lemuasllunuorna
1883 884 1891 948 i
1911 884 2057 975 Slollartu,
2118 958 2119 987 p

441 975 537 1112 effi
547 984 565 1027 a
588 962 751 1029 marlland
773 985 784 1026 ι
806 964 949 1046 ὅιόὶιτΙο
973 986 995 1051 y
1025 976 1107 1029 tamt
1128 966 1290 1031 hrulande
1310 975 1370 1031 rttt
1396 966 1443 1027 till
1464 974 1509 1027 etl
1531 962 1611 1045 &dre
1639 964 1802 1027 markland
1824 964 1963 1035 dersttder
1980 978 1987 1039 i
2004 976 2058 1041 lum
2117 988 2119 1071 l

440 1051 491 1113 ω
539 1093 548 1113 ’
1850 1132 1882 1186 n.
1899 1134 1958 1189 aa.
2117 1104 2119 1183 l

2117 1224 2119 1257 l

419 1300 632 1382 Vniuersis
659 1299 713 1381 ad
741 1273 844 1411 quos
872 1326 1037 1413 presens
1064 1304 1261 1411 seriptum
1283 1302 1516 1412 peruenerit
1543 1300 1918 1383 Goruonrauslilius
1943 1328 2058 1390 aaran
2117 1258 2119 1345 l

307 1414 474 1496 salutem
504 1415 547 1493 in
576 1410 742 1494 domino
771 1416 1077 1523 sempiternam,
1105 1413 1359 1495 uniuersitati
1388 1430 1519 1495 vestre
1548 1429 1690 1495 notum
1708 1413 1811 1494 lario
1828 1440 1889 1494 rue
1915 1444 1993 1496 cum
2016 1446 2059 1499 ra·

306 1521 498 1607 uerendis
525 1522 767 1605 dominabus
794 1522 962 1606 claustri
989 1524 1063 1606 slro
1092 1526 1434 1635 permutacionem
1464 1524 1697 1634 prediorum
1727 1524 1769 1615 in
1802 1525 1908 1606 bunc
1934 1528 2057 1610 modun

304 1637 462 1732 fecisse,
491 1636 695 1744 assignaui
725 1634 917 1745 predictis
945 1635 1187 1719 dominabus
1220 1634 1321 1717 duas
1350 1662 1506 1716 marcas
1542 1652 1650 1716 terre
1678 1638 1719 1717 in
1748 1639 1858 1716 curia
1885 1664 1962 1717 mea
1986 1640 2058 1747 aehy

304 1776 384 1859 pro
414 1744 573 1829 duabus
605 1747 748 1826 mareis
778 1748 817 1825 in
844 1748 1092 1847 sipkarlahi
1134 1776 1226 1830 eum
1269 1746 1458 1828 domibus
1487 1764 1527 1827 et
1555 1750 1666 1827 omui
1704 1748 1960 1856 suppellectili
1984 1754 2058 1831 siant

304 1858 424 1942 nobis
453 1858 665 1953 conuenit,
694 1854 886 1940 adhibitis
913 1857 1136 1943 secundum
1166 1859 1272 1969 leges
1300 1874 1407 1941 terre
1449 1858 1619 1939 testibus
1647 1875 1687 1940 et
1715 1858 1899 1967 firmarijs
1925 1862 1986 1970 qui
2007 1862 2059 1941 nl·

304 1972 456 2081 gariter
484 1965 678 2050 dicuntur
704 1968 847 2069 lastar,
875 1969 1059 2052 Terciam
1084 1986 1217 2053 autem
1250 1971 1477 2050 marcam'in
1496 1970 1674 2078 predicta
1703 1971 1815 2050 curia
1844 1970 2057 2070 spolarlabi.

203 2109 207 2115 ·
305 2082 446 2162 fauore
475 2096 517 2161 et
544 2080 800 2189 heneplacito
826 2109 901 2193 suo
929 2082 1131 2191 sepedicto
1161 2081 1325 2163 domine
1354 2108 1431 2191 pro
1458 2084 1540 2161 vita
1574 2110 1658 2162 mea
1689 2082 1785 2162 mihi
1816 2082 2057 2178 exhibuerunt,

217 2290 222 2297 ,
305 2195 381 2276 hae
409 2193 592 2289 racione,
618 2206 665 2271 rt
693 2210 786 2301 post
814 2207 982 2273 mortem
1010 2220 1139 2275 meam
1169 2194 1321 2303 absque
1356 2196 1465 2273 omni
1496 2190 1691 2274 heredum
1735 2218 1911 2273 meorum
1937 2210 2058 2273 conua-

305 2304 483 2387 dictione
511 2302 638 2385 libere
668 2304 847 2412 poterint
875 2304 1013 2386 ssibus
1040 2306 1123 2384 suis
1151 2306 1472 2415 prenominatam
1497 2332 1669 2385 marcam
1705 2330 1899 2386 reuocare
1925 2332 1967 2385 ac
1989 2332 2058 2383 reu·

305 2416 461 2515 dicare,
505 2416 557 2496 ln
599 2413 714 2495 cuius
740 2416 801 2497 rei
829 2416 1101 2499 testimonium
1132 2414 1307 2524 sigillum
1335 2444 1469 2496 meum
1498 2444 1588 2495 curn
1616 2415 1752 2524 sigillo
1781 2412 1930 2495 domiui
1957 2414 2058 2522 Magni

302 2553 522 2639 gregerson
550 2526 807 2638 presentibus
834 2544 895 2611 est
922 2554 1165 2639 appensum,
1192 2530 1340 2609 Datum
1372 2526 1446 2609 sko
1474 2556 1581 2608 anno
1610 2524 1764 2609 domini
1794 2526 2044 2608 Maccctlr.

1050 2702 1180 2787 Sigillen
1209 2702 1354 2769 sladade.

218 3164 221 3171 ,
311 3067 480 3177 1355.
617 3083 621 3090 ’
959 3066 1100 3176 1'302
1150 3066 1199 3173 a.
1253 3069 1289 3184 a
1342 3071 1450 3174 ran.
1885 3029 2058 3211 signo.

381 3323 533 3407 birlopen
554 3321 655 3385 Yaus
677 3323 686 3384 i
708 3321 873 3405 Strengults
903 3323 1008 3408 dppaa
1039 3319 1231 3386 mmrdaude
1261 3321 1312 3384 thr
1343 3332 1557 3406 prestmannen
1591 3290 1745 3384 lebannes
1781 3323 1790 3383 i
1822 3318 1992 3382 Tharraund
2013 3334 2058 3378 aaa

433 3405 549 3469 ernado
570 3404 673 3467 lardus
693 3406 880 3485 utomlandr,
902 3406 952 3468 ΐόι·
972 3416 1019 3469 att
1039 3405 1165 3467 studera
1187 3403 1248 3466 och
1270 3405 1384 3468 heslila
1406 3407 1471 3466 aina
1494 3403 1655 3466 l'o'rtldrar.

1784 3551 2015 3626 haffn·

411 3687 612 3770 Omnibus
654 3704 861 3797 presentes
904 3688 1058 3770 litteras
1095 3687 1360 3797 inspecturis,
1404 3709 1553 3770 rannus
1595 3687 1661 3772 dei
1701 3689 1840 3798 gracia
1883 3688 2058 3797 episcopus

298 3802 582 3910 strenguensis·
605 3799 774 3880 salutem
803 3801 846 3882 in
875 3797 1040 3882 domiuo
1083 3803 1385 3908 sempiternam,
1430 3825 1506 3908 pro
1540 3799 1792 3898 exhibitore,
1821 3796 2056 3910 presencium,

297 3910 446 3994 dilecto
474 3911 623 3993 clerico
649 3928 812 4008 nostro,
855 3913 1030 3993 Domino
1066 3910 1253 3993 iohanne
1284 3909 1534 4020 parochiano
1576 3911 1836 3994 ecclesiarum
1866 3913 1907 3992 in
1934 3908 2057 3990 Tharsa

297 4041 339 4104 et
370 4023 517 4127 Elteby
544 4023 578 4135 *l
625 4024 698 4133 qui
725 4023 860 4133 gracia
904 4021 1028 4104 studii
1068 4039 1110 4103 et
1140 4024 1386 4104 visitacionis
1427 4039 1641 4132 parentum
1681 4051 1801 4106 suum
1846 4037 1954 4104 extra
1992 4041 2057 4121 reg·

295 4161 396 4214 num
421 4139 613 4232 aureole„
624 4133 804 4242 jntendit
832 4135 1032 4244 proficisci
1075 4135 1375 4233 uniuersitatem
1418 4151 1587 4216 vestram
1632 4137 1809 4246 petimus
1836 4151 1878 4216 et
1905 4149 2056 4240 rogamus

294 4262 341 4326 vt
369 4248 501 4356 ipsum
530 4245 583 4332 ad
610 4272 683 4328 ros
710 4243 979 4328 diuertentem
1007 4245 1138 4328 velitis
1166 4243 1340 4356 benigne
1367 4248 1565 4354 recipere,
1602 4275 1651 4330 ac
1678 4249 1907 4330 humaniter
1933 4256 2056 4354 pertra-

294 4373 426 4454 ctare,
466 4356 722 4440 admittentes
762 4353 931 4439 eumad
959 4355 1206 4440 sacerdotale
1234 4357 1412 4440 officium
1439 4357 1566 4440 libere
1593 4359 1899 4470 exsequendum
1935 4381 1998 4436 uer
2019 4349 2055 4429 sl·

187 4471 208 4534 ἵ
293 4485 435 4550 nentes
463 4470 540 4552 sibi
568 4468 615 4576 jn
641 4465 783 4580 aliquo
810 4468 1001 4579 iniuriam
1028 4471 1115 4552 lieri
1145 4467 1207 4552 rel
1237 4497 1469 4580 grauameu,
1497 4471 1647 4568 Datum
1676 4471 1856 4582 Sigarra
1883 4467 1981 4550 anno
2002 4460 2055 4544 dc»

295 4580 410 4677 mini,
439 4579 718 4679 M',CCC⁰II.',
746 4578 813 4664 die
840 4579 938 4662 lune
969 4577 1078 4689 julra
1109 4596 1293 4666 octauam
1323 4581 1575 4695 Epiphania.
1665 4665 1668 4672 .

294 4763 568 4794 namqu—nann-

334 4828 361 4903 ‘l
381 4823 484 4890 Slutct
503 4825 539 4888 al
555 4834 682 4890 namnet
703 4821 882 4890 l'o‘rlertadt
900 4821 963 4892 och
982 4821 1148 4910 ffinyaigc
