4317 5975
784 410 1033 586 fill?
1143 478 1203 501 ···

135 657 265 771 1080.
616 706 619 714 ·
690 674 857 811 ,ἰρφ
878 662 958 811 ‘gd-
996 666 1260 810 ‚hbethttg
1543 770 1551 785 ,
1615 659 1894 810 Tbntlltttff

124 934 126 941 .
183 863 425 1007 tapetum·
460 863 706 967 ,afflictantes
719 863 994 962 ,enumeres
1007 864 1303 951 ÷Gr⁵uvs¹d..ium·
1321 866 1394 942 aas,
1416 862 1621 1010 depellas
1644 868 1811 957 nessus
1837 867 1895 927 m-

253 957 329 1024 eter,
351 968 401 1007 me
446 940 551 1027 uttagg
573 948 661 1008 tfveu
683 948 720 1030 af
735 950 776 1030 de
797 948 992 1031 stltrgbeterg
1013 968 1236 1031 ¹sangenon¹
1253 960 1400 1033 mactateu
1414 969 1439 1033 ,a
1499 1010 1503 1017 ,
1524 969 1619 1034 nistre⁸¹
1636 948 1698 1026 und
1718 972 1734 1016 ι·
1753 934 1892 1032 l§vensis

176 1062 183 1075 ·
227 1030 409 1130 KPllllllss‘l.
425 1030 554 1111 Magnus
576 1030 615 1092 Its
637 1026 841 1093 bemedlaude
863 1032 966 1094 blisvit
984 1032 1025 1113 .⁸f
1042 1030 1215 1111 Kouuugen
1237 1036 1247 1094 i
1269 1033 1398 1111 Norrige
1421 1027 1598 1177 besttmdss³
1618 1132 1642 1167 e·
1660 1027 1685 1168 '²
1706 1072 1770 1187 ¹34·-

210 1245 425 1347 Hn'Quruus
454 1239 519 1331 dei
548 1254 679 1361 gracia
710 1247 804 1332 Dux
835 1224 1052 1361 Norweg'ie
1083 1255 1180 1332 viris
1208 1250 1397 1361 prouidis
1433 1251 1474 1328 &
1508 1248 1699 1350 honestis,
1719 1239 1812 1335 sibi
1849 1256 1894 1361 in

26 1376 27 1393 ¹
114 1360 447 1467 Christoldilectis
477 1356 722 1445 Consulibus
751 1369 790 1442 ἃ
819 1368 1022 1445 communi
1051 1366 1236 1459 Ciuitatis
1265 1359 1499 1473 Gripsvold,
1536 1358 1704 1459 salutem
1742 1363 1782 1445 in
1820 1354 1893 1471 doff

114 1472 529 1583 mino'sempiteru'am'.
588 1476 805 1585 Cupientes
834 1493 966 1555 vestre
995 1466 1181 1557 Ciuitatis
1201 1466 1366 1571 incolas,
1395 1468 1445 1554 ad
1482 1463 1894 1591 Ducatnm'nos‘tr‘um

114 1586 317 1686 venientes,
347 1586 452 1664 sicut
494 1584 673 1693 fecerunt
717 1582 998 1695 progenitores
1041 1592 1181 1685 nostri,
1225 1585 1505 1667 fauorabiliter
1544 1599 1805 1697 pertractare,
1847 1618 1893 1669 ac
1923 1594 1928 1602 ’

115 1696 438 1787 immunitates&
466 1696 670 1777 libertates
700 1728 846 1806 augere
876 1700 1024 1807 potius,
1053 1730 1176 1809 quam
1213 1701 1405 1791 minuere,
1447 1694 1650 1804 quamdiu
1678 1701 1783 1779 cirea
1820 1728 1893 1781 nos

115 1808 327 1888 &nostros
357 1810 489 1886 ue'stre
520 1805 747 1891 deuotionis
785 1810 1110 1891 beneuolentiam
1154 1812 1396 1919 experimur.
1450 1807 1724 1901 'Vniuersitati
1762 1826 1894 1891 vestre
1940 1866 1944 1871 -
2073 1796 2080 1829 ¹

113 1935 236 1998 notum
263 1919 439 2021 iacimus
469 1942 539 2027 per
569 1938 785 2029 presentes,
823 1920 935 2031 quod
971 1952 1044 2017 nos
1088 1920 1141 2001 ad
1182 1924 1416 2031 petitionem
1457 1928 1497 2002 8r
1536 1923 1769 2015 instantiam
1814 1921 1894 2002 dis·

114 2032 197 2117 creti
225 2036 265 2111 &
295 2030 451 2110 honesti
482 2027 558 2111 viri
588 2034 780 2111 lobannis
809 2031 858 2111 de
888 2034 1132 2121 Baanunui
1162 2034 1298 2131 vestri,
1328 2034 1501 2140 rigorem
1529 2024 1630 2144 legis
1659 2049 1796 2141 nostre
1812 2030 1894 2113 ser}

80 2170 195 2225 -uare
222 2137 376 2221 debent
406 2140 605 2250 indigene,
634 2141 746 2255 qtsod
775 2140 826 2227 ad
854 2142 1035 2225 homines
1065 2164 1217 2252 vestros
1247 2142 1468 2242 dominium
1506 2152 1699 2224 nostrum
1730 2146 1893 2241 visitan·
1935 2146 1942 2159 '

113 2259 171 2350 les,
198 2269 241 2332 ut
274 2250 764 2363 hospitestemperantes,
795 2253 890 2363 ipsis
920 2244 1160 2365 desspec'iali
1193 2258 1322 2363 gratia
1363 2251 1551 2339 duximus
1586 2244 1893 2365 indulgendum,
2016 2322 2019 2337 .

113 2363 208 2473 quud
244 2393 340 2445 cum
369 2363 515 2473 aliquis
545 2395 621 2473 pro
657 2363 804 2445 delicto
848 2361 896 2447 ad
940 2364 1123 2447 vltimum
1166 2366 1410 2477 supplicium
1452 2370 1504 2449 sit
1554 2360 1772 2464 ducendus,
1815 2368 1894 2477 ipsi
1989 2371 1991 2384 '

115 2502 190 2557 cum
217 2476 336 2585 sequi
367 2477 528 2555 minime
557 2493 780 2557 teneantur.
837 2474 937 2556 Item
982 2508 1073 2558 cum
1117 2476 1167 2557 ad
1210 2496 1421 2587 capturam
1466 2478 1649 2559 allecium
1691 2480 1890 2574 venerint,

113 2586 204 2667 licite
233 2601 407 2695 possunt
437 2614 585 2667 meroes
614 2615 705 2668 suas
733 2590 775 2666 in
804 2592 921 2667 terris
961 2590 1108 2669 nostris
1153 2588 1369 2697 deponere,
1418 2590 1571 2671 Balliui.
1607 2588 1766 2668 licentia
1811 2590 1894 2668 no‘n

112 2699 232 2807 petita.
292 2694 402 2776 Idem
431 2699 464 2776 si
501 2696 670 2780 decedat
705 2698 851 2807 aliquis
889 2701 928 2777 in
962 2699 1142 2780 dominio
1171 2719 1310 2781 nostro
1339 2701 1452 2781 cuius
1480 2702 1593 2781 heres
1622 2717 1681 2778 est
1714 2701 1757 2781 in
1795 2701 1895 2780 ciui·

113 2824 183 2907 tate
206 2824 344 2911 restra
375 2806 568 2917 predicta,
597 2808 703 2889 illius
732 2808 987 2907 conditionis,
1058 2807 1151 2900 uod,
1177 2838 1254 2918 pro
1290 2811 1462 2920 peteuda
1501 2807 1722 2890 hereditate
1756 2892 1766 2919 r
1815 2812 1896 2926 ius·

114 2918 322 3002 uottfnon
353 2936 486 3030 potest
516 2922 783 3029 personaliter
811 2839 1198 3018 aduenire,(iicrtutn
1228 2932 1288 3003 est
1311 2926 1346 3003 ei
1384 2922 1436 3002 ad
1472 2917 1746 3030 optinendum
1808 2914 1895 3003 ere·

113 3029 264 3116 ditatam
297 3033 418 3116 talem
458 3051 762 3140 procuratorem
798 3031 998 3119 destinare
1040 3033 1262 3143 legitimum
1303 3031 1410 3117 inira
1458 3062 1621 3128 mnum,
1645 3035 1719 3114 ita
1763 3032 1896 3142 quod,
1978 3125 1983 3139 ι

35 3227 38 3240 ,
112 3161 180 3224 tan
207 3172 335 3253 super
363 3143 434 3223 illo
463 3173 587 3253 quare
617 3144 881 3252 personaliter
912 3147 1047 3224 venire
1076 3161 1263 3253 nequeat,
1292 3136 1414 3254 quam
1450 3149 1490 3223 8(
1522 3142 1636 3254 quod
1661 3142 1808 3224 nullus
1844 3144 1896 3224 sit

114 3272 347 3362 procurator
376 3256 461 3335 veri
497 3255 655 3336 heredis
689 3263 728 3335 8(
771 3254 949 3362 legitimi,
994 3257 1282 3343 testimoniales
1322 3255 1469 3335 habeat
1511 3256 1664 3336 litteras
1707 3255 1895 3336 ciuitatis.

114 3367 224 3470 Quod
254 3369 296 3448 si
325 3366 405 3458 fiat,
435 3386 518 3446 non
547 3365 668 3446 debet
696 3393 818 3474 super
847 3366 914 3448 illa
943 3365 1151 3447 herediate
1178 3395 1252 3475 per
1280 3393 1524 3478 quemquam
1554 3365 1603 3446 de
1632 3367 1780 3461 uostris
1808 3367 1897 3446 offi-

111 3478 270 3560 cialibus
301 3476 367 3561 uel
396 3476 484 3558 aliis
513 3475 709 3585 impediri.
768 3478 1028 3558 Declaramus
1057 3481 1109 3570 δι,
1138 3476 1250 3588 quod
1290 3480 1324 3559 si
1352 3479 1500 3587 aliquis
1542 3479 1733 3558 iuuentus
1775 3478 1898 3561 iuer'it
1964 3493 1972 3506 “

111 3585 250 3670 babere
281 3586 451 3669 farinam
480 3587 620 3668 ialsam
649 3589 713 3668 vel
742 3588 838 3668 alias
867 3587 983 3670 falsas
1012 3591 1079 3669 resx
1103 3590 1338 3686 consimiles,
1382 3587 1505 3671 debet
1533 3617 1732 3671 excusare
1767 3619 1808 3672 se
1836 3591 1898 3675 iu-
2010 3567 2042 3636 Χ·

112 3697 285 3782 ramento
315 3726 403 3796 suo,
431 3699 543 3810 quod
577 3699 677 3780 illud
708 3699 854 3780 falsum
882 3729 966 3782 non
995 3701 1193 3780 commisit
1222 3729 1295 3780 nec
1323 3701 1400 3780 suit
1428 3700 1536 3780 illius
1571 3702 1758 3781 conscius
1782 3700 1898 3780 ¹falsi·

113 3813 205 3894 tatis.
264 3814 486 3920 Postquam
517 3825 649 3894 {antem
679 3813 946 3892 iuramentum
976 3811 1056 3892 tale
1086 3813 1318 3920 prostiterit,
1354 3810 1475 3891 debet
1505 3813 1684 3919 emptori
1729 3812 1899 3920 pecunia

112 3942 174 4004 tua
200 3922 364 4004 restitui
391 3926 432 4002 St
457 3920 603 4002 falsum
632 3920 863 4004 huiusmodi
890 3919 1043 4003 destrui
1072 3951 1154 4003 nou
1191 3924 1377 4031 imposita
1420 3949 1522 4029 pena
1566 3921 1643 4002 alia
1685 3923 1912 4028 venditori.
1968 3959 1971 3977 ·
2058 3906 2062 3926 ¹

113 4031 166 4114 td
186 4061 330 4142 preces
358 4035 528 4142 iusuper
555 4035 692 4116 nuncii
721 4034 846 4114 vestri
875 4033 1048 4142 predicti
1076 4034 1270 4114 articulos
1297 4033 1414 4114 vobis
1449 4059 1499 4112 ea
1537 4048 1652 4141 parte
1689 4031 1900 4114 dilectissi-

112 4147 158 4224 ‘uri
185 4144 325 4228 fratris
352 4146 481 4228 nestri
523 4141 677 4226 domini
713 4146 834 4255 Regis
856 4145 1071 4254 Ndrwegic
1099 4173 1310 4226 concessos
1360 4173 1433 4254 per
1481 4144 1693 4225 arbitrium
1734 4145 1900 4227 Domini

114 4253 239 4365 Magni
267 4255 477 4367 qnondam
492 4256 628 4364 Regis
655 4255 863 4339 Sweorum
892 4256 1060 4338 illustris
1109 4254 1220 4366 apud
1261 4257 1529 4337 Galmarniam
1573 4257 1715 4337 vestris
1757 4254 1902 4340 incolis
1985 4355 2026 4373 1·
2098 4376 2102 4387 Β

113 4365 156 4448 sd
182 4367 408 4453 dominium
436 4384 620 4450 nostrum
649 4369 903 4457 venientibus
939 4369 991 4450 de
1015 4368 1190 4478 ¹speciali
1229 4371 1357 4477 gratia
1391 4366 1640 4450 decrevimus
1676 4366 1924 4452 concedes--

115 4476 190 4577 dos,
216 4496 422 4588 rogantes,
451 4497 497 4562 ut
526 4479 708 4560 homines
733 4478 981 4578 dilectissimi
1002 4479 1140 4569 fratris
1160 4481 1299 4561 nostri
1326 4485 1367 4560 8ι
1396 4497 1568 4574 nostros,
1597 4479 1742 4560 advos
1778 4477 1901 4559 deeli-

114 4606 261 4688 nantes,
292 4590 499 4700 recipiatis
527 4589 806 4674 fauorabiliter
835 4597 875 4672 8r
910 4591 1092 4675 honeste.
1162 4592 1211 4672 In
1244 4587 1573 4701 supradictorum
1615 4607 1748 4670 autem
1792 4589 1903 4678 testi·

116 4703 288 4784 monium
316 4701 501 4811 Sigillum
529 4719 716 4784 nostrum
743 4703 999 4816 presentibus
1025 4721 1087 4792 est
1113 4732 1349 4814 appensum.
1385 4706 1481 4784 Data
1508 4700 1767 4808 Tuusbergis,
1785 4705 1902 4781 Auno
2032 4767 2035 4774 .

116 4809 197 4894 Deir
223 4813 361 4896 MCC.
391 4815 661 4922 Nonagesimo
690 4815 882 4914 secunde,
912 4817 956 4896 iu
984 4815 1365 4928 die.Assumptionis
1381 4816 1505 4896 Marie
1521 4813 1701 4922 Virginis
1717 4813 1901 4919 gloriose.
