4317 5975
986 403 1406 485 ..192..

230 678 233 682 .
281 598 522 707 postulatus,
550 610 642 678 ante
672 596 946 705 receptionem
984 598 1109 707 pallei
1144 601 1254 681 viam
1298 598 1484 679 universa
1524 595 1660 679 carnis
1705 597 1905 705 ingresso,
1947 601 2082 708 prefati

283 710 513 817 Propositus
541 722 581 787 et
611 707 843 816 Capitulum
872 713 1025 791 vocatis
1053 710 1263 806 omnibus,
1291 710 1363 819 qui
1391 709 1634 805 voluerunt,
1674 707 1921 805 debuerunt,
1948 728 1988 790 ct
2013 738 2078 820 po·

283 826 452 901 tnerun‘t
481 816 650 898 comode
679 820 890 916 interesse,
921 820 986 901 die
1015 822 1068 904 ad
1097 818 1327 931 eligendum
1357 822 1510 929 prefixa
1539 836 1586 899 ut
1614 821 1738 901 moris
1767 839 1827 901 est
1853 826 2080 905 convenien-

284 950 342 1013 tes
372 934 411 1010 in
442 956 565 1009 unum
596 946 636 1009 et
665 926 839 1040 Spiritus
875 932 1009 1014 Sancti
1053 935 1183 1042 gratia
1226 934 1436 1028 invocata,
1478 930 1751 1013 deliberantes
1779 933 1821 1011 in
1862 930 2080 1039 hujusmodi

284 1043 448 1151 negotio
477 1069 551 1148 per
580 1043 683 1121 viam
712 1043 925 1151 scruptinii
955 1044 1186 1152 procedere,
1219 1043 1319 1123 Tres
1347 1071 1397 1125 ex
1424 1042 1536 1125 dicto
1565 1040 1758 1151 Capitulo
1780 1040 1965 1122 videlicet
1988 1044 2078 1125 Ere·

283 1154 447 1235 rardum
480 1151 771 1250 Presbitcrum,
799 1153 1025 1236 Gerardum
1055 1157 1292 1250 Diaconum,
1320 1170 1361 1235 ct
1389 1157 1605 1260 Emingum
1632 1151 1937 1235 Subdiaconum
1958 1154 2078 1235 Cano·

284 1264 601 1373 nicosejusdem
631 1264 828 1361 Ecclesie,
856 1263 907 1347 ad
931 1264 1194 1348 scrutandum
1224 1294 1269 1348 ea
1299 1268 1405 1364 vice,
1443 1283 1483 1347 ct
1511 1266 1764 1374 singulorum
1792 1268 1970 1345 omnium
1997 1284 2080 1347 vota

247 1392 251 1399 '
284 1376 528 1457 unanimiter
557 1390 596 1453 ct
624 1375 883 1456 concorditer
910 1376 1145 1487 elegerunt,
1181 1380 1254 1487 qui
1283 1379 1514 1460 secedentes
1543 1380 1586 1458 in
1618 1390 1797 1484 partem,
1840 1376 1944 1455 votis
1984 1379 2080 1485 ipso·

284 1517 385 1582 rum,
415 1506 455 1567 et
484 1486 662 1567 omnium
692 1486 944 1596 singulorum
975 1490 1206 1599 exquisitis,
1237 1506 1277 1570 te
1304 1504 1404 1569 tunc
1432 1490 1639 1569 Decanum
1670 1489 1797 1595 ipsius
1823 1486 2013 1569 Ecclesie
2039 1491 2077 1569 in

220 1672 222 1680 ,
286 1599 449 1679 remotis
478 1614 656 1705 agentem
687 1598 728 1677 in
766 1625 906 1679 eorum
935 1615 975 1680 et
1004 1599 1187 1709 predicte
1218 1600 1465 1707 Vpsallensis
1508 1599 1684 1679 Ecclesie
1726 1597 2072 1707 Archiepiscopum

285 1710 514 1818 clegerunt,
549 1724 691 1788 contra
721 1738 842 1818 quam
869 1709 1104 1793 electionem
1133 1709 1185 1791 de
1213 1727 1254 1791 te
1284 1709 1449 1807 factam,
1477 1727 1519 1791 et
1547 1709 1634 1818 ejus
1662 1736 1894 1816 processum
1933 1736 2002 1818 per
2027 1711 2078 1792 di·

286 1824 431 1901 lectum
447 1820 572 1901 lilium
588 1820 784 1901 Karolum
804 1821 963 1907 Edendi
993 1824 1245 1903 Canonicum
1272 1823 1400 1932 ipsius
1428 1823 1607 1903 Ecclesie
1635 1836 1736 1901 tunc
1756 1822 1798 1900 in
1814 1821 1993 1900 Romana
2009 1821 2078 1903 Cu·

195 1948 206 1953 ’
286 1936 344 2013 ria
373 1934 566 2015 existente
592 1932 729 2013 extitit
758 1932 1025 2042 appellatum,
1053 1953 1095 2015 et
1123 1937 1288 2042 negotio
1318 1935 1406 2040 ipso
1435 1932 1487 2013 ad
1527 1930 1671 2014 Sedem
1721 1929 1891 2031 eandem
1922 1932 2077 2037 legitime

286 2043 490 2137 devoluto,
517 2042 688 2123 dilectus
717 2042 822 2125 lilius
862 2044 1002 2126 Frater
1043 2050 1185 2127 Petrus
1227 2043 1277 2124 de
1314 2045 1505 2125 Murrone
1548 2061 1646 2123 tunc
1688 2043 1915 2123 Celestinus
1942 2046 2010 2123 PP.
2036 2044 2076 2122 V.

285 2152 546 2235 Predccessor
574 2170 723 2249 nomer,
752 2184 910 2237 causam
938 2157 1149 2238 electionis
1174 2156 1407 2263 hujusmodi
1436 2156 1554 2236 nobis
1586 2171 1684 2235 tunc
1712 2154 1822 2235 tituli
1852 2153 1891 2234 S.
1928 2154 2077 2234 Martini

239 2300 243 2307 ·
286 2273 326 2345 in
355 2264 561 2347 Montibus
588 2266 819 2347 Presbitero
847 2267 1055 2349 Cardinali
1085 2264 1375 2350 discutiendam
1404 2268 1621 2362 commisit,
1656 2265 1777 2346 nobis
1818 2268 1957 2376 itaque
1995 2282 2077 2345 ante
2143 2262 2147 2267 ’

285 2378 573 2457 discussionem
604 2377 823 2485 plenariam
855 2379 1063 2464 electionis
1092 2380 1274 2486 predicte
1301 2379 1406 2459 sicut
1435 2379 1610 2461 Domino
1647 2376 1802 2486 placuit
1836 2376 1891 2459 ad
1937 2379 2076 2485 apicem

285 2488 533 2596 apostolatus
561 2491 787 2596 assumptis„
816 2506 862 2569 tu
893 2493 1061 2599 cupiens
1087 2506 1159 2569 tue
1186 2489 1394 2599 provideri
1421 2490 1570 2599 quieti,
1600 2487 1682 2595 juri
1710 2490 1745 2566 si
1786 2482 1901 2597 quod
1945 2487 2016 2569 tibi
2041 2488 2076 2565 in

285 2601 480 2679 electione
511 2598 742 2707 hujusmodi
771 2603 961 2683 extiterat
990 2603 1231 2711 acquisitum
1260 2601 1303 2679 in
1338 2603 1486 2681 nostris
1521 2598 1706 2680 manibus
1741 2600 1985 2679 renuntiasti
2016 2625 2075 2677 ex·

285 2739 430 2818 presse.
488 2712 573 2791 Nos
601 2727 734 2789 autem
763 2712 998 2820 hujusmodi
1026 2712 1324 2802 renuntiatione
1352 2728 1529 2822 recepta,
1557 2708 1607 2793 ad
1643 2712 1920 2819 provisionem
1963 2710 2075 2819 ipsius

283 2823 460 2903 Ecclesia
488 2820 703 2902 salutarem
731 2819 867 2906 debita
897 2825 1058 2907 solertia
1087 2839 1399 2933 consurgentes,
1434 2840 1482 2903 ut
1510 2824 1638 2929 ipsam
1667 2821 1926 2903 advertamus
1959 2851 1981 2900 a
2019 2819 2070 2900 di·

283 2932 459 3044 spendiis
486 2959 567 3043 que
596 2933 727 3015 solent
756 2935 942 3022 Ecclesiis
970 2963 1020 3017 ex
1050 2938 1260 3020 vacatione
1284 2934 1446 3020 diutina
1474 2933 1714 3044 provenire,
1743 2934 1783 3014 in
1813 2948 1855 3014 te
1883 2948 1979 3015 tunc
2004 2933 2071 3012 De·

283 3073 427 3150 canum
457 3045 582 3152 ipsius
612 3046 786 3126 Ecclesie
815 3065 861 3127 ut
894 3050 1163 3157 premittitur,
1193 3075 1314 3156 quem
1343 3045 1640 3155 fidedignorum
1669 3045 1901 3128 testimonio
1934 3043 2072 3151 accepi·

283 3185 370 3237 mus
398 3159 635 3251 virtuosum,
664 3157 803 3238 oculos
832 3158 1051 3239 direximus
1080 3175 1218 3238 nostre
1248 3159 1401 3255 mentis,
1429 3174 1636 3266 sperantes
1668 3158 1711 3238 in
1740 3160 1932 3253 Domino,
1973 3151 2071 3264 quod

285 3298 355 3376 per
383 3268 647 3348 ministerium
676 3284 745 3348 tue
777 3269 1060 3364 sollicitudinis
1089 3287 1129 3348 et
1158 3271 1318 3350 virtutis
1347 3267 1503 3378 prelata
1528 3269 1703 3350 Ecclesia
1722 3271 1765 3348 in
1780 3271 2068 3377 prosperitatem

281 3394 496 3488 consurget
525 3395 717 3486 optatam,
746 3397 786 3460 et
814 3381 984 3462 brachio
1011 3381 1295 3462 consolationis
1323 3382 1497 3460 subnixa
1511 3382 1554 3460 in
1569 3380 1850 3490 spiritualibus
1866 3396 1907 3459 et
1932 3396 2071 3485 tempo-

281 3490 434 3571 ralibus
462 3507 627 3570 auctore
658 3493 832 3572 Domino
861 3494 985 3600 gratis
1015 3492 1198 3599 proficiet
1223 3494 1491 3588 incrementis,
1513 3490 1572 3571 Te
1598 3492 1676 3602 ipsi
1690 3491 1919 3600 Vpsallensi
1947 3486 2069 3569 Eccle-

281 3605 337 3681 sie
364 3597 414 3681 de
444 3601 615 3682 fratrum
644 3619 875 3684 nostrorum
907 3603 1088 3698 consilio,
1117 3602 1346 3713 preficimus
1375 3605 1416 3682 in
1431 3603 1789 3713 Archic'piscopum
1804 3622 1846 3688 et
1870 3617 2068 3711 pastorem,

280 3729 350 3793 tue
380 3712 632 3821 providentie
675 3744 811 3797 curam
847 3731 889 3795 et
925 3715 1312 3795 administrationem
1354 3713 1480 3822 ipsius
1520 3715 1696 3794 Ecclesie
1739 3715 1999 3823 spiritualiter
2034 3723 2069 3787 ct

269 3823 556 3932 ‚temporaliter
583 3827 896 3923 committendo,
926 3855 971 3906 ac
1001 3823 1255 3935 postmodum
1285 3823 1412 3904 tibia
1445 3827 1546 3904 Ven.
1583 3827 1724 3905 Fratre
1751 3843 1893 3912 nostro
1928 3826 1963 3905 J.
1997 3819 2069 3900 Tu·

281 3939 428 4017 sculan.
486 3937 690 4046 Episcopo
727 3940 777 4020 de
807 3937 996 4018 mandato
1026 3955 1164 4019 nostro
1195 3962 1361 4014 munere
1391 3937 1706 4016 consecrationis
1749 3939 1949 4044 impenso,
1994 3929 2068 4040 pal·

282 4049 385 4130 lenm
417 4046 467 4126 dc
496 4074 667 4156 corpore
696 4051 737 4131 B.
767 4053 874 4131 Petri
904 4066 1107 4158 sumptum
1138 4049 1291 4156 insigne
1322 4046 1534 4152 pastoralis
1545 4046 1683 4143 officii,
1711 4075 1735 4128 a
1765 4065 1805 4127 te
1835 4069 2068 4152 cumcaqua

282 4159 416 4244 decuit
444 4159 631 4248 instantia
664 4160 909 4268 postulatum
940 4164 1013 4242 tibi
1045 4189 1116 4267 per
1145 4159 1314 4240 dilectos
1342 4157 1445 4237 lilios
1474 4159 1675 4242 Matheum
1709 4159 1858 4241 Sancte
1887 4157 2008 4238 Maric
2032 4153 2067 4229 in

281 4272 443 4350 Porticu
459 4269 718 4360 Guillclmum
735 4272 870 4352 Sancti
888 4272 1043 4352 Nicolai
1073 4272 1116 4349 in
1137 4272 1306 4352 Carcerc
1334 4266 1527 4362 Tulliam,
1550 4285 1591 4351 ct
1623 4268 1882 4350 Benedictum
1897 4267 2065 4347 Sanctor.

281 4382 425 4460 Cosme
452 4397 491 4460 ct
520 4383 704 4464 Damiani
734 4383 934 4464 Diaconos
963 4381 1208 4474 Cardinales,
1236 4379 1407 4476 ,fecimus
1434 4379 1629 4476 exhiberi,
1659 4380 1773 4460 salvo
1801 4373 2067 4489 jurcEcclesie

281 4491 505 4574 Lundcnsis
530 4521 613 4603 que
642 4495 684 4580 in
713 4490 850 4576 eadem
881 4493 1056 4574 Ecclesia
1088 4491 1312 4600 Vpsallensi
1342 4491 1405 4584 ius
1435 4490 1618 4599 primatie
1642 4493 1812 4572 asserint
1833 4518 1876 4570 se
1910 4487 2066 4574 habere,

280 4601 586 4685 Fraternitatem
616 4623 726 4686 tuam
758 4631 943 4711 rogamus
976 4621 1021 4691 st
1054 4602 1267 4697 hortamur
1310 4603 1352 4681 in
1396 4603 1592 4700 Domino,
1632 4629 1707 4710 per
1744 4600 1963 4711 apostolica
2001 4593 2072 4675 tibi

281 4715 428 4820 scripta
457 4713 711 4811 mandantes,
739 4729 942 4826 qnatenus
957 4741 1099 4806 carram
1128 4730 1167 4793 et
1193 4713 1585 4794 administrationem
1628 4715 1754 4821 ipsius
1794 4711 1968 4797 Ecclesie
2005 4723 2066 4785 tue

282 4821 464 4910 fidelitati
491 4829 728 4922 commissas,
758 4826 904 4919 devote
934 4824 1167 4934 suscipiens,
1195 4828 1252 4906 sic
1279 4822 1503 4935 prudenter
1525 4851 1665 4933 gerere
1693 4820 1868 4919 studeas,
1883 4825 2066 4930 ipsarum·

1855 5033 1871 5048 ,
1942 4954 2017 5042 aae
