4317 5975
1015 421 1427 520 ..430-

321 682 412 737 rum
440 646 742 755 Thiaeghnaehie
770 663 810 736 ct
839 600 1087 741 Eldaeswnd,
1116 640 1292 725 solutum
1317 659 1564 755 etpagatum
1594 671 1617 724 a
1645 646 1859 729 venerabili
1886 670 1979 761 patre
2000 660 2050 749 do

321 769 433 847 mino
460 760 792 867 straengiaenensi,
814 767 861 839 'e't
891 756 1052 839 dimitto
1081 784 1171 836 cum
1204 756 1373 837 liberum
1403 772 1443 837 et
1471 757 1711 867 quittatum,
1752 756 1994 869 impignorans
2014 779 2053 857 ei.

297 878 413 959 'dem
442 873 607 955 domiuo
634 870 910 977 strengenensi
936 866 1236 976 Thiaeghuaebir,
1265 869 1427 949 Curiam
1454 862 1725 977 supradictam
1756 897 1827 977 pro
1851 886 2053 989 quatraginra

320 989 493 1069 hlarchis
520 984 656 1063 denar.
685 981 832 1061 usualis
862 982 1030 1060 monete.
1071 978 1128 1086 jta
1154 996 1287 1060 tamen
1331 977 1442 1089 quod
1472 981 1504 1059 si
1534 976 1712 1060 eamdem
1751 982 1900 1065 Curiam
1926 973 2055 1078 honre

278 1114 282 1120 ’
319 1102 483 1182 demero
511 1097 552 1175 in
583 1094 682 1175 festo
710 1093 916 1173 Michaelis
946 1092 1131 1199 proximo
1159 1119 1267 1171 nunc
1296 1091 1480 1171 instante.
1509 1090 1593 1200 ipse
1621 1092 2056 1205 dominusstrengenensis

319 1229 361 1291 et
389 1212 488 1319 Ego.
517 1206 788 1315 relinquemus
817 1203 985 1313 arbitrio
1007 1200 1271 1282 discretorum
1301 1203 1482 1282 virorum
1498 1230 1573 1311 per
1587 1219 1661 1283 hos
1682 1203 1941 1313 eligendorum
1965 1241 2057 1321 quan.

318 1340 407 1403 tum
436 1318 583 1400 debeat
612 1315 663 1396 ad
691 1314 779 1395 illas
793 1314 1072 1420 Quadraginta
1102 1313 1286 1393 Marchas
1315 1310 1573 1394 denariorum
1602 1314 1751 1394 addere
1788 1318 1987 1427 sepedictus
2008 1310 2056 1408 da

319 1436 452 1515 minus
480 1429 802 1537 straengenensis‚
845 1441 889 1503 vt
915 1426 992 1505 sibi
1035 1422 1279 1505 venditionis
1321 1425 1441 1505 titulo
1482 1426 1565 1532 ipsa
1602 1424 1724 1507 Curia
1762 1431 2006 1537 acquiratur,v
2028 1436 2056 1544 jn

320 1547 435 1627 cuius
464 1540 736 1621 testimonium
764 1536 939 1644 sigillum
972 1563 1100 1615 meum
1132 1536 1387 1645 presentibus
1415 1551 1474 1615 est
1501 1563 1744 1645 appensum,
1788 1540 1923 1619 Datum
1950 1545 2058 1628 Eslils·

318 1674 485 1751 tunam,
518 1658 638 1731 Anno
667 1648 819 1731 domini
849 1648 934 1729 Μ’.
949 1647 1067 1728 CCC⁰
1086 1648 1200 1727 Illl⁰.
1227 1648 1269 1727 in
1297 1645 1466 1728 sabbato
1481 1647 1585 1729 inl'ra
1602 1649 1800 1731 Octauam
1817 1652 1915 1733 beati
1929 1654 2056 1739 Martini.

751 1791 869 1875 sigillet
891 1792 998 1869 horta,
1020 1790 1111 1872 jemte
1131 1789 1191 1853 deu
1213 1812 1251 1853 ur
1272 1788 1393 1853 brclvet
1416 1789 1537 1877 klippta
1558 1812 1689 1855 rcmsen.

329 2262 497 2389 1447.
662 2281 666 2285 ’
954 2237 1192 2368 moad
1247 2257 1313 2369 14
1360 2238 1482 2346 Dec.

398 2461 636 2529 lille-Merslcn
657 2463 806 2525 Tuosne
827 2458 999 2522 Knurssorrs
1019 2456 1080 2521 ocb
1108 2460 1306 2541 Legmauoen
1330 2463 1339 2524 i
1361 2460 1547 2527 Wermland
1569 2458 1675 2523 Krurs
1697 2422 1962 2545 pantlbrslriloing
1979 2459 2008 2521 al
2019 2462 2059 2523 sira

450 2546 526 2627 gods
545 2546 657 2608 Riiliise
677 2545 738 2607 och
759 2542 918 2624 Ldagbem
940 2546 950 2603 i
972 2542 1245 2625 Westergdtblend
1267 2546 1316 2609 so'r
1341 2566 1397 2607 too
1418 2546 1507 2609 mul
1522 2545 1625 2625 leidis,
1646 2566 1711 2607 som
1734 2544 1775 2608 de
1797 2546 1921 2629 ldntegit
1939 2544 1969 2605 al
1983 2542 2060 2629 llislrp

406 2679 409 2687 Α
449 2630 530 2692 Yser
549 2628 610 2692 och
631 2629 836 2713 Domlyrlen
857 2628 868 2689 i
888 2626 1061 2708 streugam
1860 2712 1883 2766 A

1886 2750 1893 2767 .
1909 2728 1931 2782 7.
1946 2729 1968 2763 ι.

424 2850 464 2926 V
466 2848 637 2929 niuersis
666 2861 872 2957 presentes
899 2844 1053 2927 litteras
1080 2846 1344 2955 inspecturis,
1377 2844 1451 2943 Tu,
1478 2869 1664 2927 suuzsort
1693 2844 1861 2927 illustris
1874 2846 1980 2952 Regis
1990 2868 2059 2923 sae

181 3031 187 3038 .
312 2963 375 3045 cie
403 2960 662 3056 marscalcus,
691 2973 732 3040 et
760 2980 953 3040 staurus
983 2956 1125 3066 legifer
1153 2955 1442 3052 vermalandia,
1484 2957 1652 3039 salutem
1683 2958 1724 3038 in
1755 2956 1933 3054 domino,
1957 2954 2060 3062 sempi-

312 3091 481 3155 ternam.
510 3071 672 3152 Tenere
702 3071 949 3180 presencium
978 3071 1303 3178 recognoscimus
1333 3097 1406 3149 nos
1436 3087 1576 3150 mutuo
1610 3069 1809 3177 recepisse
1839 3091 1868 3151 a·
1890 3063 2060 3152 venerabili

310 3202 429 3293 patre
458 3185 624 3268 domino
653 3210 771 3291 ysaro
800 3180 865 3262 dei
894 3183 1028 3288 gracia
1058 3184 1250 3290 episcopo
1279 3198 1319 3262 et
1348 3180 1512 3268 ecclesia
1540 3209 1611 3262 sua
1640 3185 1914 3289 strengenensi
1941 3194 2060 3260 centua

312 3294 492 3376 marchas
521 3292 685 3402 puri'ct
713 3293 927 3374 examinati
956 3294 1134 3399 argenti,
1169 3321 1339 3403 proque
1356 3292 1517 3402 quidem
1541 3294 1697 3400 argenti
1715 3321 1867 3374 summa
1889 3290 2061 3374 noslbur

311 3405 431 3513 gillus
460 3407 611 3485 curiam
640 3422 818 3490 nostram
848 3403 997 3495 Rdlosa
1027 3402 1216 3511 parochie
1244 3404 1439 3511 swenaby
1467 3407 1507 3484 iu
1538 3403 1665 3485 aazbo
1684 3407 1902 3515 vcstgocie‚
1930 3405 2002 3510 Ego
2014 3397 2060 3477 la·

172 3615 176 3620 .
309 3533 434 3599 nutus
461 3517 614 3596 curiam
656 3545 780 3596 meam
831 3514 1010 3621 langeem
1054 3515 1245 3624 parochie
1288 3514 1465 3622 langeem
1497 3517 1538 3595 in
1569 3517 1771 3623 vestgocia
1800 3545 1889 3598 cum
1918 3514 2061 3596 omnibus

309 3643 350 3710 ct
378 3627 545 3734 singulis
573 3624 624 3706 ad
654 3629 785 3707 curias
815 3623 1017 3734 predictas
1035 3626 1313 3734 spectantibus
1340 3628 1647 3736 inpignoramus
1670 3645 1714 3710 ct
1742 3629 1784 3708 in
1815 3630 1955 3737 pignus
1980 3622 2061 3732 pmi-

307 3768 397 3820 mus
425 3739 495 3818 tali
524 3741 760 3820 condicione
794 3738 966 3830 adiecta,
1014 3735 1127 3847 quod
1156 3741 1187 3818 si
1217 3737 1446 3847 supradicta
1493 3739 1599 3818 bona
1645 3766 1719 3848 per
1747 3767 1823 3820 nos
1851 3756 1919 3819 aut
1944 3749 2062 3816 nostrat
2113 3717 2115 3754 ¹

305 3849 474 3933 heredes
503 3851 604 3932 infra
635 3849 738 3930 diem
770 3866 809 3930 et
837 3876 987 3928 annum
1016 3877 1040 3927 a
1069 3849 1205 3958 vigilia
1236 3850 1377 3930 natalis
1407 3849 1559 3958 domin'j
1588 3853 1777 3959 proximo
1801 3843 2062 3932 numerandum,

174 4053 179 4058 Δ
307 3964 480 4044 resoluta
514 3991 594 4044 non
625 3962 795 4057 luerint,
827 3978 976 4040 extunc
997 3977 1235 4068 potestatem
1259 3979 1299 4042 et
1320 3980 1440 4046 aucto
1469 4025 1480 4043 .
1509 4023 1519 4044 .
1548 4021 1557 4042 .
1588 4021 1597 4041 .
1628 3989 1688 4042 em
1707 3963 1927 4072 plenariam
1953 3957 2062 4038 habeat

305 4071 436 4155 dictus
466 4073 654 4156 dominus
682 4099 824 4179 ysarus
852 4073 1066 4178 episcopus
1094 4075 1388 4180 strengenensis
1423 4075 1555 4182 curias
1586 4071 1788 4182 predictas
1810 4069 2015 4156 resolueudi
2036 4079 2063 4146 et

304 4212 429 4294 argeu
459 4249 467 4267 .
498 4249 506 4267 .
537 4247 558 4268 .,
577 4185 773 4266 redictum
804 4185 846 4262 in
874 4183 1139 4277 vsusdebitos
1168 4201 1208 4266 et
1235 4183 1448 4293 deputatos
1463 4183 1729 4268 conuertendi
1760 4205 1802 4267 et
1830 4187 1880 4266 de
1907 4187 1992 4294 ipsis
2013 4205 2061 4260 cu

165 4368 172 4379 ,
302 4301 373 4379 riis
410 4298 662 4406 postmodum
688 4293 923 4391 ordinandi,
954 4314 1077 4404 prout
1105 4355 1316 4379 ......
1346 4299 1433 4378 tati.
1464 4295 1988 4405 Jncujusrcttestamomum
2006 4317 2061 4396 sig·

302 4410 396 4516 gilla
427 4427 564 4490 nostra
604 4407 857 4518 presentibus
899 4408 1089 4488 duximus
1124 4405 1367 4517 apponenda
1397 4468 1764 4492 ..........
1796 4400 2060 4509 M⁸‚CCC⁰,llll.

301 4523 341 4601 in
373 4523 558 4602 Crastino
588 4521 704 4601 beate
735 4521 837 4600 lucie
866 4521 1045 4627 virginis.

485 4666 649 4749 Obligacio,
671 4667 751 4726 lacta
773 4665 901 4726 ecclesie
921 4664 1126 4745 strengaensis
1147 4681 1237 4748 super
1264 4661 1397 4746 quodam
1420 4673 1527 4725 mutuo
1548 4683 1580 4726 s.
1602 4661 1690 4727 bonis
1710 4665 1741 4728 in
1764 4667 1912 4748 vesgncic.

318 4764 420 4831 Nedre
441 4767 553 4829 lacten
575 4764 612 4826 al
629 4763 695 4826 subt
716 4762 830 4826 slsdad
851 4761 911 4825 och
935 4763 1064 4846 sigillcn,
1087 4762 1188 4825 tillila
1209 4762 1279 4826 med
1301 4763 1339 4826 de
1364 4783 1400 4824 ur
1422 4761 1543 4828 brelvet
1563 4763 1683 4851 klippla
1704 4787 1877 4844 remsorue,
1897 4755 2045 4828 bortlallaa
