4317 5975
983 307 1497 390 -“-6οὸ-’

208 559 217 568 ·
289 539 385 619 beat
411 547 653 644 potestatem
683 531 734 610 Jn
762 531 878 609 cuius
904 527 967 637 rej
991 525 1244 609 euideneiam
1280 521 1409 636 sigilla
1457 543 1597 608 nostre
1636 514 1828 610 ‘videlicet
1864 531 2025 631 lretilwasti

288 647 494 729 clementis
522 659 563 724 et
592 639 723 747 karolj
751 639 1006 746 presentibus
1031 657 1128 719 suot
1155 665 1331 747 appensa
1368 637 1453 716 Nos
1488 663 1588 744 vero
1623 636 1794 718 andreas
1833 641 1921 744 olol,
1954 654 2028 766 Rag.

286 754 447 839 waldus
474 772 516 837 et
543 753 667 834 Lucia
696 753 791 861 quia
820 752 987 860 propria
1014 749 1144 859 sigilla
1173 777 1255 833 non
1284 747 1480 830 habemus
1506 749 1682 857 sigillum
1709 747 1862 860 dominj
1886 764 2028 876 episeopj¹

286 855 454 978 capituli
482 864 724 973 lincopensis
750 881 792 944 et
817 863 996 943 ciuitatis
1020 862 1170 944 ibidem
1198 889 1333 942 sumus
1361 859 1421 938 vsi
1449 877 1493 940 rt
1530 878 1663 942 autem
1705 864 1889 970 premissa
1912 878 2031 960 maioris

286 982 469 1088 vigorem
496 976 685 1072 babeant,
712 973 913 1054 firmitatis
942 999 1015 1052 nos
1042 1001 1180 1054 omnes
1207 968 1457 1082 supradictj,
1484 987 1712 1080 presentem
1734 972 1898 1056 litteram
1917 983 2032 1093 Magni.

286 1090 355 1199 licj
385 1089 579 1200 principis
608 1085 772 1193 Dominj
800 1084 957 1192 Birgerj
985 1084 1052 1165 dei
1079 1085 1212 1192 gracia
1240 1111 1439 1165 sweorum
1468 1081 1768 1196 gothorumque
1789 1090 1888 1194 regis
1908 1093 2033 1182 illustris

276 1199 334 1283 Ε.
363 1217 406 1283 et
432 1200 512 1281 .W.
541 1195 718 1279 eiusdem
747 1197 880 1302 gracia
912 1195 1059 1276 ducum
1089 1195 1305 1275 illustrium
1334 1193 1483 1274 ibidem
1514 1221 1674 1276 necnon
1705 1212 1746 1276 ct
1774 1197 1922 1310 Kanutj
1944 1207 2032 1290 loon.

285 1338 361 1392 sou
391 1309 548 1422 legiferi
575 1325 811 1415 osgotorum
840 1307 978 1414 sigillis
1007 1309 1180 1415 petimus
1207 1304 1451 1412 communirj
1480 1306 1777 1389 Renunciantes
1805 1311 1847 1389 in
1882 1311 1946 1395 hiis
1976 1347 2036 1400 otu

285 1422 410 1503 nibus
445 1439 485 1502 et
523 1419 693 1528 singulis
730 1417 1043 1526 exoepcionibus
1088 1416 1175 1524 dolj
1218 1415 1312 1496 mali
1354 1417 1394 1495 in
1436 1415 1606 1513 lactum,
1647 1417 1874 1501 condicioni
1905 1423 2036 1511 indebiti

287 1532 400 1642 omnj
430 1533 528 1612 iuris
555 1531 708 1610 auxilio
735 1529 934 1636 Canonicj
961 1544 1002 1607 et
1028 1529 1160 1608 ciuilis
1197 1529 1424 1637 specialiter
1464 1527 1547 1635 iurj
1583 1529 1809 1638 generalem
1852 1534 2036 1621 Renuncia-

287 1646 445 1724 ciouem
473 1671 557 1723 nou
586 1640 718 1721 ualere
751 1669 797 1720 ac
824 1640 913 1719 aliis
939 1641 1128 1721 omnibus
1157 1641 1255 1722 iuris
1284 1656 1325 1719 et
1355 1639 1454 1746 faetj
1482 1641 1794 1747 excepcionibus
1828 1644 1926 1725 dieta
1958 1648 2037 1730 bona

285 1756 376 1834 iure
403 1751 647 1833 hereditario
675 1768 746 1830 aut
773 1751 960 1860 quolibet
987 1750 1069 1831 alio
1098 1749 1220 1831 modo
1263 1748 1327 1831 uel
1370 1777 1516 1860 genere
1560 1753 1758 1860 Exigendi
1802 1756 1953 1862 petendi
1986 1762 2039 1840 Ca·

285 1863 545 1974 lumpniandi
573 1863 781 1972 inpeteudi
813 1887 998 1942 necnon
1027 1877 1069 1942 et
1097 1861 1285 1944 decetero
1313 1860 1621 1972 quomodolibet
1657 1863 1895 1976 vendicandi
1926 1871 2040 1952 Datum

233 2003 237 2010 ·
285 1992 327 2055 et
360 1992 492 2057 actum
523 1980 644 2055 Anno
671 1972 827 2082 dominj
855 1973 917 2052 Μο
945 1973 1067 2053 CCC⁰
1092 1971 1248 2055 decimo
1276 1972 1477 2055 dominica
1507 1973 1787 2058 Remiuiscere.

771 2115 989 2203 dsverslrry‘t:
1011 2117 1059 2180 De
1080 2137 1236 2180 consensu
1254 2119 1514 2202 propinquorum
1535 2117 1591 2182 W·
1626 2171 1630 2182 ,

220 2403 452 2594 Ι’,ι66α
914 2481 1065 2587 1310
1111 2481 1160 2586 d.
1210 2521 1276 2586 21
1328 2485 1502 2588 Mars..
1651 2513 1654 2522 '
1768 2482 2044 2588 Stoclrholm
2109 2604 2110 2607 Ν

366 2669 477 2732 Mum
492 2665 776 2729 Kerrmrrmmsrors
795 2669 904 2752 intyg,
925 2679 973 2731 att
993 2669 1089 2730 Peter
1116 2669 1336 2732 Ger-bardesan
1357 2691 1473 2753 genum
1505 2669 1618 2754 lagligt
1640 2671 1718 2756 byte
1748 2673 1788 2733 αἶ’
1812 2671 1930 2734 bonurn
1948 2672 2045 2734 erhtttr

407 2772 428 2813 ι
447 2749 612 2811 markland
634 2750 705 2833 jord
725 2752 737 2810 i
757 2752 907 2836 Lundby.

1831 2838 1867 2894 A.
1881 2841 1944 2892 ds.

2111 2933 2112 2974 t

396 2933 595 3015 Omnibus
636 2961 799 3043 presens
839 2939 1033 3047 seriptum
1077 2937 1354 3031 cernentibus,
1398 2937 1583 3019 llltrums·
1629 2965 1914 3023 seruiturus:
1951 2963 2045 3033 soor,
2111 2981 2112 2987 Ν

284 3042 460 3125 Salutem
490 3047 531 3123 iu
562 3044 727 3126 domino
755 3052 1037 3155 sempiternam
1068 3051 1268 3131 Nouerint
1303 3051 1501 3145 uniuersi,
1530 3050 1745 3133 discretum
1766 3056 1898 3131 virum
1922 3068 2046 3159 petrum

283 3156 442 3263 gerardi
475 3156 599 3236 [ilium
627 3155 737 3241 duas
757 3158 939 3240 Marcbas
966 3179 1074 3241 terre
1103 3164 1144 3240 in
1177 3162 1303 3268 lyuby
1341 3190 1431 3241 cum
1469 3162 1663 3243 ‘omnibus
1690 3164 1933 3271 adiacencijs
1967 3160 2049 3241 ride·

164 3267 170 3281 '
284 3266 396 3362 licet,
424 3269 548 3372 agris,
579 3269 706 3374 pratis
732 3270 863 3365 siluis,
890 3300 911 3349 a
942 3300 1004 3350 mc
1034 3274 1141 3352 iusto
1169 3274 1356 3379 campbio
1382 3272 1565 3351 babuisse
1594 3274 1643 3355 th
1672 3277 1786 3354 euius
1817 3276 1875 3356 rei
1903 3274 2047 3353 testimo·

155 3382 161 3395 '
284 3378 394 3456 nium
430 3378 605 3483 sigillum
645 3406 776 3457 meum
815 3382 1068 3486 presentibus
1110 3400 1168 3461 est
1210 3412 1443 3489 appensum.
1512 3386 1655 3463 Datum
1700 3384 1912 3465 stoeholn.
1960 3388 2049 3465 Anno
2111 3382 2113 3477 l

170 3515 174 3522 ·
283 3486 457 3583 domini,
485 3488 555 3585 rr,
583 3489 756 3582 c⁰c⁰c⁰,
784 3489 857 3579 xa
886 3494 937 3569 rn
966 3493 1031 3570 ne
1061 3495 1166 3573 unu
1197 3492 1401 3573 neuneu
1433 3493 1603 3574 amaus.
2111 3478 2113 3579 l

804 3632 853 3694 Pt
866 3634 1060 3713 freruidan:
1079 3635 1119 3695 de
1141 3636 1190 3695 .ll.
1211 3638 1325 3697 marcis
1347 3639 1380 3699 iu
1402 3636 1558 3721 lundbby.

729 3746 854 3832 sigillet
875 3748 1045 3829 ostadadt,
1066 3754 1110 3835 pa
1130 3772 1170 3813 eu
1191 3774 1232 3817 ur
1253 3752 1378 3816 brefret
1399 3752 1506 3839 tttppt
1528 3774 1641 3815 retusa.

294 4108 462 4215 1661.
938 4116 1089 4225 1310
1135 4029 1200 4219 (Ι.Χ
1232 4154 1302 4221 22
1350 4118 1500 4223 Mars.
1783 4114 2051 4227 Ebohtirad.

361 4297 548 4361 &mutare
565 4299 603 4359 al
619 4299 753 4363 Sammo
773 4299 943 4383 bytesbref
959 4304 1001 4386 pa
1022 4303 1101 4385 gods
1123 4307 1133 4365 i
1154 4305 1280 4387 Spdnga
1303 4305 1365 4366 och
1386 4304 1487 4387 Stuby
1509 4305 1518 4365 i
1541 4304 1727 4367 Ullerdkers
1735 4305 1857 4385 bared,
1880 4305 2053 4371 brilkalen·
2112 4346 2113 4415 p

401 4402 458 4441 nas
481 4381 530 4441 till
550 4379 745 4467 lrkebislop
766 4385 834 4446 llils
853 4388 864 4444 i
884 4386 1007 4469 Upssla
1028 4396 1114 4447 emot
1135 4387 1343 4471 Summarting
1363 4390 1374 4450 i
1395 4388 1560 4453 Wlkstads
1578 4388 1705 4450 socleu.
1812 4470 1833 4523 B
1903 4471 1919 4540 4

1834 4488 1886 4525 ,αι
1921 4488 1945 4525 2.

393 4566 595 4647 Omnibus
623 4584 824 4675 presentes
851 4568 1007 4664 litteras
1035 4572 1275 4679 inspecturis
1303 4596 1553 4653 sruusuurttts
1589 4570 1639 4651 de
1673 4575 1876 4655 sambrum
1912 4572 2051 4652 salutem

281 4675 321 4755 iu
354 4672 519 4759 domiuo
549 4682 831 4787 sempiternam
862 4684 1050 4762 nouerint
1093 4682 1265 4761 uniuersi
1295 4709 1358 4761 me
1385 4682 1607 4763 venerabili
1637 4687 1743 4791 patri
1773 4684 1939 4765 domino
1966 4682 2054 4759 nico

281 4784 345 4868 luo
374 4784 438 4868 dei
467 4792 601 4897 gracia
628 4791 935 4903 archiepiscopo
961 4794 1161 4905 upsalensi
1195 4791 1295 4872 duas
1331 4821 1424 4873 oras
1450 4808 1558 4875 terre
1587 4797 1769 4908 quinque
1797 4794 1969 4878 denariis
1999 4791 2054 4869 uri·

282 4928 360 4981 nus
387 4902 431 4981 iu
457 4927 675 5011 spangum,
702 4920 744 4984 et
776 4902 984 4988 dimidium
1027 4904 1201 4987 solidum
1237 4922 1343 4987 terre
1385 4906 1428 4987 iu
1473 4904 1566 4989 villa
1607 4906 1756 5016 stabby
1799 4909 1878 4993 sub
1920 4903 2053 4988 nicolao
