4317 5975
952 470 1056 495 --·
1121 425 1197 526 sn
1285 469 1342 496 ..

250 668 425 814 97mll
888 654 1153 801 ‚2'12883d
1199 698 1234 807 9
1278 617 1411 805 Aurgi
1758 568 2052 806 Nplrdpinga

266 901 281 943 '³
330 877 631 1047 hillidii&
650 876 778 1027 tlt:
797 874 1833 1049 litltdllt‘ttt'lrtz'g'ttgtt‘rltltltl‘tls
1853 876 2049 1023 tillidi

378 1051 468 1113 utfell
490 1059 560 1109 mot
578 1046 779 1123 lsudsfolket,
800 1047 925 1128 erltgge
947 1058 1028 1108 tooo
1049 1046 1140 1108 mark
1161 1045 1266 1127 liidige
1284 1044 1345 1105 och
1366 1043 1428 1105 500
1449 1044 1538 1105 mark
1560 1046 1740 1127 penningar,
1766 1055 1811 1105 att
1835 1042 1939 1123 aldrig
1978 1045 1985 1059 '
2006 1043 2051 1105 n·-

344 1198 347 1202 ,
377 1152 414 1195 ve
434 1143 504 1213 tege
526 1130 642 1194 htmud
664 1130 704 1214 pt
726 1129 823 1191 allmo
846 1149 899 1206 en,
921 1139 994 1191 uteo
1017 1129 1174 1191 lrambtre
1196 1128 1242 1190 till
1265 1126 1439 1209 llonuugen
1470 1129 1535 1189 eine
1567 1127 1742 1207 llegomdl‚
1773 1136 1819 1188 att
1843 1126 1944 1208 oldrig
1964 1064 2050 1208 lee

266 1260 269 1269 .
377 1214 479 1294 sigon
501 1232 603 1275 annau
626 1212 724 1276 Herus
744 1220 783 1272 tn
836 1231 979 1291 onungeu
1001 1213 1012 1275 i
1033 1211 1179 1293 Suerigc,
1201 1221 1247 1273 att
1269 1209 1370 1274 ldrml
1391 1210 1633 1274 llansesttderoa
1657 1210 1696 1291 gd
1718 1214 1728 1270 i
1749 1208 1867 1291 borgee
1889 1210 1938 1271 lor
1959 1207 2052 1277 dem

330 1348 334 1355 .
375 1295 482 1364 *trehet
504 1306 569 1359 mot
589 1294 728 1378 Sterige,
750 1305 799 1360 att
819 1292 875 1357 hes
895 1294 1014 1357 Pdlveu
1036 1295 1167 1357 utterle
1189 1293 1265 1356 bref
1279 1312 1331 1354 om
1364 1292 1570 1389 benolysniog
1602 1295 1691 1356 diver
1722 1294 1829 1355 staden
1859 1292 1912 1354 vid
1945 1292 2055 1375 ejelfre

354 1381 556 1465 ··geroiugeo,
578 1378 588 1439 i
608 1378 666 1441 fall
691 1376 751 1445 deu
773 1367 881 1444 videre
900 1376 1080 1440 liirtdroadc
1101 1378 1146 1439 sin
1169 1376 1315 1458 Kooung‚
1337 1396 1379 1436 nr.
1400 1396 1431 1436 m
1691 1452 1722 1508 B·
1738 1472 1763 1511 Ἀ
1779 1457 1839 1527 ³⁰7·
1857 1456 1923 1511 3⁶82·

945 1594 947 1599 ⁵
981 1604 1044 1687 De
1070 1601 1307 1713 gotensibus.

341 1744 556 1829 Omnibus
584 1762 786 1854 presentes
815 1745 967 1827 litteras
999 1748 1243 1857 inspecturis
1279 1741 1478 1827 Aduoe'ati
1518 1747 1560 1823 8ι
1594 1741 1782 1823 eonsules
1819 1759 1902 1821 tam
1933 1754 2051 1848 gote-

212 1949 215 1955 ,
242 1858 429 1937 mensium
458 1884 578 1967 quam
608 1856 948 1941 theutonicorum
978 1862 1019 1939 8ι
1046 1846 1434 1940 comunitas'eiuium
1451 1851 1501 1934 de
1514 1854 1632 1961 visby
1644 1853 1812 1933 salutem
1829 1854 1871 1931 in
1884 1849 2053 1931 domino

241 1965 307 2049 Ad
333 1968 523 2049 noticiam
550 1966 802 2076 singulorum
830 1968 1016 2051 volumus
1043 1968 1238 2052 deuenire
1266 1964 1379 2078 quod
1416 1967 1611 2076 quoniam
1655 1980 1797 2071 eontra
1839 1960 2051 2051 dominum

242 2096 426 2159 nostrum
454 2105 589 2187 regem
616 2106 817 2161 sweorum
845 2080 1145 2193 gothorumque
1173 2079 1418 2188 deliquimus
1446 2079 1512 2157 eui
1548 2104 1706 2183 semper
1747 2073 1920 2189 subiecti
1962 2100 2051 2165 esoe

241 2189 430 2270 volumus
470 2190 513 2268 in
562 2190 751 2271 omnibus
793 2207 838 2271 vt
879 2209 1068 2273 tenemur
1110 2192 1382 2301 promittimus
1431 2188 1542 2269 bona
1587 2184 1662 2267 lide
1712 2186 1827 2295 quod
1878 2200 2051 2293 propter

241 2300 428 2381 iniuriam
456 2321 580 2411 quam
608 2300 687 2381 sibi
715 2301 852 2384 fecisse
880 2301 1063 2385 videmur
1091 2331 1143 2385 ex
1166 2331 1215 2383 eo
1237 2300 1423 2382 videlieet
1452 2300 1564 2410 quod
1594 2325 1730 2377 muros
1775 2297 1935 2378 ciuitati
1971 2321 2049 2390 no·

217 2426 323 2491 stre
352 2403 690 2493 eireu'mdedimus
719 2419 758 2494 er
787 2414 829 2493 in
854 2443 1040 2495 rurenses
1068 2433 1177 2496 terre
1206 2409 1413 2522 gotlandie
1441 2408 1720 2519 propulsando
1758 2408 1917 2517 aliquos
1946 2422 2052 2487 stre-

240 2522 353 2631 pitus
379 2519 545 2603 fecimus
576 2522 764 2621 insultus,
794 2524 1025 2636 irrequisita
1055 2514 1180 2635 regia
1196 2526 1402 2605 maiestate
1432 2520 1516 2603 duo
1543 2519 1667 2601 millia
1696 2546 1924 2609 marcarum
1953 2517 2052 2625 puri

241 2640 282 2715 8ι
309 2634 527 2713 examinati
555 2635 713 2741 argenti
736 2640 967 2744 gotenensis
995 2636 1189 2747 ponderis
1217 2665 1309 2717 eum
1338 2634 1571 2743 quingentis
1602 2632 1743 2711 mareis
1757 2631 1915 2739 argenti
1930 2656 2051 2736 vsua·

213 2744 291 2849 ,lis
311 2750 499 2826 ‘monete‘
524 2745 609 2825 sine
651 2744 974 2829 contradictione
1014 2756 1055 2831 &
1097 2747 1386 2829 reclamacione
1430 2745 1616 2856 qualibet
1657 2743 1840 2823 terminis
1881 2736 2081 2822 inferius‘

242 2855 452 2936 annotatio
476 2856 553 2939 sibi
583 2854 764 2965 plenarie
792 2861 1068 2967 persoluemus
1094 2861 1153 2970 jta
1196 2856 1384 2940 videlieet
1424 2853 1538 2967 quod
1576 2853 1819 2965 quingentas
1869 2852 2052 2943 marchas

243 2967 401 3077 argenti
418 2965 578 3048 ‘usualis
606 2987 766 3052 monete
810 2972 854 3053 in
896 2989 1122 3079 autumpno
1164 2972 1242 3052 iam
1286 2970 1457 3050 instanti
1497 2973 1537 3048 &
1579 2966 1824 3076 quingentas
1865 2963 2049 3053 marchas

241 3079 339 3186 puel
367 3083 414 3157 se
435 3080 652 3160 examinati
681 3082 840 3185 argenti
869 3079 1075 3190 quindena
1114 3099 1206 3189 post
1246 3078 1389 3160 festum
1419 3079 1768 3188 penthecostes&
1789 3076 1898 3158 mille
1926 3075 2051 3185 quin·

157 3277 161 3290 ‚
242 3204 386 3295 gentas
411 3215 566 3270 naerens
595 3188 690 3295 puri
719 3193 759 3270 &
788 3192 1006 3272 examinati
1035 3194 1195 3300 argenti
1222 3191 1266 3270 in
1294 3189 1398 3272 festo
1427 3192 1533 3273 beati
1560 3189 1747 3271 iohannis
1761 3187 2049 3296 baptiste-anni
2148 3242 2153 3248 ·

243 3313 342 3380 tune
371 3299 559 3407 proximo
587 3299 871 3410 subsequentis
899 3332 1020 3414 quam
1058 3304 1268 3410 pecuniam
1306 3303 1467 3383 statutis
1502 3301 1682 3382 terminis
1718 3307 1759 3381 8ι
1792 3317 1873 3380 tem
1906 3298 2049 3380 oribus

244 3407 473 3492 colinariam
502 3410 808 3518 supportabimus
837 3415 880 3492 in
909 3416 1086 3524 propriis
1121 3413 1312 3524 perieulis
1341 3418 1381 3494 &
1408 3398 1615 3521 expensis,
1644 3413 1811 3494 eandem
1848 3328 2050 3492 aduocato

244 3519 424 3602 eiusdem
452 3519 608 3603 domini
635 3525 764 3603 nostri
792 3526 898 3632 regis
927 3527 992 3607 uel
1020 3553 1185 3608 suorum
1216 3521 1409 3606 heredum
1440 3522 1589 3605 ibidem
1618 3540 1719 3605 tune
1760 3524 1951 3604 existenti
1984 3524 2048 3602 in·

243 3633 452 3741 tegraliter
480 3634 728 3715 commissuri
773 3639 959 3717 Preterea
1004 3639 1278 3744 promittimus
1319 3636 1431 3745 quod
1473 3637 1506 3723 si
1542 3633 1680 3744 aliqua
1716 3631 1917 3722 discordia
1950 3659 2051 3716 essu

243 3744 407 3826 sinistro
449 3744 555 3826 inter
597 3772 671 3825 nos
698 3750 740 3826 8ι
769 3763 963 3853 goteneos
1005 3767 1110 3827 terre
1138 3746 1345 3856 gotlandia
1373 3763 1514 3828 exorta
1554 3746 1676 3829 fuerit
1717 3748 1846 3854 ipsam
1870 3746 1907 3828 si
1935 3743 2050 3826 bono

244 3853 368 3937 modo
397 3859 618 3966 poterimus
645 3854 873 3938 sedebimus
902 3887 975 3966 per
1004 3886 1077 3938 nos
1105 3864 1145 3940 &
1172 3860 1206 3944 si
1235 3859 1312 3945 hoc
1350 3861 1460 3942 bono
1495 3857 1618 3939 modo
1655 3857 1740 3939 lieri
1775 3885 1859 3938 uon
1895 3858 2049 3965 poterit

243 3983 469 4078 antequam.
495 3965 705 4049 dominum
740 3985 924 4049 nostrum
961 3997 1098 4078 regem
1133 3995 1255 4079 super
1292 3971 1367 4050 hae
1402 3970 1702 4081 requisierimus
1737 3967 1790 4050 ad
1824 3967 2048 4052 vindictam

245 4077 421 4189 aliquam
450 4096 591 4160 eontra
619 4105 688 4161 eos
715 4105 800 4160 non
831 4077 1094 4188 procedemus
1135 4082 1219 4164 nisi·
1254 4081 1348 4191 ipsi·
1373 4082 1417 4162 in
1459 4109 1533 4165 nos
1574 4080 1632 4188 ju
1673 4079 1810 4165 subito
1851 4081 2049 4164 irruerint

244 4188 358 4299 quod
385 4191 465 4270 vim
493 4190 534 4270 vi
563 4188 758 4298 repellere
787 4190 1077 4299 compellamur
1107 4192 1243 4274 Eeiam
1273 4193 1307 4274 si
1337 4191 1487 4301 prelati
1514 4208 1762 4300 gotenenses
1781 4193 1954 4284 nuncios
1979 4219 2049 4274 su·
2117 4235 2124 4246 x

191 4299 195 4306 ’
245 4326 291 4380 os
319 4297 371 4382 a'd
398 4298 605 4384 dominum
638 4316 821 4382 nostrum
856 4329 991 4410 regem
1027 4301 1232 4385 destinare
1275 4303 1497 4401 voluerint,
1539 4304 1648 4413 ipsos
1677 4303 1880 4414 impedire,
1914 4303 2047 4385 nulle·

244 4423 364 4491 tenus
392 4437 666 4519 presumemus
694 4414 968 4494 Promittimus
996 4415 1164 4523 insuper
1192 4413 1407 4524 bonafide
1448 4413 1561 4525 quod
1604 4415 1761 4498 nullum
1803 4431 1942 4525 preter
1983 4443 2049 4499 re·

272 4548 337 4603 em
364 4523 510 4603 sweeie
537 4523 610 4630 qui
638 4551 715 4631 pro
743 4539 927 4642 tempore
954 4526 1078 4614 fuerit
1106 4553 1280 4636 nuquam
1319 4525 1510 4636 eligemus
1548 4527 1601 4615 Et
1634 4528 1672 4606 si
1702 4528 1918 4638 eontigerit
1953 4526 2083 4636 pre-'

243 4550 350 4714 letos
378 4651 616 4744 gotenenses
645 4634 822 4744 aliquem
857 4651 1094 4720 extraneum
1134 4636 1211 4718 sibi
1253 4639 1296 4718 iu
1341 4640 1566 4748 principem
1609 4654 1681 4721 aut
1721 4635 1932 4721 dominum
1973 4635 2048 4720 eli·

243 4769 339 4855 gere
366 4745 433 4827 uel
462 4745 503 4825 in
545 4743 812 4854 preludicium
841 4745 940 4830 dieti
968 4749 1281 4839 dominisnostri
1303 4750 1408 4860 regis
1443 4749 1510 4830 uel
1554 4767 1738 4836 nostrum
1779 4778 1880 4832 ausu
1921 4767 2048 4835 teme·

180 4927 186 4934 .
244 4856 356 4938 renio
383 4854 578 4938 advocare
606 4874 747 4966 portas
774 4859 947 4942 ciuitatis
977 4877 1114 4943 nostre
1142 4858 1308 4944 domino
1350 4878 1493 4942 nostro
1534 4861 1622 4972 regi
1662 4889 1734 4943 seu
1782 4860 2048 4973 quibuscum·

240 4995 326 5082 que
353 4965 539 5052 fidelibus
571 4969 731 5076 nunciis
757 4971 840 5054 suis
867 4968 920 5053 ad
947 4971 1025 5056 hoe
1046 4973 1273 5084 specialiter
1286 4973 1489 5086 deputatis
1502 4971 1725 5058 liberaliter
1737 4974 1992 5086 epperiemus
2005 4976 2049 5062 δι
