4317 5975
982 414 1042 437 ...
1149 372 1231 469 455
1329 414 1398 459 ,-

302 616 467 759 1495.
931 560 1076 766 130li
1123 603 1171 712 d.
1220 607 1250 709 5
1299 601 1446 711 Febr.

371 830 453 895 lion.
475 831 606 897 ursam
626 823 809 893 ridimstiou
829 822 888 887 oclr
909 824 1099 889 nuditatelte
1121 826 1161 913 pa
1183 824 1294 912 Biskop
1315 824 1461 907 Dryantis
1481 824 1492 888 i
1513 822 1616 887 Slnra
1648 822 1722 891 bret
1747 846 1800 891 orn
1833 829 1968 911 glrdstne
1983 838 2043 903 Ciu.

424 918 510 999 grin,
532 911 665 997 Soleryd
686 907 747 971 och
767 906 868 973 Hand.
1834 990 1866 1047 Α.
1882 992 1940 1049 Η

402 1134 603 1214 Brucunus
631 1128 697 1211 dei
725 1130 860 1236 gracia
900 1154 1103 1231 sweorum
1140 1127 1354 1235 gothorum
1392 1156 1472 1240 que
1500 1130 1598 1211 Rex.
1653 1127 1851 1209 Omnibus
1878 1119 2045 1239 presentes

291 1246 442 1325 litteras
469 1242 733 1354 inspecturis,
760 1239 930 1323 salutem
958 1242 1001 1319 in
1035 1237 1200 1320 domino
1227 1242 1510 1351 sempiternam
1552 1242 1705 1323 Notum
1733 1239 1893 1323 iacimus
1918 1246 2045 1325 uniuer-

289 1358 343 1436 sis
372 1385 445 1436 uos
475 1356 619 1437 vidisse
661 1380 708 1432 ae
750 1350 965 1461 diligenter
1007 1352 1256 1461 perspexisse
1304 1354 1454 1435 litteras
1483 1352 1724 1434 venerabilis
1762 1353 1882 1459 patris
1915 1354 2045 1466 Domini

292 1468 529 1576 bryniulplri
558 1464 623 1546 dei
652 1465 787 1570 gracia
815 1463 993 1573 episcopi
1022 1460 1221 1543 skareusis
1250 1490 1332 1544 nou
1362 1492 1488 1560 rasas,
1519 1490 1600 1543 non
1640 1461 1814 1543 abolitas
1843 1490 1911 1544 nec
1936 1466 1971 1575 in
1994 1468 2046 1547 ali·

290 1607 370 1689 qua
399 1582 462 1661 sui
492 1593 606 1687 parte
636 1577 817 1672 viciatus,
845 1578 1102 1656 continentes
1130 1573 1174 1683 jn
1206 1574 1313 1655 hunc
1344 1575 1518 1656 modum.
1547 1574 1758 1654 Vniuersis
1786 1580 1857 1657 &a
1892 1574 1937 1655 Se
1952 1581 2046 1680 sire·

182 1710 187 1722 “
290 1690 445 1801 gdenda
473 1692 554 1771 Nso
589 1688 702 1769 1062.
733 1688 818 1767 Nos
846 1686 971 1794 igitur
998 1685 1281 1783 collacionem‚
1326 1686 1587 1797 possessionis
1616 1682 1899 1783 tradicionem,
1927 1702 1964 1767 et
1986 1690 2045 1771 llo

291 1802 406 1909 minij
435 1828 482 1889 ae
511 1799 769 1909 proprietatis
798 1798 1106 1878 translacionem
1150 1799 1329 1906 predicta
1373 1798 1634 1894 ratificantes,
1678 1799 1764 1906 ipsa
1812 1799 1912 1878 sicut
1937 1799 1998 1879 rite
2019 1818 2054 1879 et·

292 1914 486 2021 legittime
515 1913 739 2004 factasunt,
769 1912 808 1989 in
837 1908 913 1989 hiis
941 1911 1102 2017 scriptis
1130 1911 1342 1994 actoritate
1373 1909 1479 2017 regia
1497 1908 1789 1993 confirmamus.
1819 1913 1868 1991 Jn
1896 1910 2047 1991 cuiusrei

290 2024 538 2105 euideneiam
576 2022 795 2130 pleniorem
839 2018 1013 2127 sigillum
1057 2034 1235 2099 nostrum
1273 2022 1528 2129 presentibus
1570 2017 1758 2101 duximus
1786 2020 2047 2132 apponendum.

241 2183 244 2189 ,
292 2137 437 2215 Datum
468 2161 576 2215 anno
606 2130 769 2236 Domiuj
797 2131 872 2220 M⁰‚
900 2130 1034 2225 CCC‘,
1063 2146 1189 2210 sexto.
1214 2142 1349 2212 'nonas
1378 2131 1585 2238 februarii.

714 2329 717 2337 .
753 2271 802 2335 Pe
811 2270 1006 2355 srdmt'dan:
1026 2292 1118 2355 super
1139 2274 1271 2357 gingrioi
1292 2272 1458 2357 rotaryder
1479 2286 1510 2337 et
1531 2273 1626 2337 hand.

706 2354 826 2437 sigillet
846 2355 1007 2417 bortssllet
1028 2355 1097 2418 lrln
1120 2356 1179 2419 den
1202 2377 1239 2419 ur
1259 2357 1381 2420 brelret
1402 2356 1522 2443 llippta
1543 2378 1674 2421 recussu.

306 2720 524 2867 1496„
931 2678 1083 2833 1306
1131 2720 1178 2825 a.
1226 2760 1258 2865 9
1306 2716 1455 2825 ren.
1535 2816 1538 2821 A
1622 2748 1628 2769 ·
1774 2717 2050 2829 suornm.

375 2941 520 3005 Murslen
542 2940 694 3006 Tuomst
715 2940 887 3012 Krustsons
918 2938 1132 3020 Testamente,
1165 2938 1363 3023 brar-igenom
1398 2939 1562 3026 jordegods
1582 2938 1642 3006 och
1664 2944 1837 3027 penningar
1868 2942 2006 3008 snordnrs
2020 2942 2050 3006 till

426 3025 541 3086 kloster
562 3023 622 3086 och
646 3025 779 3108 kyrion,
799 3024 859 3088 och
881 3025 996 3108 ginden
1018 3027 1101 3087 Gom
1125 3025 1170 3087 till
1194 3025 1270 3086 hans
1290 3022 1410 3104 lustru,
1432 3025 1465 3086 εὖ
1489 3030 1575 3109 ltnge
1597 3027 1657 3088 hon
1680 3027 1690 3087 l
1712 3025 1842 3108 Suerigc
1863 3027 1955 3090 leirer
1973 3027 2040 3088 ecla

1814 3139 1840 3196 J.
1859 3145 1883 3199 3:
1902 3143 1954 3200 118.

376 3280 454 3356 ·Jn
485 3277 647 3359 nomine
676 3277 803 3385 patris
830 3294 871 3356 et
898 3277 971 3384 filij
987 3293 1026 3356 et
1043 3276 1217 3384 Spiritus
1233 3273 1368 3364 Sancti
1388 3305 1514 3362 amen.
1542 3277 1630 3386 Ego
1658 3276 1919 3369 Tutuotnuus
1944 3277 2052 3358 Kout-

290 3412 368 3470 sott
395 3387 600 3497 quondam
634 3389 792 3467 Domini
823 3387 983 3494 Bergeri
1012 3388 1158 3470 Diuina
1190 3388 1444 3495 prouidentia
1459 3389 1656 3470 Sueorum
1686 3389 2053 3500 Gothorumquelle·

291 3500 354 3606 gis
381 3501 548 3580 illustris
575 3497 829 3578 Marskalltus
855 3499 1033 3578 sentiens
1060 3517 1202 3578 contra
1233 3527 1295 3579 me
1327 3500 1443 3580 latam
1475 3505 1710 3590 sententiam
1740 3501 1880 3610 Regiae
1910 3501 2053 3580 maiesta-

293 3612 365 3706 tis,
393 3625 436 3688 rt
464 3607 809 3717 conquerentibus
849 3605 899 3689 de
933 3635 993 3687 me
1022 3607 1169 3688 faceret
1211 3610 1375 3690 iusticiae
1417 3611 1766 3721 complementum.
1825 3615 1886 3692 De
1914 3608 2053 3691 eiusdem

293 3729 426 3801 tamen
455 3718 608 3800 domini
638 3720 713 3800 mei
744 3717 1045 3815 beneuolentia,
1074 3736 1115 3800 et
1144 3721 1294 3830 pietate
1321 3721 1495 3802 oonlisus
1518 3722 1734 3832 plurimum
1764 3741 1807 3803 et
1836 3725 1921 3806 eius
1948 3721 2055 3824 beniga

293 3832 412 3912 nitati
439 3845 479 3910 et
507 3831 662 3938 gratiae,
691 3847 889 3940 quantum
919 3828 968 3910 ad
999 3859 1174 3958 praesens
1200 3831 1378 3912 seculum
1406 3851 1573 3941 spectat.
1624 3831 1833 3922 humiliter
1861 3850 1902 3915 et
1929 3833 2057 3942 penitus

293 3971 355 4023 me
382 3942 634 4026 submittens.
661 3959 856 4051 quantum
885 3961 1088 4023 serenitas.
1123 3943 1424 4052 magnificentiae
1451 3945 1790 4054 suaepermiserit.
1813 3959 2056 4028 testamentum

292 4083 422 4136 meum
451 4051 586 4134 condo
613 4070 654 4135 et
683 4051 828 4133 ordino
855 4054 897 4132 in
927 4052 1036 4134 huno
1064 4053 1241 4136 modum.
1299 4055 1519 4163 inprimis
1558 4054 1753 4135 fratribus
1797 4050 2057 4142 minoribusiu

293 4164 510 4248 Stochulm.
538 4161 645 4274 apud
674 4193 776 4273 quos
803 4164 1106 4246 ecclesiasticam
1137 4166 1176 4244 in
1207 4169 1381 4248 Domino
1409 4167 1517 4274 eligo
1535 4165 1808 4276 sepulturam,
1838 4167 1926 4276 lego
1939 4164 2057 4246 ousian

293 4303 417 4356 meam
446 4275 583 4381 Thyll.
613 4304 705 4355 cum
733 4276 919 4357 omnibus
948 4276 1186 4384 attinentijs.
1215 4279 1423 4387 provino,
1453 4278 1612 4362 oblatis.
1640 4305 1752 4376 cera,
1782 4279 1909 4374 Oleo,
1934 4295 1970 4368 et
1995 4271 2058 4380 aliis
2116 4275 2117 4326 ³

258 4385 343 4479 ¹ad
372 4385 556 4466 diuinum
586 4386 735 4468 cultum
767 4388 1074 4495 pertinentibus.
1106 4388 1386 4496 procurandis.
1414 4392 1517 4470 item
1549 4388 1737 4474 Ecclesiae
1766 4389 1983 4499 Vpsaleusi.
2007 4409 2056 4464 cu·

215 4593 219 4609 Ι
293 4499 391 4577 riam
423 4525 548 4577 meam
580 4499 619 4577 in
649 4497 892 4604 Gestringia.
921 4525 1012 4607 quae
1040 4499 1191 4580 dicitur
1207 4501 1335 4582 insula
1363 4502 1465 4581 Jtem
1491 4501 1677 4584 Ecclesia
1692 4502 1900 4587 Arosiensi
1937 4498 2055 4580 curiam

294 4635 419 4687 meam
449 4608 723 4691 Mulhammtrr.
751 4611 856 4689 ltem
886 4607 1071 4689 Ecclesiae
1100 4610 1142 4689 in
1171 4612 1414 4721 Stringenas
1442 4613 1594 4692 curiam
1622 4637 1746 4692 meam
1777 4613 1858 4696 Jdti
1885 4613 1976 4701 ‚item
2003 4605 2058 4685 Et*

294 4719 423 4799 clesiae
451 4719 638 4800 Slrarensi
668 4723 817 4801 curiam
850 4747 974 4800 meam
1004 4720 1173 4803 Haldiae.
1202 4725 1304 4802 Jtem
1335 4722 1523 4803 Ecclesiae
1538 4720 1761 4828 lincopensi
1783 4725 1932 4813 curiam
1959 4739 2058 4806 niun

294 4827 552 4937 Skiunarydh
583 4832 697 4912 Hanc
726 4849 857 4911 tamen
888 4828 1162 4912 conditionem
1190 4834 1341 4915 seruari
1371 4832 1486 4929 volo,
1515 4829 1666 4942 quoad
1680 4833 1815 4914 curias
1843 4827 2058 4942 supradictas

294 4971 385 5023 cum
414 4941 600 5024 omnibus
630 4942 851 5051 attinentiis
880 4959 926 5023 ut
954 4941 1006 5023 ad
1034 4970 1103 5022 eos
1131 4970 1224 5025 vsus
1260 4944 1417 5052 seruitii
1445 4944 1584 5026 Diuini
1612 4941 1864 5053 ¹deputentur
1891 4943 1983 5066 quus
2008 4957 2057 5014 res
