4317 5975
757 390 869 499 '·'·.-
972 373 1055 502 aas
1162 402 1225 485 :-

111 633 321 716 blandensi
348 628 518 717 salutem
547 652 589 716 et
616 637 797 742 gratiam.
828 639 1030 747 Rogamus
1059 645 1151 734 vos,
1182 630 1510 719 modisomnibus
1539 633 1717 722 volentes
1746 652 1913 723 mman-

111 744 275 841 dantes‚
304 764 504 857 quatenus
532 748 664 826 statim
697 750 791 829 visis
815 752 1082 857 praesentibus
1096 750 1147 835 ad
1164 747 1463 832 Rotbneberrid
1491 748 1532 830 in
1549 752 1845 859 Borringbolm‚
1873 768 1914 833 et
1981 766 1984 773 “

111 856 494 940 Herridstadberrid
525 860 565 938 in
595 857 759 956 Scania,
789 861 1055 968 personaliter
1083 861 1338 957 accedentes,
1365 863 1495 943 virum
1534 862 1729 971 nobilem,
1773 865 1912 945 Domi·

111 998 210 1049 num
238 969 463 1051 lobannem
493 968 646 1050 dictum
680 970 838 1068 caune,
882 972 1044 1052 militem
1072 973 1284 1055 reverendi
1312 974 1440 1055 Patris
1469 973 1632 1055 Domini
1661 973 1808 1070 learnt,
1836 975 1912 1055 Dei

110 1082 241 1187 gratia
272 1081 498 1163 Lundensis
526 1081 851 1191 Arcbiepiseopi‚
880 1083 1029 1164 Sveciae
1060 1085 1239 1193 primatis
1262 1084 1379 1165 electi
1408 1083 1666 1181 advocatum,
1694 1087 1736 1165 in
1764 1110 1912 1193 corpo·-

110 1193 236 1291 ralcm
254 1190 578 1300 ‘'somessionem
607 1192 809 1273 dictorum
841 1196 1046 1292 locorum,
1074 1195 1223 1303 jurium
1254 1213 1294 1276 et
1323 1196 1657 1303 pertinentiarum
1677 1196 1911 1293 eorundem,

110 1306 274 1384 nomine
303 1302 401 1385 dicti
431 1306 595 1386 Domini
624 1305 929 1415 Arebiepiscopi
956 1323 998 1386 et
1025 1305 1253 1389 Lundensis
1283 1304 1490 1403 Ecclesiae,
1526 1307 1745 1405 inducatis,
1774 1326 1815 1387 et
1842 1302 1911 1387 de·

111 1412 285 1512 fendatis
313 1415 547 1514 inductum,
576 1414 810 1496 mandantes
839 1446 889 1498 ex
918 1432 1034 1527 parte
1064 1434 1199 1501 nostra
1242 1416 1542 1497 habitatoribus
1569 1415 1770 1499 dictorum
1800 1417 1911 1499 loco'·
1961 1460 1974 1473 ·

110 1518 227 1621 rum,
255 1542 303 1605 ut
331 1526 526 1635 praedicto
555 1529 731 1608 Domino
771 1528 1111 1638 Archiepiscopo‚
1148 1546 1189 1611 et
1231 1528 1536 1612 Successoribus
1574 1530 1677 1623 suis,
1719 1544 1911 1639 tanqvatn

110 1638 288 1736 Domino
315 1664 391 1717 suo
418 1638 623 1739 bumiliter
650 1667 698 1718 ac
727 1637 874 1721 devote
900 1640 1114 1736 obediant,
1142 1658 1183 1721 et
1212 1637 1425 1721 intendant
1451 1638 1504 1720 de
1531 1642 1641 1721 omni
1668 1639 1756 1745 jure
1784 1640 1910 1747 lle'gio
1961 1656 1967 1663 '

111 1748 232 1855 plene
261 1763 303 1827 et
330 1750 504 1857 integre,
532 1751 575 1830 in
603 1748 756 1857 judicio
783 1768 823 1831 et
851 1769 966 1832 extra
993 1751 1184 1834 studeant
1213 1748 1469 1861 respondere.
1527 1750 1635 1831 Villa
1662 1748 1834 1845 Ystade‚
1870 1769 1910 1829 et

111 1859 345 1939 hominibus
371 1863 540 1958 nostris,
567 1860 668 1943 dicti
696 1861 1328 1958 Herridstadberrid‚duntaxat
1357 1860 1555 1970 exceptis,
1593 1860 1708 1968 juxta
1739 1860 1909 1941 formam

74 2063 78 2069 ,
109 1972 344 2051 scotationis
372 1971 572 2054 dictorum
601 1971 805 2069 locorum,
834 2002 954 2083 qvam
983 1974 1023 2051 in
1061 1971 1189 2054 literis
1217 1972 1311 2055 iude
1340 1972 1532 2054 confectis
1559 1970 1748 2053 videbitis
1777 1972 1908 2052 eonti-

93 2084 211 2162 ssneri.
238 2082 566 2165 Contradictores
593 2098 634 2163 et
663 2085 832 2165 rebelles
860 2084 1108 2165 authoritate
1122 2086 1247 2193 Regia
1261 2082 1560 2193 compellendo,
1591 2099 1714 2189 prout
1742 2082 1907 2189 Regiam
1996 2130 2004 2140 ·

108 2194 241 2274 vitare
267 2191 477 2276 volueritis
505 2194 715 2274 ultionem·
738 2198 884 2278 Datum
901 2195 1092 2305 Nyborg‚
1120 2199 1241 2277 Auno
1269 2196 1434 2277 Domini
1451 2192 1688 2277 M.CCC.lIl.
1717 2196 1759 2275 in
1787 2194 1908 2283 Caena

107 2305 273 2386 Domini
300 2306 344 2387 in
372 2307 583 2417 presentia
613 2324 760 2387 nostra.

16 2681 25 2693 ”
121 2692 301 2842 ι’389ι
484 2754 489 2759 ·
753 2696 897 2805 '1303
951 2695 1001 2805 d.
1054 2698 1088 2802 6
1135 2694 1295 2845 April.

99 2881 108 2891 ·
140 2962 147 2973 -
192 2917 344 3002 Bislopeu
366 2914 520 2978 niens·
540 2915 550 2975 i
572 2903 638 2977 lto
660 2917 833 3001 bytesbrei‚
864 2916 1074 2982 bearmedelst
1105 2917 1228 2983 Kurusc
1252 2918 1322 2983 med
1344 2939 1382 2986 cn
1405 2918 1449 2981 lor
1468 2914 1608 2979 tillsaller
1631 2900 1698 2979 ibo
1717 2906 1906 2994 domiyrka,

243 3010 329 3064 emot
349 2999 465 3062 bilsseu
487 2998 525 3060 al
541 2998 743 3064 Randamtki.
1615 3077 1657 3143 ,ΒΟ
1674 3079 1699 3134 5.
1719 3095 1774 3136 m
1893 3101 1898 3108 ⁴

222 3217 424 3300 Omnibus
454 3235 657 3326 presentes
687 3221 840 3301 litteras
869 3219 1110 3329 inspecturis
1138 3216 1315 3300 Maenas
1343 3217 1483 3300 diuina
1520 3215 1780 3299 miseracione
1811 3207 1907 3317 Epi-

108 3339 256 3439 scopus
284 3329 484 3411 Aboensis
509 3328 688 3412 Salutem
716 3331 761 3440 jn
790 3330 955 3412 domino
992 3331 1275 3438 sempiternam
1317 3331 1517 3434 Quoniam
1550 3344 1717 3437 propter
1745 3321 1905 3404 labilem

108 3443 317 3522 bominum
348 3441 575 3522 memoriam
603 3470 649 3522 ea
676 3471 757 3552 que
784 3441 856 3523 diu
884 3444 1111 3548 excogitata
1153 3456 1193 3520 et
1222 3462 1309 3522 acta
1337 3457 1434 3522 sunt
1477 3441 1647 3521 faciliter
1688 3433 1908 3518 traduntur

107 3553 310 3636 obliuioni
340 3553 417 3632 nisi
447 3551 670 3634 litterarum
699 3555 932 3634 testimonio
963 3551 1364 3634 luerintconlirmata
1393 3549 1554 3632 Jdcirco
1571 3569 1711 3630 notum
1741 3545 1908 3626 facimus

108 3666 308 3746 vniuersis
333 3664 549 3768 Quatenus
576 3693 651 3745 nos
679 3691 730 3746 ex
757 3692 956 3746 consensu
1000 3662 1167 3775 capituli
1197 3665 1323 3745 nostri
1359 3663 1472 3746 Cum*
1489 3664 1625 3743 Olauo
1653 3659 1907 3768 presencium

108 3778 337 3859 exhibitore
365 3772 569 3884 quandam
598 3779 957 3857 commutacionem
973 3792 1080 3856 terre
1095 3774 1316 3856 feceramus
1343 3773 1513 3858 subhac
1541 3773 1778 3854 condicione
1794 3765 1907 3879 quod
2040 3871 2045 3877 ·

108 3887 290 3970 dedimus
318 3886 396 3968 sibi
424 3883 674 3969 medietatem
703 3916 892 3995 agrorum
929 3901 1179 3967 nostrorum.
1202 3887 1405 3968 cultorum
1433 3889 1475 3996 ju
1505 3883 1781 3966 raentbaemaelri
1828 3905 1908 3958 me-

109 4001 260 4080 dietate
289 3998 449 4079 illorum
479 4025 571 4080 cum
598 3998 786 4080 omnibus
816 3999 903 4080 aliis
932 3994 1470 4106 wlgariterdictislindhum
1500 3994 1551 4078 ad
1580 4025 1693 4076 nsum
1723 4013 1904 4073 nostrum

105 4127 151 4190 et
178 4112 343 4192 ecclesie
371 4125 530 4191 retenta
559 4126 600 4190 et
629 4128 830 4190 resenaata
860 4110 921 4190 De
958 4110 1101 4192 eodem
1131 4135 1227 4188 vero
1257 4111 1376 4191 olauo
1404 4135 1542 4190 omnes
1557 4133 1675 4217 agros
1703 4133 1796 4187 suos
1821 4101 1906 4181 cul·

107 4241 174 4304 tos
201 4223 245 4333 jn
273 4221 467 4306 kurusnm
497 4249 588 4302 cum
615 4223 759 4304 ceteris
787 4222 875 4304 aliis
911 4221 1043 4301 minus
1071 4221 1223 4300 curatis
1250 4237 1291 4301 et
1322 4249 1415 4303 cum
1455 4219 1633 4332 quodam
1662 4219 1741 4299 alio
1768 4215 1906 4325 spacio
1978 4221 1980 4226 ’

75 4337 84 4346 ’
107 4353 217 4418 terre
245 4333 452 4441 wlgariter
480 4334 591 4416 dicto
620 4329 679 4416 lot
708 4332 760 4413 ad
788 4351 1026 4443 perpetuam
1038 4330 1205 4413 ecclesie
1219 4347 1358 4414 nostre
1388 4333 1676 4441 possessionem
1710 4331 1905 4435 recipien-

30 4451 34 4458 ’
107 4461 170 4531 tes
199 4453 250 4530 Jn
276 4449 392 4529 euius
421 4444 519 4527 laeti
547 4447 819 4527 testimonium
859 4445 1012 4524 firmius
1039 4458 1080 4522 et
1108 4435 1343 4551 perpetuam
1383 4443 1692 4526 ratificaciouem
1722 4439 1932 4552 Sigillum·
2003 4451 2005 4458 ’

107 4546 292 4643 nostrum
322 4587 399 4640 vua
427 4587 518 4639 eum
561 4557 693 4666 sigillo
721 4557 900 4667 Capituli
945 4555 1073 4636 nostri
1118 4555 1371 4662 presentibus
1398 4571 1459 4638 est
1488 4577 1709 4666 appensum
1756 4557 1904 4634 Datum

94 4669 230 4754 -Anuo
259 4671 421 4755 Domini
450 4665 715 4753 M'CCffIll'
746 4670 797 4748 ln
827 4667 961 4777 vigilia
993 4665 1150 4780 pasche.

580 4811 797 4898 osverslrrfi:
816 4813 864 4876 De
886 4811 999 4898 prediis
1021 4811 1051 4872 iu
1075 4811 1221 4876 lorusurn
1245 4831 1342 4898 prope
1362 4809 1433 4873 abo.
