4317 5975
797 424 851 443 -
966 301 1228 489 ψ

40 652 45 659 -
87 606 230 719 ¹ga‘trdb
248 612 371 686 ¹ware
399 611 511 685 ware
529 621 678 711 systres
707 605 822 687 huus
852 596 1154 693 blann'the'une·
1169 601 1269 712 gard
1285 604 1429 713 Norby
1459 632 1585 689 somrn
1615 603 1704 688 iach
1733 603 1909 693 ballwer
2001 672 2015 679 .-

111 720 280 802 acbtbett
309 717 413 797 mine
441 733 594 823 systrar
623 717 635 795 i
663 717 875 797 Calma'rne
918 715 1045 823 ligger
1074 715 1209 825 longtt
1237 714 1331 799 iffra
1374 716 1500 799 andre
1529 719 1654 798 theris
1685 718 1904 828 iordegodz

112 829 278 928 therfdre
308 827 459 909 hattus
486 826 559 933 wij
586 826 832 934 beradslagit
875 843 933 907 att
961 830 1073 933 giore
1103 827 1198 936 byte
1228 827 1318 911 med
1348 832 1432 909 min
1472 829 1629 939 systhcr
1659 829 1736 911 ocb
1764 830 1904 939 giffwe
1946 924 1951 940 1

110 946 231 1025 henne
260 940 406 1047 Norby
435 939 498 1019 for
526 939 652 1017 theno
683 939 811 1045 gardb
841 940 923 1019 hon
955 936 1123 1018 haffwer
1157 940 1169 1018 i
1196 938 1470 1045 Tylffsndha,
1499 960 1557 1023 att
1587 942 1653 1021 the
1683 948 1746 1022 mel
1776 942 1903 1023 thenn
1967 1044 1972 1051 α
2007 1018 2009 1023 ,

103 1051 345 1157 ewerdelige
374 1050 489 1159 agbe‚
518 1050 633 1129 bwar
662 1052 750 1132 ickc
778 1057 936 1157 nagenn
963 1048 1125 1129 andenn
1154 1053 1393 1133 mottsttielse
1423 1055 1514 1133 ther
1542 1082 1645 1132 vmm
1689 1069 1905 1159 yttremerc

110 1167 258 1249 bonate
287 1162 409 1243 kann.
438 1162 588 1243 Datum
616 1166 737 1243 Anno
766 1163 920 1244 domini
953 1162 1070 1243 1301.
1100 1161 1187 1269 l'yre
1216 1161 1318 1272 dage
1347 1164 1493 1247 elftber
1508 1164 1740 1246 Natiuitatis
1767 1164 1902 1247 Marie.

121 1558 279 1712 1346.
355 1527 362 1539 ’
584 1680 587 1685 .
734 1558 877 1664 1301
929 1556 977 1662 d.
1032 1596 1096 1663 12
1146 1556 1285 1705 Sept.
1498 1570 1500 1575 ’
1686 1531 1902 1661 Calmar.

184 1782 249 1842 Fru
271 1779 434 1840 laoccoacs
456 1775 762 1857 tilllrtnnagisvaude‚
784 1786 832 1839 att
855 1778 925 1840 mad
947 1777 1062 1840 henues
1084 1799 1184 1857 maus,
1209 1779 1288 1839 Herr
1309 1776 1560 1855 BengtPerssons
1580 1778 1640 1839 ocb
1662 1777 1771 1840 Haben
1794 1780 1905 1839 Laruas

235 1863 410 1944 samtycke,
431 1859 546 1922 lacones
566 1871 673 1941 system
694 1862 826 1922 Nunnan
839 1864 1015 1941 Margareta
1038 1864 1049 1921 i
1070 1862 1292 1943 Calnmr‚eger
1312 1870 1357 1922 att
1378 1862 1387 1919 i
1410 1860 1542 1923 lisstideu
1562 1862 1698 1943 begagna
1721 1862 1759 1924 de
1769 1860 1817 1923 till
1841 1862 1906 1923 Fru

234 1946 389 2025 lugeborg
423 1943 596 2009 scdermesa
625 1944 710 2007 iarf
728 1942 937 2008 bcmlallande
968 1944 1082 2023 godsen
1105 1946 1171 2005 Har
1214 1945 1285 2007 med
1306 1964 1440 2027 qvarnur
1461 1943 1520 2005 och
1544 1948 1661 2009 Malma
1684 1956 1764 2009 sarm
1784 1943 1905 2008 Knuts·
1966 1991 1972 2008 .

236 2029 295 2089 bro
317 2048 430 2110 (praru,
452 2036 532 2087 samt
553 2034 597 2086 att
618 2024 681 2087 bon
704 2026 754 2087 vid
777 2038 909 2110 systema
942 2026 1135 2107 diid'gilrler
1159 1966 1275 2102 bialum
1308 2027 1369 2089 och
1397 2024 1557 2091 Koutsbro
1579 2050 1677 2111 qvarn
1701 2028 1748 2090 till
1771 2028 1904 2091 bemttlte

236 2112 368 2189 kloster,
390 2108 450 2172 och
472 2110 594 2170 lemnae
615 2108 784 2193 Thyreae
804 2113 815 2172 i
837 2110 945 2195 utbytc
967 2122 1032 2172 mot
1052 2112 1172 2193 Norby.
1917 2116 1919 2123 '

1575 2192 1767 2272 'A.3.1*).

210 2326 412 2409 Omnibus
441 2321 644 2435 presentes
672 2326 828 2408 litteras
855 2326 1119 2437 jnspecturis,
1148 2348 1377 2410 auolauuots
1418 2328 1566 2407 coniux
1597 2325 1750 2438 dominj
1779 2327 1902 2412 bene·

100 2438 199 2521 dicti
230 2459 446 2548 paeterson,
474 2438 643 2529 salutem
674 2441 714 2519 in
745 2440 912 2521 domino
940 2444 1231 2547 sempiternam.
1274 2438 1433 2520 Tenore
1462 2440 1712 2548 presencium
1758 2454 1899 2521 notum

16 2636 20 2639 ,
99 2541 206 2631 {acio
235 2572 316 2631 tam
348 2552 519 2659 posteris
549 2577 672 2658 quam
700 2548 924 2646 modernis,
950 2551 1062 2661 quod
1088 2549 1201 2631 'bona
1231 2551 1364 2631 omnia
1387 2578 1467 2659 que
1482 2549 1626 2630 dilecta
1657 2578 1773 2632 soror
1802 2580 1900 2649 mea,

94 2689 215 2743 soror
248 2677 473 2767 margareta
503 2660 658 2741 ordinis
686 2657 987 2769 predicatorum
1020 2660 1261 2758 kalmarnie,
1300 2658 1486 2742 videlicet
1513 2659 1641 2770 hargb
1671 2690 1763 2741 cum
1791 2662 1902 2744 colo·
2017 2661 2021 2671 '

96 2776 164 2860 nis
193 2772 432 2854 molendinis
460 2800 507 2852 ac
536 2773 678 2851 ceteris
706 2773 937 2854 attinenciis
979 2772 1107 2854 eidem
1151 2773 1261 2853 curie
1301 2768 1578 2852 adiacentibus
1607 2789 1648 2850 ct
1676 2775 1828 2854 curiam
1858 2776 1898 2853 in
1988 2794 1992 2801 ·

11 2930 17 2942 ·
81 2873 263 2963 ‘maetmae
291 2900 331 2963 et
360 2882 634 2963 molendinum
672 2886 711 2963 in
755 2880 964 2978 knuzbro‚
1006 2883 1103 2964 mibi
1139 2883 1343 2964 dimiserat
1386 2882 1475 2991 jure
1503 2882 1744 2991 hereditario
1773 2887 1901 2994 possi·

94 2995 254 3088 denda,
272 2996 359 3077 ‘sibi
387 2993 438 3076 de
466 3021 663 3075 consensu
691 2994 844 3102 dominj
874 2994 1075 3077 benedicti
1104 2993 1239 3076 dilecti
1267 2997 1401 3074 mariti
1430 2995 1526 3090 mei,
1568 3013 1608 3075 et
1637 2995 1803 3106 haquini
1832 2995 1899 3076 lae·
2017 3039 2018 3044 Ν

97 3137 175 3187 mae
203 3107 274 3213 filij
303 3108 380 3187 mei
409 3107 634 3212 reassigno‚
662 3105 720 3212 jta
748 3106 860 3216 quod
891 3106 996 3187 dicta
1028 3107 1135 3188 bona
1165 3133 1212 3186 nc
1241 3105 1422 3188 redditus
1442 3135 1487 3185 ac
1511 3122 1732 3213 prouentus
1762 3133 1899 3190 omnes

94 3219 151 3301 de
181 3216 330 3299 eisdem
358 3215 506 3299 habeat
534 3215 661 3298 libere
688 3233 730 3296 et
757 3216 1079 3299 irreuocabiliter
1109 3219 1149 3296 in
1181 3213 1322 3299 diebus
1354 3216 1455 3312 suis,
1498 3234 1589 3323 post
1617 3218 1772 3302 obitum
1802 3205 1932 3300 vero'

91 3331 227 3438 ipsius
254 3331 341 3438 ipsa
370 3328 477 3410 bona
493 3326 648 3438 absque
663 3325 966 3409 contradicione
994 3328 1211 3410 cuiuslibet
1243 3329 1339 3408 mibi
1367 3345 1408 3408 et
1437 3329 1533 3407 meis
1562 3327 1779 3410 heredibus
1809 3359 1901 3439 per·
1999 3366 2003 3388 ι

92 3443 308 3538 timebunt,
340 3455 475 3550 preter
503 3437 734 3520 molendina
748 3442 790 3519 in
807 3437 996 3520 knuzbro
1024 3457 1063 3522 et
1093 3442 1243 3520 curiam
1274 3467 1399 3536 meam
1430 3439 1472 3518 in
1501 3438 1696 3522 maclmum
1720 3470 1799 3552 que
1829 3469 1900 3546 ro·
1980 3459 1986 3470 ‘

93 3557 139 3634 lo
172 3569 262 3663 post
291 3550 419 3634 meum
449 3550 606 3631 obitum
635 3552 814 3632 claustro
849 3579 1031 3634 sororum
1065 3550 1231 3665 ordinis
1273 3551 1568 3660 predicatorum
1598 3549 1820 3633 kalmarnie
1849 3551 1900 3634 ad

91 3665 294 3745 fabricam
322 3661 486 3744 ecclesie
515 3679 714 3771 perpetuo
742 3665 954 3771 pertinere.
984 3664 1171 3744 Ceterum
1203 3690 1273 3769 per
1303 3680 1506 3770 presentes
1536 3690 1779 3772 recognosco
1809 3692 1898 3744 cum

64 3805 298 3883 *consensu
328 3772 483 3880 donrinj
513 3773 714 3855 benedicti
743 3773 943 3882 paeterson
971 3790 1012 3856 et
1041 3773 1112 3853 filii
1142 3775 1217 3853 mei
1247 3771 1414 3884 haquini
1444 3773 1566 3854 laemae
1588 3778 1741 3856 curiam
1772 3803 1899 3854 meam

90 3892 140 3970 in
170 3883 414 3994 Thylsstadh
443 3914 563 3998 quam
592 3911 708 3966 soror
738 3911 823 3966 mea
853 3884 948 3966 mihi
977 3885 1250 3992 assignauerat
1286 3883 1374 3991 jore
1405 3883 1648 3964 hereditario
1692 3887 1899 3993 possiden-

90 3999 213 4097 dam,
249 3998 435 4080 Claustro
470 4024 654 4078 sororum
684 3993 906 4076 kalmarnie
935 4022 1010 4104 pro
1039 3995 1151 4078 curia
1181 3993 1396 4076 earundem
1429 3993 1562 4092 norbir
1590 4013 1716 4108 sytam
1748 3997 1788 4076 in
1819 4003 1932 4078 n‘aen

88 4112 195 4193 ricia
227 4140 288 4192 me
316 4109 481 4190 dedisse.
512 4109 564 4188 Jn
591 4109 736 4188 horum
764 4107 890 4216 igitur
918 4105 1044 4187 robur
1073 4123 1114 4186 et
1143 4106 1346 4190 munimen
1374 4103 1546 4216 sigillum
1578 4109 1788 4216 proprium
1818 4134 1897 4186 vna
2004 4138 2011 4152 ³
2105 4103 2110 4122 ⁶

88 4253 191 4305 cum
221 4221 361 4329 sigillis
389 4217 543 4326 domiuj
570 4215 773 4301 benedicti
803 4235 1000 4327 paeterson
1017 4215 1152 4298 dilecti
1169 4219 1300 4299 mariti
1331 4219 1428 4312 mei,
1455 4217 1609 4326 dominj
1639 4217 1898 4327 Magnjkarl3
2014 4282 2021 4307 ,

90 4329 196 4431 son,
238 4331 394 4439 dominj
422 4331 588 4412 Thuriri
617 4330 798 4410 kaetilson
830 4348 870 4411 et
898 4328 1036 4409 dilecti
1079 4326 1149 4408 filii
1180 4329 1256 4410 mci
1285 4329 1480 4438 Haquiui¹
1504 4327 1613 4410 loema
1644 4329 1898 4440 presentibus
1950 4369 1955 4372 ·
1996 4333 2000 4338 ’

46 4465 155 4527 'est
184 4472 418 4554 appensum.
469 4446 615 4523 Datum
655 4439 875 4522 kalmarnic
904 4468 1013 4520 anno
1043 4439 1220 4548 dominj,
1264 4439 1476 4538 M⁰,CCC⁰‚
1505 4444 1655 4550 primo,
1684 4441 1781 4524 feria
1803 4441 1898 4532 r‚Ill

89 4555 206 4640 infra
236 4573 401 4638 octauas
428 4554 651 4636 natiuitatis
679 4552 846 4660 virginis
872 4552 1058 4661 gloriose.
1386 4563 1389 4571 '

135 4774 164 4855 *J
186 4767 237 4828 Ur
258 4787 296 4827 en
318 4765 354 4827 af
371 4763 505 4845 Konnng
529 4764 635 4846 Rirger
656 4761 715 4824 deu
738 4783 776 4845 ²7
800 4761 878 4844 Aug.
905 4760 980 4822 1306
1002 4759 1170 4822 vidimerad
1195 4759 1326 4825 ulslril'l.
