4317 5975
977 331 1036 363 ..-
1145 276 1396 396 672¹-

253 507 379 607 runs,
421 506 533 592 zelus
565 523 718 606 vester,
758 503 1039 591 concalescant
1071 505 1221 608 corda,
1262 503 1531 590 inflammetur
1571 503 1762 604 allectus,
1799 521 1839 590 et
1872 509 2015 606 ellectum

140 696 142 707 .
278 615 470 732 prompta
511 646 537 701 o
591 620 647 701 ris
671 619 931 728 ,proaequcio
958 618 1179 730 subscqma
1208 617 1475 715 commendet.
1551 619 1681 700 Cuius
1719 619 1857 706 etenim
1890 617 2051 732 pacmiu'

278 731 405 814 eciam
447 645 598 839 lapideei
639 747 1005 840 quantamcumque
1031 729 1226 814 duriciam
1265 757 1348 812 non
1376 727 1554 814 emolliat
1581 725 1830 811 considerata
1853 729 1943 816 illias
1968 737 2020 826 bu·

206 841 525 924 *manucionis
561 837 787 937 humilitas,
827 841 872 923 in
906 868 986 951 qua
1020 840 1126 922 lilius
1154 837 1219 925 dei
1256 842 1385 923 factus
1412 840 1533 922 bomo
1566 841 1793 922 exinaniuit
1817 848 2021 955 semetipum

277 949 451 1036 formam
479 950 587 1034 serui
614 949 817 1060 accipiens
843 951 887 1033 in
915 949 1218 1034 similitudinem
1246 951 1456 1034 hominnm
1492 951 1621 1034 factus
1649 966 1691 1034 et
1719 946 1857 1034 babitu
1881 955 2023 1044 inuentus

275 1078 327 1150 ut
350 1061 487 1145 bomo.
542 1061 669 1143 Cuius
694 1063 847 1144 viscera
875 1088 958 1144 non
985 1061 1165 1144 inflamet
1192 1064 1373 1146 caritatis
1401 1061 1547 1146 ardore
1576 1064 1642 1172 pia
1670 1060 1927 1148 concideraein
1949 1068 2024 1156 illim

275 1171 573 1256 bumiliaciunis
599 1190 797 1267 ostreum,
824 1173 868 1254 in
894 1201 977 1284 qua
1004 1175 1091 1284 ipse
1117 1171 1245 1257 factus
1279 1171 1473 1256 obediam
1500 1201 1628 1285 usque
1654 1171 1707 1256 ad
1734 1189 1894 1256 mortem
1916 1175 1958 1259 ad
1975 1205 2024 1264 cx·

277 1283 567 1396 probrancium
595 1283 818 1394 opprobria
848 1283 967 1366 velud
995 1311 1125 1392 agnus
1152 1311 1288 1366 coram
1317 1281 1511 1367 tondente
1536 1311 1581 1366 se
1610 1311 1703 1366 rere
1731 1285 1835 1368 mitis
1858 1287 2025 1390 obmutuit,

277 1411 322 1480 et
347 1397 454 1478 sicut
481 1395 571 1476 ouis
598 1391 651 1476 ad
678 1395 920 1477 occisionem
948 1392 1113 1492 ductus,
1143 1411 1236 1504 post
1264 1394 1527 1478 contumelias
1552 1411 1594 1478 et
1616 1410 1810 1494 terrores,
1837 1400 2027 1508 postepina

278 1522 322 1590 et
348 1525 488 1618 sputa,
515 1521 609 1616 post
636 1503 794 1614 flagella
822 1499 975 1602 varia,'
989 1507 1185 1588 innocens
1212 1523 1272 1588 est
1299 1509 1384 1588 sine
1412 1534 1532 1589 causa
1560 1505 1812 1616 dampnatus,
1842 1535 1885 1590 ro
1909 1507 2027 1608 demum

200 1685 203 1690 .
235 1669 239 1674 f
276 1613 483 1703 saturatus
510 1614 765 1727 obprobriis,
798 1614 936 1700 clauis
964 1616 1128 1713 affixus,
1161 1635 1276 1700 aceto
1303 1635 1344 1700 et
1373 1617 1464 1700 lelle
1494 1633 1657 1726 potatus
1693 1617 1737 1698 in
1764 1618 1887 1700 crucis
1911 1619 2030 1728 patibu-

198 1748 202 1756 '
278 1724 343 1827 lo,
373 1724 582 1812 tamidire
608 1727 751 1808 mortis
777 1726 903 1810 subiit
932 1730 1174 1838 passionem,
1202 1730 1424 1812 Mistcrium
1453 1745 1591 1810 nostre
1619 1724 1903 1836 redempcionis
1926 1753 2030 1812 cunm·

277 1867 408 1938 mans,
438 1853 529 1950 post
556 1836 750 1920 traditum
778 1839 908 1948 eciam¹
930 1838 1132 1950 spiritum,
1158 1839 1297 1922 lancee
1324 1838 1511 1922 illusione
1529 1837 1804 1950 (banniamus.
1841 1840 1918 1920 Hac
1941 1842 2029 1949 igimr

277 1951 354 2035 lilii
394 1966 435 2032 et
473 1947 780 2030 innumerabilia
809 1948 948 2032 diuine
977 1949 1175 2058 largitatis
1205 1949 1416 2034 karismata
1446 1952 1488 2032 in
1516 1965 1624 2032 terra
1661 1948 1860 2058 predicta,
1897 1951 1962 2058 ipsi
1981 1951 2032 2032 bu·

279 2090 402 2145 mano
444 2063 615 2170 inpensa
654 2058 795 2168 generi
835 2061 888 2145 ab
928 2057 1072 2142 eodem
1116 2061 1373 2172 redemptore
1416 2063 1614 2170 piissimo,
1655 2063 1689 2140 si
1716 2060 1936 2170 frequenter
1959 2061 2032 2156 iuba

280 2175 456 2257 claustra
486 2172 659 2280 pectoris
687 2187 843 2252 attenta
872 2170 1140 2254 meditaciouc
1167 2174 1391 2269 reuoluitis,
1418 2173 1473 2270 si,
1501 2201 1583 2282 qua
1612 2171 1724 2254 decet
1739 2173 2032 2280 attencioncpen·

280 2287 397 2381 satis,
424 2285 518 2394 quis
546 2298 721 2364 vestrum
738 2309 822 2363 non
845 2281 1021 2365 lernebit
1035 2285 1217 2384 interius,
1235 2285 1333 2366 loris
1347 2282 1516 2365 ebulliat
1531 2282 1771 2365 exclamabit
1786 2297 1827 2364 et
1839 2279 1934 2364 dicet
1956 2283 2032 2386 Quid

156 2441 161 2448 ·
280 2394 505 2483 retribuam
533 2391 697 2476 domino
725 2421 803 2502 pro
831 2394 1019 2476 omnibus
1059 2423 1141 2506 que
1173 2397 1363 2478 retribuit
1405 2395 1503 2476 mibi
1529 2411 1571 2477 et
1598 2423 1681 2477 uon
1710 2409 1918 2504 expectato
1944 2394 2032 2474 moni·

280 2509 382 2592 toris
412 2505 475 2586 vel
502 2503 774 2586 sollicitatoris
802 2505 936 2588 officio
962 2505 1184 2616 subiungat
1212 2507 1431 2590 ultroneus.
1488 2507 1660 2602 Calicem
1683 2505 1871 2586 salutaris
1888 2507 2033 2612 accipian

189 2672 192 2678 -
283 2635 325 2701 et
354 2643 503 2700 nomen
530 2614 684 2698 domini
712 2615 924 2700 inuocabo.
981 2618 1085 2720 Quis
1113 2619 1200 2700 sine
1230 2618 1446 2703 acutissimi
1479 2615 1633 2700 doloris
1660 2617 1810 2699 aculeis
1831 2614 2034 2698 considerare

276 2720 420 2840 'potest
448 2754 531 2810 non
560 2726 692 2808 solnm
720 2727 949 2810 veneranda
975 2742 1016 2809 et
1045 2729 1221 2836 piissima
1251 2727 1337 2812 loca
1367 2728 1455 2825 illa,
1497 2729 1540 2810 in
1569 2756 1744 2839 quorum
1787 2727 1911 2810 altero
1940 2728 2033 2806 oriens

281 2869 333 2923 ex
359 2838 443 2922 alto
473 2864 549 2947 pro
576 2838 695 2922 nobis
709 2840 821 2920 nasci
835 2839 1026 2948 dignatus
1041 2839 1257 2938 humiliter,
1287 2841 1327 2922 in
1345 2840 1503 2951 reliquo
1520 2841 1621 2920 mori
1636 2837 1853 2924 crudeliter
1867 2834 2035 2944 nonesrpa·

281 2953 370 3051 uit,
392 2965 454 3033 set
481 2949 607 3053 eciam
623 2951 740 3061 quasi
767 2953 846 3035 iam
865 2966 991 3035 totam
1008 2965 1159 3033 terram
1182 2948 1350 3034 eandem
1380 2979 1501 3064 quam
1522 2953 1609 3061 ipse
1635 2952 1740 3034 idem
1769 2977 1843 3034 sna
1869 2947 2036 3033 illustrauit

282 3060 489 3173 corporali
532 3065 759 3171 presencia,
789 3062 993 3144 miraculis
1035 3062 1275 3151 clarifieauit
1310 3064 1512 3145 immensis
1539 3064 1581 3145 et'
1610 3062 1772 3163 tandem
1802 3062 1980 3156 allusione
1998 3056 2038 3141 sni

279 3175 455 3286 preciosi
480 3174 688 3283 sanguinis
715 3175 758 3254 in
785 3190 923 3257 nostre
950 3174 1091 3277 salutis
1124 3177 1300 3285 precium
1330 3176 1602 3271 consecrauit,
1629 3190 1887 3287 occupatam,
1913 3200 1974 3283 per
1993 3194 2039 3261 ut·
2098 3166 2100 3267 l

137 3284 143 3291 ’
280 3284 535 3369 landissimos
576 3311 804 3383 saracenos,
846 3286 1027 3395 ipsorum
1054 3284 1315 3368 immundicia
1345 3286 1492 3397 pollui,
1533 3283 1735 3367 fedissima
1763 3312 1902 3367 eorum
1925 3282 2039 3395 =habita·

131 3432 141 3451 ·
281 3398 400 3479 cione
430 3395 569 3477 fedari.
624 3397 727 3497 Quis
753 3396 907 3507 absque
936 3424 1087 3478 summa
1124 3394 1390 3481 amaritudine
1424 3412 1710 3479 commemoret
1748 3412 1815 3477 tot
1849 3396 2038 3477 christiam·

281 3535 375 3588 rum
402 3524 534 3589 castra
563 3506 757 3589 Ciuitates
784 3522 827 3587 et
854 3508 931 3588 alia
961 3506 1048 3589 loca
1076 3508 1313 3615 sollempnia
1341 3504 1545 3591 destructa
1577 3491 1743 3616 penitus
1764 3505 1872 3593 etad
1892 3503 2037 3587 nichilum
2098 3496 2100 3595 l

106 3612 110 3619 ’
155 3659 160 3667 a
282 3616 448 3699 redacta
475 3634 682 3698 eteorum
711 3614 1118 3699 incolaseorumdem
1147 3645 1429 3701 saracenorum
1459 3621 1698 3703 inmanitate
1722 3620 1955 3727 perbemtns.
1977 3616 2042 3697 rra

160 3758 166 3769 ⁸
281 3726 413 3831 dolor.
456 3728 561 3831 Quis
589 3728 686 3807 noui
722 3753 856 3825 casus,
884 3755 1005 3840 quem
1034 3726 1249 3839 deplorare
1279 3728 1378 3811 libet
1407 3732 1542 3841 potius
1575 3758 1698 3844 quam
1735 3756 1917 3828 narrare,
1954 3725 2041 3807 solas

284 3866 427 3934 censor
454 3854 495 3921 et
522 3836 798 3921 discriminum
826 3867 907 3951 que
934 3842 1169 3921 comminari
1198 3838 1423 3955 vide(n)tur
1451 3840 1663 3939 discussor,
1691 3843 1887 3923 attentius
1913 3867 1975 3949 per
1995 3862 2042 3915 nn

158 4035 160 4044 ,
283 3966 390 4033 ctem
416 3964 458 4031 et
486 3948 613 4044 diem,
641 3951 756 4061 quasi
783 3968 1014 4033 torrentem·
1040 3951 1223 4033 lacrimas
1250 3978 1335 4033 non
1371 3950 1552 4036 deducat
1609 3952 1733 4037 Cuius
1761 3953 1870 4037 oculi
1900 3944 2040 4062 puppilla

149 4067 154 4103 ⁵
284 4062 445 4145 tacebit.
530 4060 658 4144 Cuius
699 4064 875 4169 pectoris
917 4061 1102 4172 penetral
1143 4062 1371 4146 continebit
1411 4064 1601 4175 suspiria,
1643 4061 1708 4145 vel
1745 4065 1791 4147 in
1834 4062 2043 4173 cingulum
2099 4156 2100 4165 p

285 4171 561 4284 frequentiam
591 4197 677 4253 nou
704 4190 892 4281 erumpat
935 4172 1098 4278 lugubri
1140 4174 1488 4284 contemplacione
1527 4200 1759 4271 recensens,
1785 4174 1900 4287 quod
1940 4196 2043 4283 quum·

284 4310 458 4395 eumque
502 4297 629 4363 mater
679 4282 844 4365 ecclesia
868 4365 871 4371 ,
891 4312 1027 4365 casum
1077 4284 1249 4369 eundem
1304 4288 1516 4396 prouenire
1551 4286 1754 4369 studuerit
1803 4285 1942 4369 incolis
1981 4282 2042 4393 iu·

284 4424 377 4480 rum
420 4394 598 4504 partium
640 4393 683 4474 in
723 4393 846 4501 galeis
887 4392 1131 4477 bellatorum
1167 4395 1428 4481 multitudine
1463 4426 1512 4481 ac
1546 4397 1823 4483 subuencione
1882 4420 2044 4479 ecumeru
2099 4450 2100 4505 ,

246 4569 252 4583 .
287 4507 398 4593 iuxta
437 4531 666 4613 persuasam
702 4506 755 4589 eb
788 4506 847 4587 eis
886 4502 1130 4589 denunciata
1163 4508 1411 4591 necessitatis
1446 4508 1695 4618 exigcnciam
1733 4526 1774 4594 et
1801 4426 1935 4591 abiate
1957 4527 2045 4615 supet
2098 4506 2100 4555 l

236 4635 240 4640 “
286 4616 364 4697 hoc
392 4616 607 4723 peticionis
637 4615 893 4713 instanciam,
921 4616 1191 4703 succurend0.
1217 4618 1640 4703 nihilominustamen
1674 4620 1829 4701 Ciuitas
1857 4616 2044 4701 acconensis

287 4726 345 4807 sic
374 4726 552 4807 eiusdem
580 4725 745 4807 ecclesie
782 4727 919 4810 studio
946 4730 1191 4811 communita
1220 4727 1485 4841 qnadraginta
1519 4748 1560 4811 et
1588 4746 1765 4841 quatuor
1794 4725 1933 4813 diebus
1957 4726 2045 4809 arcis·

62 4862 71 4881 ’
111 4816 116 4825 “
161 4908 172 4916 ,
287 4838 388 4919 sima
415 4835 644 4919 babilonios
672 4840 858 4947 potencie
884 4837 1096 4921 obsidione
1122 4838 1388 4966 circumdata,
1416 4840 1668 4925 terribilibus
1697 4842 1890 4927 machinis
1914 4836 1971 4921 die
1992 4838 2046 4921 n'o·
