4317 5975
980 504 1035 523 ..
1156 460 1396 559 ,36-

210 755 213 763 .
300 692 466 831 1454,
931 686 1083 805 1305
1129 690 1178 801 (l.
1233 696 1300 807 18
1347 694 1453 796 Jan.
1582 858 1584 867 Ι
1882 694 2040 845 Upsala.

371 918 597 999 halebislopea
619 915 629 975 l
650 912 769 996 Upsala
790 912 865 975 Nus
886 912 1050 975 assason
1070 914 1336 977 testamentarisla
1368 911 1541 991 anordning
1574 908 1620 971 till
1654 910 1772 995 lyrlor
1792 912 1850 975 och
1871 915 1983 993 ttosnr,
2007 923 2042 982 till

306 1036 310 1047 .
424 1003 497 1081 lb'l‘pe
518 998 633 1061 hvaral
649 998 804 1082 griltplats
825 996 865 1056 lb'
905 1018 920 1056 s
941 997 951 1055 i
972 996 1103 1079 Upsala,
1125 996 1185 1059 och
1209 998 1255 1057 till
1279 998 1311 1059 Β.
1334 996 1451 1060 Nicolai
1465 994 1568 1079 kepell
1592 995 1693 1057 arelas
1713 998 1924 1061 altmarllaod
1943 1001 1952 1060 i
1969 1002 2044 1083 ltetgt

345 1142 358 1161 χ
420 1086 430 1151 i
452 1082 612 1159 Falisuada
633 1080 760 1153 sochen,
782 1016 1070 1162 oetrlemarttand
1094 1082 1102 1142 i
1126 1082 1192 1143 Hol
1209 1081 1217 1139 i
1241 1079 1345 1142 Rasho
1367 1080 1488 1141 meten.
2008 1078 2013 1107 ¹

1864 1140 1943 1218 'aa

354 1315 357 1330 '
399 1304 450 1381 lu
479 1298 652 1380 Nomine
684 1296 813 1379 Patris
841 1312 882 1377 et
912 1294 1002 1404 filij,
1040 1315 1078 1378 et
1107 1296 1272 1405 spiritus
1298 1299 1428 1379 sancti
1462 1300 1610 1393 Amen,
1653 1298 1753 1377 Cum
1786 1315 1946 1380 testante
1970 1330 2044 1409 apo·

286 1411 412 1509 stolo,
440 1425 635 1500 statutum
665 1410 715 1493 sit
745 1408 979 1490 hominibus
1005 1407 1126 1488 semel
1157 1411 1277 1505 mori,
1321 1437 1394 1489 nec
1422 1412 1634 1519 quisquam
1665 1413 1716 1489 sit
1744 1410 1958 1509 hominum,
1994 1418 2045 1522 qui

187 1529 192 1539 ’
285 1528 418 1620 viuat,
447 1539 488 1601 et
518 1551 599 1602 non
629 1520 762 1601 videat
791 1538 977 1615 mortem,
1007 1518 1175 1600 Cunctis
1203 1547 1368 1629 quoque
1398 1520 1653 1614 mortalibus,
1683 1520 1768 1601 dies
1797 1540 1837 1602 et
1863 1520 2047 1603 horamor·

282 1638 339 1719 tis
367 1637 448 1715 sint
476 1636 649 1727 incerta,
678 1632 837 1711 Jdcirco
867 1632 951 1711 Nos
979 1630 1186 1711 N1couaus
1215 1628 1277 1711 dei
1307 1639 1448 1738 gracia
1478 1632 1804 1739 archiepiscopus
1848 1634 2046 1743 vpsalensis,

154 1832 160 1846 ,
275 1747 439 1831 ‚exitum
473 1762 649 1823 nostrum
681 1742 730 1823 de
759 1742 836 1822 hoc
866 1740 1018 1821 mundo
1048 1742 1845 1841 volentessalutaribusordinacionibus,
1872 1744 1922 1825 ob
1948 1748 2048 1827 anime

286 1877 424 1941 nostre
454 1854 673 1943 remedium
692 1852 874 1962 prouida
903 1851 1140 1961 prouidere,
1173 1854 1221 1932 Jn
1252 1870 1390 1933 nostra
1420 1854 1620 1961 upsalensi
1643 1855 1830 1951 ecclesia,
1854 1858 1969 1937 nostri
1982 1884 2046 1936 cor·

249 2005 255 2016 ·
285 1971 399 2081 poris
428 1968 609 2073 eligimus
636 1966 908 2072 sepulturam,
951 1964 1027 2042 Cui
1058 1988 1133 2071 pro
1162 1962 1317 2054 edilicin
1363 1992 1437 2045 suo
1467 1966 1709 2046 conferimus
1750 1986 1790 2046 et
1820 1969 2048 2075 assignamus,

126 2106 133 2119 ’
222 2066 236 2182 ’,
287 2079 564 2185 Quadraginta
595 2074 777 2159 marchas
805 2075 1084 2172 denariorum,
1124 2074 1186 2156 Ad
1229 2074 1431 2183 Capellam
1477 2076 1587 2158 Beati
1622 2077 1799 2176 Nicolai,
1842 2078 2048 2160 conserimus

280 2188 639 2277 ,vnam'marcham
673 2206 799 2281 terre,
829 2186 870 2266 in
899 2184 1068 2293 lrelgh56‚
1100 2189 1291 2295 parocbia
1322 2185 1535 2286 frasundi,
1557 2188 1738 2269 volentes
1757 2206 1801 2269 vt
1814 2188 1864 2271 de
1892 2192 2048 2296 pensione

286 2299 430 2387 exinde
460 2300 743 2409 proueniente,
774 2297 1025 2405 Cappellano
1044 2297 1093 2377 de
1110 2299 1228 2379 beato
1244 2298 1415 2380 Nicolao
1430 2302 1565 2381 missas
1589 2298 1749 2380 facienti
1770 2302 1933 2409 singulis
1957 2306 2049 2409 septi·

192 2455 194 2458 ·
283 2418 413 2494 manis
442 2441 483 2490 rn
513 2437 620 2511 anno
650 2408 878 2519 aliqualiter
907 2409 1221 2517 respondeatur,
1267 2412 1369 2491 Jtern
1401 2410 1452 2492 ad
1483 2409 1687 2519 Capellam
1717 2410 1884 2492 eandem
1912 2415 2050 2494 conseri·

285 2551 375 2605 mus
403 2520 606 2602 dimidiam
637 2519 836 2602 marcham
867 2536 994 2616 terre,
1024 2522 1064 2599 in
1097 2518 1220 2618 bwlf,
1250 2523 1440 2631 parochia
1469 2523 1799 2620 Resbohunderi,
1834 2524 1998 2604 volentes
2019 2542 2050 2604 rt

283 2633 336 2716 de
365 2635 556 2743 pensione
598 2632 742 2713 exinde
787 2634 1073 2741 proueniente,
1102 2632 1276 2713 scolares
1305 2633 1468 2743 paruuli
1496 2636 1723 2715 assistentes
1761 2635 1998 2743 Cappellann
2019 2637 2047 2713 in

285 2747 401 2828 missa
431 2746 720 2852 respiciantur,
750 2741 1031 2823 Desiderantes
1060 2746 1185 2825 eciam
1214 2763 1438 2826 sanctarum
1468 2746 1836 2855 congregacionum
1864 2746 2049 2855 suliragijs,

274 2854 399 2965 'apud
426 2858 744 2964 omnipotentem
773 2854 941 2936 iudicem
974 2856 1201 2963 specialiter
1230 2858 1439 2953 adiuuari,
1479 2857 1690 2965 Religiosis
1725 2858 2002 2955 conuentibus,
2023 2876 2050 2938 et

147 2973 176 3034 ι’
285 2968 366 3080 pijs
395 2968 492 3050 locis
520 2983 655 3048 nostre
685 2967 868 3070 diocesis
898 2965 948 3048 de
977 2967 1095 3048 bonis
1124 2995 1144 3045 a
1177 2967 1254 3051 deo
1285 2968 1419 3064 nobis,
1448 2989 1488 3050 et
1514 2965 1968 3079 nostredispensacioni,
1988 2999 2049 3050 cre·

262 3081 383 3163 'ditis
411 3097 452 3160 et
479 3081 697 3175 concessis,
725 3080 951 3160 elimosinas
980 3081 1066 3188 pias
1097 3077 1284 3161 duximus
1313 3080 1592 3178 conserendas,
1620 3082 1671 3159 Jn
1700 3085 1841 3189 primis
1874 3081 2049 3162 Fratribta

283 3209 421 3272 nostre
450 3188 645 3289 dyocesis,
673 3192 723 3270 de
752 3189 894 3270 ordine
924 3192 1137 3270 minorum.
1167 3189 1376 3273 duodecim
1410 3191 1898 3291 marchasdenariorum,
1931 3193 2050 3273 Fratri·

186 3377 189 3383 .
285 3305 362 3385 bus
392 3300 734 3410 predicatoribus,
777 3301 1010 3383 Duodecim.
1054 3303 1247 3384 marchas.
1278 3304 1439 3399 denam,
1484 3308 1582 3384 ltem
1612 3305 1824 3385 sororibus
1855 3303 2049 3408 monasterii

284 3431 420 3494 sancte
450 3415 567 3492 Clare
595 3412 849 3508 stolrholmis,
877 3413 988 3494 Tres.
1020 3413 1208 3494 marchas.
1239 3413 1496 3495 denariorum
1528 3415 1680 3522 Domuj
1697 3413 1759 3496 dei
1777 3415 1937 3497 ibidem.
1964 3415 2049 3496 duas.

198 3535 239 3612 ’,
286 3525 477 3610 marchas.
509 3523 777 3606 denariorum.
808 3527 909 3604 ltem
927 3521 1168 3603 dominabus
1196 3526 1236 3604 in
1261 3525 1345 3605 sho.
1376 3555 1455 3606 sex.
1486 3527 1677 3606 marchas.
1707 3527 1847 3609 denar.
1877 3531 1973 3609 ltem
1998 3527 2050 3606 ho·

285 3637 420 3743 spitali
451 3636 712 3742 Enicopensi,
741 3662 821 3716 sex.
854 3636 1043 3715 rnarchas.
1074 3632 1209 3716 denar.
1243 3638 1345 3716 ltem
1379 3637 1554 3718 Ecclesia
1584 3641 1703 3718 Beate
1733 3641 1902 3749 virginis
1929 3637 2050 3749 vpsalie

156 3814 160 3829 .
284 3775 366 3827 sex.
397 3747 586 3826 marchas.
616 3745 773 3843 denam,
802 3746 1029 3827 Presbitero
1057 3775 1187 3826 unam.
1217 3748 1429 3830 marcham.
1457 3747 1593 3830 denar.
1631 3751 1734 3830 ltem
1765 3753 1928 3832 ecclesie
1954 3749 2052 3830 sancti

285 3861 405 3953 Petri,
434 3857 545 3940 duas.
574 3858 767 3939 marchas.
794 3858 930 3939 denar.
959 3859 1197 3954 Presbitero,
1230 3886 1362 3940 vnam.
1393 3862 1603 3942 marcham.
1633 3859 1770 3942 denar.
1802 3861 2053 3944 ltemecclesie

252 3957 259 3970 .
283 3987 420 4052 sancte
448 3968 676 4065 Trinitatis,
706 3971 915 4072 Quatnor.
936 3969 1128 4055 marchas.
1163 3970 1300 4052 denar.
1340 3971 1565 4080 presbitero
1595 3999 1722 4053 vnnm.
1769 3975 1973 4055 marcham.
1996 3969 2049 4049 de

284 4110 391 4178 nan,
422 4083 523 4160 Jtem
554 4081 693 4163 domui
721 4080 988 4188 del-vpsalie,
1016 4107 1096 4161 sex.
1141 4081 1334 4162 marchas,
1378 4083 1534 4179 denar,
1579 4087 1681 4163 Jtem
1726 4086 1905 4193 eeclesiis
1933 4085 2052 4163 llroet

284 4193 381 4273 laza.
410 4195 609 4296 Quatnor.
640 4191 830 4270 marchas.
859 4190 997 4270 denar.
1029 4189 1254 4298 presbitero
1282 4219 1562 4276 earumvnam.
1579 4193 1793 4276 marcham.
1811 4199 1943 4278 denar.
1969 4197 2050 4274 lten

284 4303 448 4388 ecclesie
476 4302 760 4401 sambatunum
790 4301 901 4382 Tres.
932 4302 1122 4382 marchas
1155 4303 1292 4384 denar.
1320 4306 1566 4413 presbitero,
1603 4333 1735 4386 ruam.
1765 4307 1974 4391 marcham.
1999 4301 2051 4382 de·

283 4445 390 4513 nac,
418 4419 523 4494 ltem
551 4414 715 4494 ecclesie
745 4413 1013 4493 Demarchum
1045 4441 1126 4495 sex.
1167 4415 1360 4498 marchas.
1389 4417 1526 4499 denar.
1558 4419 1784 4526 presbitero
1814 4447 1941 4500 vnam.
1968 4443 2051 4495 urar·

285 4528 410 4608 cham.
438 4525 599 4622 denar,
631 4529 734 4604 ltem
750 4523 932 4631 ecclesijs
958 4528 1123 4635 antique
1139 4526 1311 4634 vpsalie,
1338 4529 1514 4623 Lenum,
1542 4529 1641 4610 Akri
1659 4529 1700 4608 in
1721 4530 1897 4627 Tunum,
1916 4531 2047 4616 lllunza,

178 4668 181 4673 ·
285 4641 491 4745 giristum,
520 4664 648 4742 grean,
679 4635 811 4744 Egbir,
840 4635 1026 4744 Ecclesijs
1055 4655 1284 4718 sanctorum
1316 4641 1443 4736 Petri,
1478 4657 1520 4720 et
1546 4641 1668 4724 Olaui
1697 4639 1893 4739 sihtonie,
1920 4636 2047 4729 atati,

285 4749 455 4841 et‘Nes,
484 4747 662 4827 Cuilibet
689 4747 872 4844 ecclesie,
901 4775 1030 4828 unam.
1059 4751 1275 4830 marcham.
1305 4747 1463 4848 denar,
1491 4768 1531 4832 et
1560 4753 1676 4835 aliam
1706 4753 1939 4861 presbitero.
1966 4753 2047 4828 Jtenr

225 4885 228 4892 ·
283 4860 339 4942 ad
367 4858 590 4968 cappellam
622 4859 730 4940 beati
758 4860 885 4956 Erici,
921 4857 974 4939 ab
1002 4859 1165 4940 ecclesia
1204 4863 1343 4941 maiori
1379 4881 1621 4972 separatam,
1663 4863 1937 4972 Quadraginta
1965 4885 2047 4940 mar·

282 4973 377 5055 chas
406 4970 685 5070 denariorum,
713 4969 774 5052 Ad
805 4967 1131 5082 prosequendum
1161 4986 1202 5052 et
1229 4973 1514 5086 perficiendum
1547 4979 1776 5088 premissam
1799 4993 1967 5057 nostram
1991 4997 2046 5051 vo·

1770 5089 1957 5177 luntatetu
2060 5197 2066 5206 ·
