4317 5975
831 402 1081 509 &259
1194 448 1251 514 =·.

143 632 315 745 1233.
525 628 529 635 ’
769 631 1292 780 .129'81d.-2Maj
1711 634 1939 779 Sigtuus
2014 723 2019 735 .

125 857 130 865 ·
162 854 168 865 ·
217 822 323 897 Rbsm
345 802 580 883 idmssoss'af
594 807 661 883 ’Διὶ
683 814 743 882 ocb
765 815 899 883 Eeusos
921 817 960 881 of
975 809 1150 907 Myckfo'by
1159 822 1240 886 Bret
1255 811 1308 883 orb
1329 807 1468 884 ett'dem
1490 818 1619 902 irnelfau
1642 808 1747 907 gjo'rdt
1763 790 1941 906 joidsbyte.

445 976 479 983 ..
543 954 545 961 v
1523 935 1550 991 J.
1566 939 1597 993 σε
1614 936 1672 992 266.

271 1039 473 1121 Omnibus
501 1052 718 1147 praesentes
746 1036 884 1123 literas
912 1038 1174 1147 inspecturis,
1202 1039 1571 1149 RbnrcosMsrrus,
1600 1036 1806 1154 quondam
1835 1040 1947 1121 filius

117 1150 185 1232 'de
228 1150 333 1247 Asb,
374 1152 580 1234 Ennmous
619 1150 670 1241 do
708 1148 921 1265 Myktaby,
964 1148 1135 1252 salutem
1163 1153 1205 1231 in
1233 1151 1409 1233 Domino
1436 1148 1745 1261 sempiternam(
1786 1152 1943 1237 Notum

63 1292 72 1306 ·
129 1262 185 1343 sit
213 1274 355 1343 tenore
398 1262 654 1373 praesentium
683 1261 895 1359 vniuersis,
924 1258 1036 1373 quod
1064 1291 1139 1345 nos
1182 1258 1412 1344 huiusmodi
1448 1265 1805 1373 permutationem,
1843 1265 1943 1351 Em·

40 1402 42 1407 ’
128 1373 314 1483 ptionem
349 1388 391 1453 et
433 1370 704 1453 venditionem
735 1370 966 1485 prediorum
1009 1370 1195 1473 fecimus,
1226 1371 1338 1487 quod
1367 1402 1443 1485 ego
1471 1374 1842 1461 Rori'cushabuiab
1867 1376 1943 1459 Er

109 1476 246 1594 ¹lingo
276 1512 325 1565 ex
368 1500 484 1595 parte
524 1482 713 1569 Folconis
754 1482 960 1569 dimidiam
988 1486 1192 1568 marcham
1227 1504 1344 1569 terrae
1369 1486 1412 1573 in
1441 1486 1620 1596 stsby
1648 1488 1691 1567 in
1727 1485 1941 1574 Marchem‘.

131 1596 236 1676 Item
270 1596 312 1675 in
339 1592 491 1679 Lundb
546 1624 668 1678 vnam
698 1598 810 1679 oram
839 1613 957 1679 terrae
983 1595 1085 1678 Item
1115 1599 1158 1679 in
1186 1596 1348 1709 Bergby
1375 1626 1497 1680 ruam
1526 1626 1638 1679 oram
1668 1614 1798 1679 terrae.
1853 1597 1982 1712 Ego,
2042 1621 2045 1630 ’

132 1724 273 1795 autem
302 1704 453 1790 tradidi
481 1626 591 1791 dicto
620 1706 791 1819 Erfingo
818 1733 869 1789 ex
898 1724 1014 1817 parte
1043 1708 1254 1809 Fofconis,
1283 1710 1326 1791 in
1354 1702 1695 1791 Humblsstsdum
1723 1706 1942 1791 decemso·

132 1816 242 1900 lidos
273 1836 400 1901 terrae.
458 1818 558 1899 Item
601 1836 696 1901 octo
731 1818 881 1901 solidos
909 1820 952 1901 in
994 1818 1223 1901 Bekarnum
1251 1836 1291 1901 et
1319 1821 1363 1902 in
1390 1839 1583 1920 wretum,
1617 1816 1786 1903 vendidi·
1811 1816 1944 1903 eidem

129 1930 234 2011 duas
263 1956 355 2011 oras
383 1944 522 2027 terrae,
551 1934 628 2039 pro
657 1919 802 2041 riginti
830 1947 1007 2042 quatuor
1035 1923 1209 2014 marchis
1236 1929 1516 2029 denariorum,
1552 1960 1655 2045 quas
1694 1956 1946 2039 recognosco
2004 2038 2008 2043 ἡ

130 2068 197 2121 me
227 2042 444 2149 recepisse,
474 2040 773 2125 Domosautem
802 2042 1042 2124 colonorum
1070 2044 1113 2124 in
1143 2060 1339 2143 wretum,
1371 2042 1505 2125 adme
1588 2043 1760 2141 rtinent,
1789 2042 1866 2124 nisi
1883 2040 1946 2126 di·

131 2168 224 2233 ctus
253 2152 445 2263 Erlingus
474 2179 525 2233 ex
553 2168 670 2265 parte
698 2151 904 2250 Folconis,
933 2143 1041 2265 ipsas
1067 2152 1289 2239 secundum
1317 2073 1585 2239 bonorumbe

1571 2157 1753 2237 ominum
1776 2159 1947 2236 oestima-
2043 2169 2046 2175 ’

132 2266 288 2345 tionem
317 2290 394 2373 pro
423 2265 530 2347 iusto
559 2266 706 2373 precio
740 2262 946 2350 voluerint
973 2293 1213 2377 comparare.
1268 2263 1331 2383 In¹
1347 2265 1643 2377 praemissorum
1671 2282 1803 2350 sutem
1818 2266 1948 2348 robur
2063 2292 2066 2298 ’
2118 2284 2127 2297 “

133 2390 178 2457 ct
204 2374 448 2458 evidentiam
477 2374 606 2485 sigilla
633 2392 771 2459 nostra
831 2376 1067 2459 raesentibns
1110 2379 1397 2489 apposuimus,
1426 2379 1467 2460 et'
1496 2374 1537 2458 si
1566 2376 1639 2459 illo
1663 2374 1947 2485 religiosorum

134 2488 320 2592 ¹virorum
353 2486 501 2595 prioris
528 2504 570 2568 et
598 2484 771 2571 fratrum
798 2399 1011 2585 fiktionis,
1039 2491 1085 2597 in
1111 2515 1288 2597 quorum
1304 2487 1515 2598 praesentia
1539 2408 1860 2597 basogestasunt
1879 2513 1948 2572 ro·
2013 2541 2017 2551 ‚

130 2624 279 2709 gamus
307 2600 473 2708 apponi.
528 2596 678 2681 Datum
707 2596 901 2681 Siktoniae
944 2600 1063 2681 Anno
1092 2597 1258 2681 Domini
1281 2602 1340 2687 Μ.
1359 2593 1448 2684 ¹CC.
1477 2600 1748 2713 Nonagesimo
1762 2591 1873 2681 v111.
1903 2596 1947 2678 iu

30 2749 33 2757 ’
137 2708 329 2793 Crastino
357 2706 645 2823 Apostolorum
683 2708 861 2820 Philippi
887 2725 929 2791 et
957 2702 1097 2804 Iscobi
1124 2713 1200 2793 &e
1567 2762 1571 2766 —
1668 2810 1700 2831 .,

645 2850 776 2939 sicilico
796 2850 913 2937 besta,
932 2850 1040 2944 saliet
1052 2852 1257 2939 cassanges,
1277 2852 1446 2937 mutatus
1545 2921 1555 2939 ..

150 3243 323 3376 1234.
650 3330 658 3336 .
801 3245 953 3394 1298
1002 3241 1050 3357 d.
1098 3287 1132 3393 9
1177 3248 1293 3394 Maj.
1570 3271 1574 3278 ’
1688 3238 1944 3389 δίψῃ.

225 3449 333 3514 Purus
364 3447 546 3521 Fmrmssos
567 3447 604 3511 nt
619 3445 739 3535 Runby
759 3447 941 3516 ostentaret
959 3449 1000 3538 pt
1021 3449 1193 3516 Bombofm
1216 3448 1272 3516 vid
1291 3446 1479 3517 Terussnud
1499 3447 1551 3514 ult
1569 3431 1706 3532 Simus
1735 3445 1865 3514 stum.
1909 3495 1913 3502 -
1993 3471 1998 3479 ’

1114 3597 1119 3605 ·
1518 3561 1553 3621 Ι.
1570 3583 1599 3622 a.
1613 3566 1682 3637 rob·
1723 3571 1729 3578 ‘

272 3699 475 3785 Omnibus
510 3717 716 3810 presentes
745 3701 899 3788 litteras
927 3701 1169 3812 inspecturis
1201 3726 1403 3786 rnrcnros
1432 3695 1702 3785 rmomunso'n
1730 3696 1782 3779 de
1809 3697 1948 3810 runby

135 3810 307 3894 salutem
335 3813 378 3892 in
407 3809 574 3894 ¹domino
607 3813 894 3923 sempiternam
916 3811 1077 3895 Tenorc
1108 3815 1358 3922 presencium
1385 3830 1529 3894 notum
1567 3809 1674 3892 facio
1715 3807 1829 3939 quod
1870 3837 1947 3922 ego
2049 3813 2053 3818 ’

136 3921 235 4007 dedi
258 3951 336 4034 pro
364 3924 495 4005 anima
525 3925 663 4005 matris
692 3929 776 4006 mse
803 3945 974 4038 tempore
1000 3953 1072 4008 sue
1100 3924 1372 4008 defunctionis
1399 3919 1595 4006 fratribus
1623 3917 1946 4031 predicatoribus
2005 3934 2011 3944 '

69 4083 73 4090 ·
135 4035 306 4117 sictonie
333 4037 377 4116 in
404 4032 611 4119 dorsbolm
639 4035 752 4116 iuxta
785 4033 1007 4118 ternasund
1035 4037 1232 4149 quicquid
1248 4033 1484 4119 subiacebat
1509 4033 1662 4144 septem
1689 4027 1830 4114 solidis
1841 4043 1945 4142 quos

136 4144 303 4256 possedj
330 4145 602 4256 vyalundum,
630 4164 702 4227 ant
755 4175 845 4230 uam
874 4145 1036 4231 eosdem
1061 4163 1216 4258 septem
1244 4144 1395 4230 solidos
1422 4143 1474 4228 de
1499 4145 1606 4230 dicta
1620 4144 1715 4229 villa
1738 4144 1947 4224 interram

138 4256 258 4338 aliam
294 4259 545 4369 permutauI,
561 4255 626 4372 ¹ad
655 4175 1004 4342 cobbrmacionem
1032 4276 1165 4340 autem
1196 4259 1376 4368 predicte
1404 4255 1640 4341 donacionis
1668 4253 1946 4364 infrascriptos

139 4382 265 4480 testes
305 4369 472 4454 adhibui
512 4365 701 4452 videficet
739 4369 1043 4456 tidbemanuum
1072 4370 1143 4454 fan
1171 4368 1303 4468 essen,
1332 4386 1493 4480 petrum
1525 4366 1778 4452 aurifabrum
1812 4366 1946 4447 senio·

137 4507 225 4561 rem
254 4479 505 4564 laurencium
541 4478 762 4564 stabbcson
789 4483 986 4567 Iacobum
1014 4481 1066 4566 de
1095 4481 1347 4586 userdhasten
1378 4479 1602 4565 iohannem
1631 4479 1682 4564 de
1710 4493 1872 4560 saetrum
1900 4475 1944 4559 in

28 4647 32 4659 ·
113 4592 334 4704 ,parochia
376 4591 523 4676 rislum
556 4585 870 4678 ¹tidbemannum
899 4593 1112 4707 pellificem
1146 4590 1370 4678 Johannem
1398 4612 1595 4676 sartorem
1622 4604 1784 4704 petrum
1810 4582 1944 4672 sedia-

139 4719 311 4785 mestsra
341 4721 503 4817 petrum
531 4704 656 4800 rorici
683 4721 725 4790 et
753 4705 929 4818 sigillum
943 4735 1076 4790 meum
1087 4705 1192 4818 duxi
1208 4705 1464 4818 presentibus
1483 4700 1774 4819 apponendum
1795 4698 1943 4788 Actum

139 4815 313 4902 sictouie
341 4820 462 4916 Anno
488 4812 644 4907 domini
669 4819 731 4904 M·
762 4819 848 4906 CC‘
877 4811 970 4915 XC·
985 4814 1150 4904 ‘octauo
1177 4819 1348 4934 septimo
1381 4815 1482 4902 Jdus
1515 4817 1619 4900 maii.
