4317 5975
764 407 1305 487 .-·521--

10 628 12 633 ’
122 627 390 708 Dominarum
421 624 575 715 henrici
612 623 823 732 borgrauij
852 623 1024 708 fulconis
1053 630 1252 710 ioansson.
1299 629 1447 711 mathie
1477 625 1821 711 lraetilmundaeson
1850 627 1921 708 ta-

106 740 211 818 ·nuti
242 739 395 842 logman
425 755 466 817 et
494 739 600 818 elaui
629 737 849 842 andresson
881 742 1134 844 presentibus
1171 761 1265 822 sunt
1309 770 1486 851 appensa
1532 747 1679 823 Datum
1711 769 1817 820 anno
1848 737 1920 818 do·

121 849 231 929 mini.
262 850 334 930 Mt
366 844 660 932 CCC⁰.vl11⁰'.
690 849 808 927 Xlll⁰
842 848 1034 929 kalendas
1064 853 1202 960 aprilis
1232 854 1322 933 loco
1351 853 1596 962 supradicto,

163 991 214 1058 Pd
224 995 419 1077 frcinsidan:
441 995 542 1058 littere
564 993 817 1056 concordationis
838 993 918 1054 iuter
940 995 1109 1055 Dominum
1135 997 1293 1077 Birgerum
1318 1010 1470 1083 partersoo
1494 1011 1524 1060 et
1546 997 1678 1060 Elauum
1703 993 1877 1058 andresson.

537 1110 663 1194 Sigillen
685 1113 744 1173 Nto
771 1133 796 1189 t,
820 1112 849 1190 3,
870 1109 891 1171 8
911 1110 1062 1189 sladede3
1086 1113 1144 1173 Nm
1167 1133 1195 1189 a,
1218 1115 1298 1195 4-7
1321 1115 1497 1178 bortfslloa.

12 1642 16 1654 ·
126 1581 295 1722 1575.
751 1496 900 1682 1308
947 1576 996 1684 d.
1046 1617 1113 1685 21
1165 1575 1314 1686 Mars.
1736 1571 1940 1679 Haara.»

195 1799 305 1879 Hertig
326 1797 425 1861 Emts
444 1793 640 1860 Stadlitstelse
660 1797 702 1879 ps
723 1797 782 1859 deu
806 1799 919 1860 melleo
942 1800 1050 1878 Birger
1071 1801 1233 1882 Peterssoo
1255 1801 1315 1864 och
1330 1797 1394 1862 Fra
1412 1795 1585 1880 Raguhild‚
1607 1794 1738 1878 Eggerts
1758 1797 1794 1856 af
1812 1796 1917 1856 Brals·
1979 1757 1982 1764 -

219 1971 222 1976 Ι
248 1894 320 1966 torp
343 1882 437 1960 cula,
459 1882 478 1942 la
501 1881 616 1946 brunes
636 1881 696 1944 och
719 1881 836 1943 benoes
858 1882 949 1944 beros
971 1881 1102 1965 segetib,
1126 1885 1278 1966 iogdogoa
1300 1885 1466 1964 lb'rlilniog
1490 1886 1499 1943 i
1523 1880 1721 1943 fiircnamnde
1746 1882 1826 1941 trist.
1921 1927 1931 1936 .

1656 1994 1697 2050 A:
1715 1995 1740 2050 6.
1758 2014 1781 2046 et

222 2136 372 2214 Eructts
400 2129 465 2212 dei
494 2133 630 2239 gracia
659 2130 744 2214 dux
771 2161 971 2216 sweorum
1000 2133 1198 2215 vniuersis
1243 2152 1447 2242 presentes
1492 2135 1643 2216 litteras
1673 2130 1913 2238 inspecturis

110 2247 278 2356 salutem
309 2249 350 2323 in
379 2241 545 2324 domino
572 2248 877 2354 sempiternam,
906 2246 1065 2326 Tenore
1097 2249 1347 2353 presencium
1386 2264 1571 2326 constare
1616 2245 1799 2324 volumus
1828 2243 1913 2318 eui-

23 2353 28 2361 ’
110 2353 391 2467 denterquod
422 2357 463 2434 in
493 2359 701 2463 presencia
733 2358 934 2466 magnifici
963 2359 1157 2466 principis
1186 2356 1339 2438 domini
1369 2358 1517 2467 birgeri
1549 2358 1613 2438 dei
1642 2358 1774 2465 gracia
1807 2353 1912 2457 regis
1943 2365 1946 2378 '
2037 2347 2043 2358 ’

110 2497 309 2551 sweorum
341 2467 476 2546 fratris
504 2469 632 2549 nostri
663 2468 859 2550 karissimi
889 2488 929 2550 et
958 2487 1114 2567 nostra,
1150 2497 1197 2548 ac
1225 2470 1394 2550 aliorum
1440 2469 1615 2578 plurium
1646 2469 1909 2548 discretorum

22 2650 26 2656 .
106 2580 227 2689 Apud
256 2579 463 2659 ecclesiam
493 2579 624 2658 Haara
656 2577 838 2688 dyocesis
866 2583 1111 2676 brumensis,
1141 2583 1353 2662 constituti
1368 2583 1429 2662 vir
1447 2581 1593 2662 nobilis
1612 2580 1800 2661 dominus
1831 2575 1913 2654 bir-

106 2719 227 2801 gcrus
257 2708 473 2800 paetcrsson
505 2707 545 2769 et
573 2689 743 2772 discreta
773 2691 935 2772 domina
963 2689 1204 2800 Rangnildis
1233 2693 1371 2773 relicta
1410 2691 1571 2773 domini
1606 2688 1783 2798 Eggardi
1813 2686 1912 2766 dicti

102 2803 340 2910 hralsthorp
361 2803 523 2880 nomine
551 2829 625 2881 suo
639 2820 695 2882 -et
723 2802 944 2883 liberorum
960 2832 1126 2885 suorum
1143 2823 1470 2912 recognouerunt
1489 2805 1615 2885 libere
1631 2829 1764 2884 coram
1790 2798 1911 2879 nobis
2040 2811 2044 2818 ’

103 2914 220 3025 quod
249 2916 383 2996 omnia
412 2915 516 2994 inter
545 2941 613 2995 eos
643 2914 834 2995 haetenus
861 2916 1054 2997 ventilata
1090 2943 1213 3024 super
1253 2919 1530 2997 contractibus
1559 2917 1599 2996 in
1629 2915 1751 2995 rebus
1781 2909 1910 2991 mobi-

103 3028 212 3109 libus
239 3044 280 3105 et
309 3026 582 3105 immobilibus
614 3026 925 3136 quibuscunque
954 3030 1061 3107 inter
1088 3024 1218 3107 dictos
1248 3028 1433 3110 dominos
1462 3030 1665 3136 birgerum
1697 3045 1737 3107 et
1766 3051 1908 3131 eggar-

102 3139 202 3220 dum
230 3137 326 3217 dum
362 3141 516 3219 viueret
546 3137 693 3218 habitis
729 3138 950 3218 concordes
976 3158 1019 3219 et
1049 3139 1266 3220 vniformes
1302 3168 1344 3220 se
1372 3166 1455 3219 esse
1498 3157 1594 3219 sunt
1623 3136 1809 3245 professi,
1853 3136 1908 3213 ita
1976 3240 1980 3246 .
2066 3146 2070 3152 '

103 3251 215 3361 quod
247 3274 343 3358 pars
372 3248 554 3357 quelibet
580 3246 640 3327 de·
661 3266 832 3356 optento
857 3248 1030 3330 reddidit
1056 3279 1098 3329 sc
1128 3268 1372 3353 contentam,
1402 3254 1539 3353 Quare
1566 3251 1825 3358 prohibemus
1842 3246 1909 3323 lir·
1973 3342 1979 3351 μ

103 3364 223 3460 miter
251 3378 294 3457 et
322 3360 503 3440 districte
532 3359 676 3469 nequis
714 3361 866 3441 factum
910 3360 1139 3441 huiusmodi
1180 3365 1360 3470 inpetere
1391 3391 1458 3441 seu
1491 3363 1641 3443 violare
1686 3376 1906 3468 presumat,

99 3476 207 3555 sieut
226 3472 412 3580 *graciam
442 3487 619 3553 nostram
649 3500 894 3552 conseruere
922 3489 962 3551 et
993 3500 1134 3579 penam
1169 3476 1437 3580 pecuniariam
1455 3476 1630 3571 voluerit
1658 3475 1824 3564 euitare,
1855 3472 1906 3547 lu

97 3587 221 3667 huius
249 3602 382 3663 autem
411 3585 484 3663 Rei
519 3583 791 3664 testimonium
822 3612 900 3663 vna
931 3613 1023 3664 cum
1057 3584 1189 3691 sigillo
1232 3587 1472 3666 serenissimi
1518 3586 1711 3693 principis
1754 3581 1908 3661 domini

100 3698 158 3777 .B.
193 3694 256 3775 dei
285 3696 417 3801 gracia
447 3696 642 3773 karissimi
674 3695 807 3774 fratris
838 3697 965 3776 nostri
995 3712 1036 3775 et
1064 3713 1224 3790 nostro,
1254 3697 1381 3803 sigilla
1402 3697 1606 3777 Nobilium
1635 3696 1907 3786 dominorum,

95 3809 254 3891 henrici
285 3805 512 3911 borgrauij,
544 3804 695 3913 birgeri
720 3806 872 3910 legiferi
901 3822 942 3886 et
971 3806 1144 3886 folconis
1171 3808 1349 3913 jonsson.
1382 3806 1824 3900 Mathietaetitmundae‚
1856 3807 1907 3885 Et

98 3923 196 4030 quia
225 3922 311 4025 ipse
340 3916 504 3996 domine
533 3913 772 4023 Rangnildis
803 3918 1013 4024 proprium
1043 3916 1223 4023 sigillum
1252 3943 1333 3995 non
1362 3918 1505 3998 habuit
1533 3917 1706 4025 sigillum
1752 3915 1906 3995 domini

10 4059 11 4064 ’
98 4032 244 4111 kanuti
274 4028 372 4108 dicti
403 4027 557 4134 legiferi
590 4027 840 4135 presentibus
870 4044 966 4107 suot
995 4056 1172 4137 appensa
1202 4031 1350 4108 Datum
1380 4056 1488 4109 anno
1508 4027 1661 4109 domini
1691 4027 1748 4108 lll⁰
1782 4028 1902 4108 CCC'

95 4144 230 4221 Vlll⁰.
260 4143 300 4219 in
331 4137 395 4219 die
426 4138 530 4217 beati
562 4138 765 4220 benedicti
793 4138 883 4220 loco
912 4142 1156 4248 supradicto

92 4287 147 4351 Pa
157 4283 357 4367 musidae.-
378 4283 553 4345 Concordia
575 4282 658 4345 facto
680 4284 758 4366 jnter
780 4282 941 4344 dominum
965 4282 1122 4363 birgerum
1145 4294 1293 4367 petet-son
1316 4294 1349 4347 et
1370 4282 1529 4349 dominam
1557 4282 1733 4366 Ragnildinr
1764 4286 1903 4348 relictam

732 4366 848 4429 domini
869 4365 1009 4449 Edgardi
1032 4366 1071 4428 de
1093 4366 1283 4451 brslslhorp.

187 4481 314 4563 Sigillen
337 4484 393 4545 Nto
417 4504 447 4561 2,
469 4483 498 4557 3,
520 4504 549 4565 7,
572 4481 592 4543 8
615 4503 681 4544 mer
700 4482 760 4545 och
781 4483 902 4547 miodre
924 4482 1078 4561 slsdade3
1103 4487 1162 4548 lito
1189 4482 1526 4565 1,4-6bortfattna,
1549 4506 1704 4550 remsorna
1728 4506 1814 4567 qvas.
