4317 5975
800 333 868 442 -’
968 361 1052 458 ssa
1162 427 1220 446 .-

103 582 333 675 marasse,
361 581 1049 685 nonabolitas,'nonoancellatam
1080 592 1221 672 necin
1252 591 1387 702 aliqua
1417 595 1479 674 sui
1509 609 1624 704 parte
1655 595 1835 693 vitiatas,
1866 589 1921 704 iu'
2013 685 2015 688 ,
2121 649 2123 654 -

102 690 180 771 bec
209 691 348 797 rerba,
377 751 388 772 .
415 752 426 772 .
453 694 647 776 -Ccnttsstts
676 699 751 774 lite.
808 697 860 776 Se
875 702 1136 808 fdregciende
1163 706 1245 785 N.·o
1274 707 1364 785 506.
1423 708 1474 789 ,ΙΝ
1503 708 1626 788 Cuius
1648 711 1772 790 nostri
1797 727 1910 790 trau·

60 884 67 896 ,
103 805 241 911 scripti
261 801 573 900 Testimonium,
602 805 787 912 Sigillum
810 826 988 889 nostrum
1017 815 1270 918 presentibus
1303 832 1362 895 est
1386 844 1629 926 appensum,
1660 821 1808 900 Datum
1834 850 1906 928 vp-

102 913 198 994 tslie
219 938 335 994 'anno
356 913 514 997 domini
543 918 603 998 Μ0
631 919 752 1013 CCC⁰
784 946 910 1015 nono,
937 921 1140 1036 jngprima
1171 923 1371 1028 dominica
1402 925 1729 1039 Quadragesime.
1818 955 1820 962 ’

706 1095 753 1158 At
768 1094 879 1176 sigillet
900 1095 982 1158 blott
1003 1109 1048 1160 ett
1069 1099 1175 1184 stycle
1196 1123 1283 1186 quar.
1322 1179 1328 1188 ¹

117 1455 275 1564 1608.
703 1590 705 1593 Ι
771 1463 922 1608 13:0⁸9
968 1462 1017 1567 d.
1066 1502 1095 1570 2
1145 1467 1281 1572 Mars
1536 1500 1540 1518 ’
1615 1463 1904 1616 Tystberga.

181 1617 333 1729 Bislopeu
362 1645 370 1703 i
398 1642 563 1723 Strengnts
589 1646 773 1710 Srrasriians
811 1609 995 1734 dpprtttade
1022 1660 1201 1712 testamente
1234 1653 1312 1713 eller
1339 1656 1383 1714 sin
1413 1653 1532 1717 alledne
1563 1653 1679 1717 broder
1705 1656 1907 1734 Johanesst

232 1729 401 1812 penningar
422 1727 470 1787 till
493 1728 606 1824 bloster
626 1730 685 1791 och
709 1730 825 1812 lyrlur
846 1745 926 1794 sumt
947 1735 1014 1815 jord
1037 1734 1240 1796 tilliacllors
1260 1737 1502 1802 underluillunde
1525 1740 1533 1799 i
1557 1737 1720 1820 Streugnis
1741 1741 1903 1824 Dombyr·

121 1825 131 1840 ·
232 1815 288 1890 ka,
310 1812 465 1876 tineosum
488 1811 535 1872 trll
557 1813 730 1895 Tystberga
754 1815 853 1898 lycia
877 1838 917 1877 m.
940 1839 980 1878 m.
1692 1903 1759 1957 Μ

116 2100 119 2106 .
154 2053 159 2060 ’
209 2028 410 2146 Omnibus
441 2023 644 2138 presentes
673 2029 827 2117 litteras
860 2033 1111 2142 inspecturis.
1141 2033 1398 2118 Srrsnsnuus
1428 2036 1491 2118 dei
1520 2041 1653 2146 gracia
1677 2040 1902 2148 Episcopus

96 2141 422 2246 strangiaueusis.
451 2143 618 2222 salutem
648 2142 688 2222 in
718 2142 883 2224 dominu
911 2148 1212 2253 sempiternam,
1250 2143 1408 2234 Terrore
1435 2151 1685 2258 presencium
1715 2163 1901 2231 constare

100 2252 301 2346 volumus,
331 2251 558 2347 euidenter,
588 2252 700 2362 quod
731 2255 901 2336 dilectus
930 2257 1056 2338 frater
1086 2276 1232 2338 noster.
1264 2261 1464 2342 lohannes
1494 2262 1619 2342 felicis
1649 2260 1901 2342 recordacio·

40 2402 46 2407 ·
97 2365 168 2446 nis.
206 2363 298 2442 licet
332 2390 505 2473 corpore
540 2364 694 2446 debilis.
731 2387 771 2449 et
808 2365 1012 2476 languens.
1052 2389 1181 2450 mente
1211 2387 1345 2452 tamen
1383 2401 1548 2480 compos
1584 2389 1625 2451 et
1655 2374 1826 2468 racione,
1857 2371 1901 2450 in

96 2475 177 2556 suis
212 2476 399 2556 extremis
435 2475 608 2555 contulit
644 2475 774 2558 nobis.
810 2495 851 2558 et
887 2479 1031 2577 dilecte
1068 2483 1187 2562 matri
1225 2501 1371 2566 nostre.
1427 2484 1564 2564 Eciam
1600 2485 1685 2562 sine
1721 2481 1902 2593 qualibet
1988 2481 1994 2492 ’

18 2599 32 2682 ζ
95 2585 321 2668 emulorum
349 2587 687 2668 contra'diccione.
724 2618 815 2669 cum
855 2593 1087 2671 testimonio
1120 2590 1425 2700 fidedignorum.
1454 2597 1496 2676 in
1526 2593 1713 2674 solidum.
1742 2593 1902 2701 plenam
2020 2611 2022 2614 ’

94 2696 311 2779 licenciam.
342 2714 383 2778 et
408 2697 682 2783 omnimodam
713 2699 965 2808 potestatem.
995 2732 1111 2790 suurn
1143 2720 1426 2792 testamentum
1456 2705 1684 2787 ordinandi.
1714 2700 1900 2800 faciendi.
1956 2801 1960 2806 Ι
2074 2729 2079 2740 ’

94 2810 137 2889 iu
167 2807 335 2915 singuiis
365 2826 406 2890 et
435 2812 576 2889 ceteris
618 2812 854 2920 exequendi.
919 2815 1004 2894 Nos
1033 2834 1130 2893 vero
1159 2808 1241 2895 raon
1282 2819 1518 2898 inmemores
1547 2814 1797 2898 condicionis
1826 2814 1903 2907 hue
1996 2837 1998 2844 ⁴

94 2945 212 3005 mane
239 2947 361 3034 quam
385 2948 543 3029 semper
566 2925 824 3005 commitatur
840 2919 884 3037 (l)
901 2926 1037 3006 innata
1069 2926 1273 3035 tragilitas.
1305 2929 1380 3011 Cui
1408 2929 1565 3039 abipso
1594 2931 1675 3009 vite
1699 2925 1922 3035 principio·

91 3034 234 3115 mortis
269 3033 480 3141 imperium
517 3033 761 3114 dominatur.
823 3038 871 3117 Jn
909 3038 1179 3119 remissionem
1216 3068 1379 3122 suorum
1418 3058 1686 3149 peccatorum.
1715 3068 1788 3119 uec
1817 3064 1902 3117 non

91 3139 147 3225 bd
183 3160 320 3223 eterne
354 3144 554 3224 felicitatis
589 3146 780 3225 maiorem
817 3145 1089 3255 adepcionem.
1149 3152 1211 3229 Jn.
1244 3153 1405 3233 nomine
1435 3169 1572 3232 sancte
1608 3168 1648 3231 et
1683 3148 1896 3231 indiuidue

91 3255 286 3336 trinitatis
323 3256 460 3364 patris.
491 3273 531 3335 et
560 3255 645 3358 filii.
684 3275 725 3339 et
757 3260 923 3365 spiritus
951 3263 1090 3342 sancti.
1121 3288 1237 3341 suum
1267 3265 1307 3343 in
1339 3264 1446 3343 hunc
1476 3258 1900 3343 modum'ordinamns

84 3362 136 3449 ‘et
173 3366 340 3446 iacimus
377 3384 670 3448 testamentum.
726 3372 860 3449 Primo
896 3387 936 3450 et
973 3373 1261 3479 principaliter.
1298 3372 1347 3453 ad
1385 3377 1530 3453 montis
1571 3374 1687 3454 beate
1721 3371 1899 3477 virginis.
1953 3402 1968 3415 ·’

91 3477 323 3561 claustrum.
359 3478 430 3559 vbi
458 3479 579 3587 elegit
614 3480 774 3587 sepeliri
812 3482 1001 3587 legamus.
1032 3503 1071 3565 et
1108 3487 1364 3591 assignamus.
1401 3514 1476 3592 pro
1511 3486 1642 3564 anima
1680 3513 1761 3565 sua.
1789 3478 1899 3561 XVI.
1994 3534 1997 3537 -

91 3618 248 3671 marcas
277 3588 535 3671 denariorum
567 3590 713 3671 vsualis
744 3608 916 3673 monete.
973 3596 1078 3675 item
1108 3594 1283 3696 ecclesie.
1315 3613 1469 3675 tunum.
1500 3596 1551 3675 ΙΙ.
1584 3624 1735 3676 marcas
1764 3592 1900 3675 conse·

16 3707 19 3720 '
89 3704 218 3783 rimus
246 3717 286 3779 et
317 3701 504 3805 legamus.
562 3704 665 3782 Jtem
696 3701 882 3785 claustro.
921 3704 972 3783 ll.
1010 3734 1160 3795 marcas
1199 3706 1454 3786 denariorum
1492 3708 1734 3786 conserimus
1769 3724 1899 3790 strcn·
1972 3770 1976 3779 .

87 3813 280 3921 gianensi.
308 3811 372 3893 Ad
409 3816 524 3924 cuius
538 3813 798 3895 solucionem.
822 3814 871 3892 X.
901 3814 1051 3895 solidos
1085 3833 1202 3895 terre.
1235 3820 1275 3895 in
1307 3816 1476 3897 vtrcdhi.
1509 3820 1824 3925 inpignoramus.
1844 3818 1898 3894 Jn

89 3922 195 4035 festo
211 3940 463 4033 pentecostes
492 3926 567 4003 iam
600 3925 796 4031 proximo.
827 3924 877 4005 ad
909 3952 1037 4004 aenum
1059 3929 1248 4033 (annum)
1278 3928 1416 4007 vltimo
1447 3928 1717 4009 resoluendus.
1746 3926 1829 4029 Qui
1864 3927 1898 4004 si

87 4052 190 4115 tunc
221 4063 292 4142 per
320 4034 488 4115 heredes
517 4033 715 4142 redempti
736 4062 827 4114 non
860 4034 1011 4117 fuerint
1041 4038 1213 4117 claustra
1244 4039 1391 4118 eadem.
1423 4040 1668 4147 ecclesiaque
1699 4038 1898 4145 premissa.

88 4146 239 4231 dictam
277 4163 437 4226 terram.
476 4145 688 4227 vendendi.
727 4147 968 4255 exponendi.
998 4149 1273 4229 commutandi
1303 4167 1341 4228 et
1371 4146 1420 4229 ad
1451 4153 1642 4257 placitum
1681 4144 1895 4229 ordinandi

87 4250 259 4340 liberum
288 4258 464 4338 habeant
494 4274 742 4367 potestatem.
809 4260 936 4340 Prout
966 4265 1106 4367 porcio
1134 4250 1349 4341 cuiuslibet
1384 4264 1509 4370 partis
1539 4262 1663 4368 exigit
1695 4280 1734 4342 et
1762 4254 1897 4369 requi·

81 4372 157 4451 rit.
217 4373 319 4449 item
340 4370 514 4451 ecclesie
542 4368 783 4466 cathedrali,
812 4371 852 4449 in
882 4373 1142 4479 strengianes‚
1171 4371 1311 4452 damus
1341 4400 1417 4482 pro
1446 4372 1599 4454 iaculis.
1629 4370 1824 4453 habendis
1853 4375 1896 4449 in
1932 4440 1941 4446 .

86 4482 324 4591 eleuacione·
357 4486 540 4590 corporis
578 4482 734 4579 christi,
774 4483 823 4563 ad
860 4510 1058 4563 summum
1091 4483 1230 4565 altare.
1266 4484 1357 4565 llll.
1394 4484 1544 4564 solidos
1579 4502 1694 4564 terre.
1734 4486 1773 4563 in
1795 4482 1897 4589 'ral-

86 4594 196 4689 lum,
232 4623 254 4672 a
284 4593 387 4700 syla,
423 4596 589 4675 sitosin
620 4594 726 4701 agris
755 4594 957 4675 cuiusdam
990 4590 1109 4675 vidue
1139 4594 1285 4675 ibidem
1315 4600 1613 4691 commorantis,
1643 4624 1732 4675 curn
1767 4594 1897 4672 omni·

53 4700 169 4787 ⁸bus
198 4706 423 4785 attinenciis
451 4708 556 4802 suis,
592 4708 744 4815 absque
773 4707 883 4785 omni
912 4705 1195 4787 diminucione.
1226 4706 1366 4788 dumus
1397 4722 1594 4815 perpetue
1621 4705 1895 4815 possidendos.
2009 4725 2014 4735 ·

84 4817 157 4898 stc
195 4834 330 4897 tamen
366 4816 478 4926 quod
515 4817 682 4897 heredes
708 4818 872 4925 possint
909 4816 1107 4898 redimere
1141 4820 1173 4897 si
1203 4818 1406 4899 voluerint
1435 4848 1507 4926 per
1535 4822 1734 4898 cambium
1766 4816 1896 4925 predii

83 4926 411 5024 succulentis,
453 4929 558 5008 infra
589 4930 802 5008 terminum
832 4928 1122 5036 supradictum.
1180 4932 1282 5008 Jtem
1313 4930 1518 5010 dimidiam
1548 4958 1656 5018 oram
1696 4946 1815 5029 terre3
1853 4928 1898 5021 in

87 5039 267 5123 wtredhi
297 5040 540 5133 conferimus
569 5040 744 5150 ecclesie.
774 5038 1093 5149 thywstabergh.
1123 5040 1242 5122 simili
1276 5041 1515 5124 condicione
1544 5058 1584 5121 et
1613 5042 1783 5121 termino
1812 5066 1895 5149 quo
