4317 5975
819 385 1237 507 ..379-

5 650 9 655 ⁷
127 626 284 695 rernm,
312 626 414 708 quas
437 597 644 697 habuerit,
672 616 714 681 et
741 604 924 710 eorporis
950 604 1242 714 flagellatione,
1264 640 1309 691 ac
1339 611 1496 693 aurium
1526 608 1775 693 mutilatione
1789 606 1928 695 decre·

126 712 258 791 vimus
289 711 550 819 puniendum.
572 767 576 771 -
598 711 641 793 si
670 714 931 821 veretaliter
959 721 1177 825 castigatus
1206 722 1247 803 iu
1276 724 1419 831 Regno
1447 725 1702 820 remanserit,
1731 727 1786 805 ita
1815 722 1926 835 quod

124 824 166 901 iu
197 823 335 901 Snecis
363 826 550 932 supernis
592 852 745 905 moram
789 826 928 907 feeerit
974 860 1046 934 per
1084 844 1276 930 mensem,
1323 835 1386 915 vel
1416 837 1520 917 ultra
1563 835 1702 915 silvam
1732 834 1926 917 Culmard

64 934 83 1003 ’.
125 935 237 1044 qnod
254 932 402 1015 dieitur
433 935 556 1015 uthau
588 934 718 1042 Skog,
751 966 823 1045 per
849 940 1098 1049 quindenam
1117 948 1553 1055 poenameorporalem
1584 951 1779 1028 acriorem
1796 949 1926 1056 ipsum

124 1049 324 1125 sustinere
365 1045 551 1126 volumus
581 1075 653 1155 per
681 1074 770 1145 eos,
811 1079 916 1158 qnos
944 1050 995 1130 ad
1024 1052 1102 1134 hoc
1135 1052 1324 1137 duximus
1368 1058 1623 1167 deputandos
1666 1060 1925 1167 postmodum
2056 1110 2060 1119 »

123 1157 394 1265 infligendam.
451 1154 647 1239 Praeterea
679 1188 748 1241 vos
777 1165 880 1244 scire
909 1163 1108 1262 volumus,
1151 1167 1262 1276 ‹ptrod
1291 1170 1467 1277 qualiter
1508 1201 1630 1279 super
1660 1172 1720 1251 his
1746 1171 1807 1250 vel
1838 1170 1926 1251 aliis

123 1269 375 1378 vagabundis
412 1270 612 1378 indigenis
638 1271 701 1351 rel
730 1277 931 1355 extraneis
958 1276 1144 1384 Regnum
1174 1282 1478 1363 transeuntibus
1507 1280 1676 1363 dilectus
1706 1286 1822 1363 Pater
1850 1308 1924 1361 no·

121 1398 224 1477 ster,
258 1383 335 1459 Du.
369 1381 539 1487 Magnus
566 1383 673 1479 Rex,
702 1383 819 1465 bonae
848 1390 1048 1468 memoriae
1083 1396 1246 1486 statuit,
1275 1412 1317 1472 et
1345 1421 1421 1475 nos
1450 1394 1701 1501 postmodnm
1733 1392 1924 1474 ordinare
2015 1432 2029 1483 ·.

123 1492 390 1604 decretumne
435 1492 550 1572 robis
577 1493 682 1573 infra
713 1496 892 1604 praedicti
922 1502 1067 1579 mensis
1109 1503 1282 1609 spatium
1312 1503 1558 1585 intendimus
1588 1507 1759 1585 lucidius
1788 1504 1923 1585 deela-
2029 1526 2041 1573 s

122 1632 226 1686 rare.
257 1606 404 1684 Datum
435 1608 553 1685 Anno
582 1609 747 1688 Domini
774 1609 828 1698 Μ.
862 1610 975 1691 CCC.
1005 1613 1077 1693 ΙΙΙ.
1109 1614 1178 1693 Ill.
1209 1613 1300 1694 idus
1329 1616 1474 1699 Martii.

124 2047 290 2177 1385.
437 1988 441 1995 ¹
746 2068 896 2174 1303
942 2068 990 2175 d.
1043 2074 1116 2216 14
1161 2077 1308 2181 Mars.
1627 2071 1636 2085 ’
1687 2038 1693 2051 ⁴
1756 2072 1922 2179 Lund.
1998 2064 2003 2071 ⁸
2051 2028 2053 2035 Ι

202 2289 408 2369 Domprosteu
431 2290 441 2349 i
465 2287 553 2349 Lund
576 2289 729 2353 Arcem
749 2291 926 2353 Gdsvobref
952 2294 992 2375 pa
1024 2295 1066 2354 all
1099 2296 1142 2356 sin
1178 2295 1239 2357 lb‘se
1262 2296 1320 2357 oeli
1344 2295 1421 2356 iusta
1443 2292 1604 2371 egendum,
1628 2290 1674 2354 till
1698 2292 1867 2353 inratnnde
1887 2288 1926 2353 'el
2032 2325 2036 2334 ·

254 2381 300 2431 ett
331 2371 432 2432 altare
461 2372 598 2432 iLunds
630 2374 821 2456 domlyrlre,
855 2377 1007 2455 uemligeu
1041 2379 1165 2440 Wettrn
1199 2378 1356 2461 deinge,
1389 2378 1648 2461 Kyrleldpinge,
1682 2376 1829 2457 Slilvurp
1860 2376 1922 2436 neb

253 2452 367 2514 Stt'l‘vie
389 2456 398 2513 i
421 2453 530 2543 Slytts
551 2454 657 2532 harad,
680 2474 748 2519 atne
771 2458 869 2519 bodur
885 2454 903 2523 'i
923 2458 1015 2520 Luud
1036 2472 1117 2521 samt
1138 2484 1175 2522 eu
1197 2461 1273 2544 gard
1296 2462 1418 2538 derrid,
1442 2462 1486 2521 till
1511 2460 1639 2521 bostelle
1663 2460 1696 2519 dt
1718 2460 1922 2541 tjeustldrrtt-

254 2536 346 2596 tande
368 2550 504 2618 prestes,
527 2540 618 2618 janne
641 2540 832 2602 liireslrilter
853 2562 904 2603 om
928 2543 1150 2627 Domproatens
1173 2542 1349 2626 rfittigheter
1370 2556 1415 2606 att
1438 2544 1561 2603 rittsana
1584 2553 1680 2627 preat,
1709 2553 1787 2603 sumt
1808 2544 1921 2603 dennes

251 2622 449 2701 lirrattning,
473 2644 513 2681 m.
536 2642 576 2682 m.
1704 2706 1729 2760 Α
1759 2706 1775 2759 5

118 2918 122 2925 .
228 2844 279 2921 ln
308 2840 469 2919 nemine
499 2840 625 2947 patris
652 2857 694 2917 et
723 2839 795 2947 filij
824 2858 864 2920 et
891 2842 1058 2948 spiritus
1095 2845 1223 2923 sancti
1259 2829 1398 2925 Amen.
1457 2845 1611 2923 Notum
1643 2844 1695 2922 sit
1732 2841 1920 2923 omnibus

118 2981 284 3066 presens
311 2952 504 3059 scriptum
535 2952 797 3033 cernentibus
825 2957 937 3063 quod
972 2956 1059 3062 Ego
1088 2958 1278 3038 Annaeus
1307 2952 1534 3038 Lundensis
1583 2957 1832 3064 prepositus,
1866 2953 1919 3034 ad

116 3066 270 3148 cultum
299 3066 481 3146 diurnum
513 3064 553 3141 in
590 3062 754 3144 ecclesia
794 3064 900 3144 beati
948 3067 1165 3174 Laurencij
1195 3068 1332 3150 lundis
1360 3063 1631 3176 ampliandum
1662 3085 1704 3148 et
1735 3081 1936 3176 constru-¹

116 3176 266 3258 endum
298 3173 457 3269 ibidem,
485 3203 607 3257 vnum
637 3176 775 3256 Altare
804 3179 844 3260 iu
877 3177 1068 3260 honorem
1099 3177 1162 3260 dei
1194 3183 1495 3289 omnipotentis,
1522 3195 1564 3259 et
1592 3178 1817 3258 beatissime
1837 3178 1919 3255 vir·

116 3290 221 3397 ginis
250 3289 373 3370 Marie
404 3286 541 3366 matris
569 3283 678 3391 ejus,
719 3287 895 3368 et'beati
926 3289 1087 3370 Andree
1116 3292 1290 3399 apostoli
1327 3294 1468 3399 Longa
1500 3317 1653 3370 mecum
1685 3287 1919 3370 meditacio·

51 3497 63 3504 .
116 3427 169 3479 ne
198 3397 434 3507 preambula
461 3415 503 3479 et
529 3393 826 3503 deliberacione
855 3399 990 3480 habita
1021 3399 1220 3511 diligentj,
1251 3431 1298 3483 ac
1328 3405 1367 3484 in
1397 3399 1631 3483 Remedium
1660 3402 1791 3481 anime
1821 3425 1919 3492 mee,

114 3537 193 3591 nec
222 3539 303 3590 non
333 3527 373 3590 et
402 3509 529 3616 patris
552 3507 640 3614 mej.
668 3509 818 3607 Matris,
846 3509 994 3592 fratris.
1024 3531 1251 3622 parentum.
1280 3533 1319 3596 et
1349 3515 1602 3594 familiarium
1635 3539 1824 3592 meorum.
1854 3511 1919 3591 Do

113 3641 157 3704 et
183 3622 351 3703 confero
382 3621 460 3700 sub
489 3620 798 3702 condicionibus
841 3623 1110 3731 infrascriptis
1152 3628 1287 3705 omnia
1330 3626 1436 3707 bona
1469 3651 1554 3705 mea
1598 3621 1759 3704 mobilia
1787 3641 1828 3706 et
1856 3624 1918 3702 in·
1957 3631 1959 3636 ’

114 3734 278 3816 mobilia
309 3730 496 3812 videlicet
524 3733 675 3821 ,llllzor
704 3736 837 3814 curias
866 3763 968 3844 quas
982 3733 1168 3842 possideo
1184 3740 1225 3817 in
1243 3737 1585 3843 vaestralrdpingae.
1616 3762 1736 3834 unam
1763 3736 1917 3814 curiam

113 3850 168 3926 Jn
196 3843 518 3953 kirkylrdpingae.
549 3873 666 3925 vnam
686 3847 839 3926 curiam
868 3847 908 3924 iu
940 3843 1191 3955 skipathorp.
1222 3865 1262 3929 et
1291 3877 1408 3927 vnam
1437 3850 1588 3928 curiam
1619 3847 1662 3926 in
1689 3845 1914 3952 staewdgbd

112 3961 156 4038 iu
185 3955 456 4049 skdslraeraeth.
486 3958 589 4036 ltem
634 3953 735 4037 duas
776 3958 966 4037 tabernas
1003 3958 1043 4036 in
1073 3961 1237 4040 ciuitate
1280 3955 1484 4041 Lundensi
1514 3961 1554 4037 in
1586 3956 1776 4063 parocbia
1807 3955 1914 4034 beati

114 4067 278 4150 Andree
305 4067 499 4176 apostoli,
527 4097 627 4178 quas
658 4066 782 4148 habui
811 4067 862 4149 de
889 4068 1037 4176 Magno
1065 4097 1250 4151 swensnn
1282 4071 1393 4152 dicto
1427 4069 1561 4176 gaggi
1590 4085 1631 4146 et
1662 4093 1778 4148 unam
1808 4067 1915 4145 curi·

28 4217 41 4228 ·
109 4209 176 4262 am
206 4180 352 4260 ibidem
384 4181 425 4260 in
456 4179 649 4287 parochia
678 4178 787 4260 beati
814 4179 955 4260 iacobi
985 4182 1121 4278 sitam,
1159 4183 1199 4264 in
1225 4211 1310 4292 qua
1340 4183 1513 4262 vicarius
1540 4177 1636 4260 dicti
1665 4176 1814 4257 Altaris
1843 4177 1914 4259 ha·

113 4293 227 4374 bebit
256 4290 531 4373 residenciam.
562 4307 607 4369 vt
635 4317 685 4372 ex
713 4293 769 4372 eis
797 4287 980 4372 sacerdos
1008 4293 1244 4402 quicunque
1273 4321 1350 4402 pro
1378 4311 1560 4402 tempore
1603 4289 1724 4372 luerit
1753 4290 1913 4370 institu·
1975 4386 1977 4397 Ι

106 4422 178 4484 tns
206 4401 257 4483 ad
289 4403 426 4484 Altare
457 4400 678 4509 predictum
708 4404 749 4483 in
780 4419 998 4485 memorata
1027 4405 1194 4485 ecelesia
1224 4403 1432 4487 commode
1459 4418 1719 4496 sustentetur,
1749 4417 1790 4482 et
1818 4427 1914 4480 oue·

107 4544 156 4596 ra
187 4514 463 4596 incumbencia
494 4513 622 4594 valeat
650 4531 924 4624 competenter
953 4534 1206 4625 supportare.
1251 4521 1301 4596 ln
1346 4519 1484 4625 primis
1526 4515 1649 4622 igitur
1676 4513 1770 4592 volo
1801 4511 1914 4620 qnod

107 4632 176 4708 ius
216 4626 475 4734 presentandi
516 4623 763 4706 sacerdotem
800 4629 1015 4724 vicarium,
1060 4627 1246 4710 videlicet
1289 4627 1459 4736 predicti
1489 4626 1626 4705 altaris
1667 4621 1777 4736 apud
1805 4651 1914 4703 snm·
1975 4695 1982 4712 ,

107 4768 221 4819 mum
253 4742 500 4850 prepositum
530 4738 694 4820 ecclesie
722 4737 939 4833 antedicte,
982 4741 1216 4852 quicunqne
1247 4769 1322 4850 pro
1355 4757 1533 4847 tempore
1563 4735 1682 4814 fuerit
1713 4753 1911 4842 perpetuo

104 4869 316 4932 remaneat
342 4851 500 4933 saluum
535 4867 576 4930 et
608 4852 821 4957 integrum.
868 4866 908 4928 et
937 4851 1023 4957 ipse
1066 4855 1292 4959 prepositus
1342 4867 1579 4960 perpetuam
1624 4849 1838 4928 tuicionem
1869 4861 1910 4926 et
1953 4949 1958 4958 .

105 4962 270 5073 plenam
300 4959 452 5046 habere
480 4961 602 5043 debet
630 4960 831 5044 bonorum
853 4961 1000 5044 Altaris
1028 4961 1217 5044 eiusdem.
1248 4959 1443 5044 Sacerdos
1472 4989 1568 5042 vero
1598 4957 1648 5040 ad
1678 4957 1829 5040 dietum
1852 4959 1911 5038 al·
2089 5069 2091 5080 A
