4317 5975
1001 381 1418 466 4516·-

317 608 436 692 nobis
462 605 514 691 de
542 608 639 691 viris
668 601 871 719 providis,
910 601 1088 689 dominis
1115 630 1253 686 ascero
1294 603 1437 684 Jonsse
1477 615 1519 682 et
1561 599 1682 684 Ivaro
1707 606 1887 690 canonico
1909 611 2049 725 bergami

318 721 652 832 procuratoribus
665 715 913 800 etministris
928 717 1128 826 magnifici
1154 714 1350 826 principis
1377 713 1531 797 domini
1545 713 1725 822 Haguini
1751 717 1821 798 Dei
1847 725 1958 828 gracia
1975 735 2050 838 regis

317 833 520 939 Nos-regie
548 831 733 926 illustris,
763 829 890 937 patris
917 829 1048 911 nostri
1070 828 1276 926 carissimi,
1304 825 1517 908 sufficienti
1545 825 1737 932 mucione
1754 834 2051 938 supermillenn-

317 942 405 1026 chis
439 943 531 1051 pori
561 943 718 1050 argenti
762 939 879 1020 nobis
920 968 1040 1051 qvam
1068 940 1194 1022 cicius
1220 937 1491 1044 assignandis,
1524 933 1644 1020 etde
1672 937 2052 1034 millemarchatisan·

319 1057 430 1163 tique
459 1069 618 1134 monete
650 1051 840 1133 noricane
867 1053 910 1131 iu
939 1052 1061 1134 rebus
1074 1050 1399 1161 competentibus
1427 1048 1546 1132 nobis
1559 1047 1623 1130 vel
1647 1065 1795 1132 nostro·
1812 1071 1910 1134 certo
1944 1065 2051 1144 nomin

316 1163 564 1274 Tunsbergis
592 1168 633 1246 in
666 1160 795 1246 media
825 1160 1127 1271 quadragesima
1143 1163 1223 1270 jam
1253 1162 1439 1271 proxima
1466 1161 1782 1260 committendis,
1810 1180 1849 1244 et
1861 1165 1905 1247 de
1918 1167 2053 1282 Letbang

268 1286 274 1300 “
316 1292 361 1356 et
387 1273 646 1383 Landsckyld
677 1275 728 1358 de
759 1273 991 1382 Elwarsysl.
1026 1291 1068 1356 et
1096 1273 1264 1356 Ranrilri
1300 1273 1415 1354 istius
1457 1273 1553 1354 anni
1581 1271 1699 1356 nobis
1727 1273 1846 1354 eciam
1871 1285 2053 1386 qaantocius

297 1383 608 1484 deliberandis,
636 1385 908 1497 promittimus
936 1387 1043 1467 bona
1072 1383 1151 1467 lide
1178 1385 1328 1494 Regem
1357 1384 1482 1465 Dacie
1503 1413 1595 1466 cum
1627 1385 1868 1466 nostratibus
1891 1403 1926 1470 et
1948 1392 2053 1499 stipen

314 1497 455 1580 diariis
481 1494 532 1579 de
547 1498 772 1580 alamannia
793 1495 933 1580 ductis
965 1512 1052 1578 tota
1069 1513 1206 1579 nostra
1242 1496 1431 1606 potencia
1459 1495 1649 1627 invadere
1676 1513 1717 1579 et
1745 1495 2054 1612 hostiliterjmpng·

317 1636 766 1802 ttttttttttttt
784 1605 1441 1828 tlt?tltttttttttlttt
1464 1608 1674 1802 btttt
1699 1607 2054 1830 5ξῇῗέᾛῖιέἔῖἓέἓί

317 1830 639 1925 consiliariorum
670 1847 922 1926 nostrorum,
963 1831 1035 1940 qvi
1064 1829 1274 1919 nobiscum
1305 1831 1347 1910 in
1377 1828 1450 1910 lmr
1485 1845 1619 1939 parte,
1662 1831 1741 1913 lide
1771 1831 1879 1930 data,
1916 1837 2054 1941 pmnise

317 1957 416 2024 runt
445 1941 631 2024 videlicet
657 1940 910 2024 Venerabilis
937 1943 1065 2050 patris
1093 1941 1247 2024 domini
1276 1939 1325 2022 H.
1358 1942 1431 2048 Dei
1460 1947 1594 2050 gracia
1624 1943 1883 2054 Lincopensis
1907 1945 2054 2052 Episcopi

316 2051 470 2133 domini
499 2053 641 2134 aberni
668 2053 841 2162 dapiferi
871 2053 1018 2151 nostri,
1047 2054 1212 2136 Domini
1239 2051 1419 2160 Philippi
1449 2051 1610 2136 Ullison
1632 2054 1795 2137 Domini
1822 2054 2056 2164 SiggunisHal

317 2165 443 2245 steina
472 2162 499 2245 l.
529 2165 693 2246 Domini
722 2161 892 2246 Arnvidi
920 2163 1124 2245 Gottstaff
1147 2164 1301 2248 domini
1322 2163 1455 2245 szni
1483 2161 1533 2245 de
1562 2167 1696 2274 Kyrin
1723 2163 1872 2246 domini
1885 2165 2008 2272 Lydari
2023 2164 2058 2245 de

178 2346 182 2350 ,
310 2275 476 2384 Kyrin,
499 2293 540 2356 et
566 2272 719 2357 domini
748 2274 949 2383 Thurgilli
976 2277 1113 2359 clerici
1143 2273 1514 2364 nostrisecretarii
1544 2275 1809 2386 presentibus
1842 2267 1928 2358 sunt
1950 2303 2057 2386 appen

320 2414 376 2468 sa.
404 2389 554 2470 Datum
583 2387 665 2496 aby
694 2392 813 2472 Anno
841 2383 996 2472 domini
1023 2388 1078 2474 M.
1107 2387 1220 2473 CCC.
1250 2386 1341 2470 Vll.
1368 2387 1411 2468 in
1440 2389 1503 2470 &a
1531 2390 1735 2488 dominica
1763 2387 1956 2472 adventus

196 2697 202 2708 Ι
331 2777 499 2922 1567.
964 2782 1107 2929 1307
1156 2781 1205 2892 d.
1258 2819 1323 2927 17
1373 2783 1497 2958 Dec.
1874 2921 1877 2928 Ι
1973 2755 2057 2924 lby.

400 3001 504 3065 Astu
523 2999 667 3065 losssoss
685 2998 746 3064 oclr
767 3001 912 3067 Karikon
933 3006 942 3067 i
963 3006 1082 3087 bergen
1106 3006 1205 3071 ivus
1225 2998 1423 3084 sdrbiudelse,
1443 3014 1490 3067 stt
1511 3002 1559 3067 till
1578 3002 1856 3087 Hertigsmealler
1874 2998 1955 3063 derat
1970 2993 2058 3093 aulul,
2104 2973 2106 3089 l

452 3083 495 3169 pb
516 3082 675 3147 besttmda
698 3085 776 3149 tider
797 3087 988 3150 direrlemna
1009 3088 1241 3152 cluanntmude
1260 3087 1423 3165 mbsidier,
1445 3086 1665 3165 uchatttillse,
1690 3085 1743 3149 det
1764 3086 1932 3165 Kouuogen
1950 3086 1959 3144 i
1975 3084 2059 3157 licum
2105 3096 2106 3135 l

453 3168 524 3229 ieie
555 3178 629 3229 utan
658 3168 857 3249 Hertigarnes
877 3167 1063 3252 begiirsnde
1087 3173 1175 3251 ingllr
1196 3172 1296 3253 rigon
1319 3170 1506 3235 mittitete
1522 3170 1594 3233 mad
1615 3168 1792 3251 Kouuogen
1814 3170 1824 3231 i
1845 3164 2058 3242 neumarum
2104 3144 2106 3281 ⁴

454 3247 570 3315 oreste
590 3251 703 3315 Jsttoss
723 3253 761 3313 ul'
776 3251 912 3315 Hellaod
933 3253 1057 3317 derliite
1077 3254 1163 3335 gline
1184 3253 1311 3339 bor-geu.
2105 3282 2106 3295 t

559 3412 563 3421 .
1818 3332 1851 3387 n
1867 3332 1887 3389 t.
1902 3330 1932 3385 ss
1945 3330 1975 3393 ‘t
2103 3306 2106 3414 l

433 3465 635 3547 Omnibus
664 3494 839 3575 praesens
865 3472 1061 3579 scriptum
1082 3470 1344 3555 cernentibus
1373 3476 1557 3554 Ascuuus
1575 3474 1755 3553 Jottssott
1782 3484 1825 3549 et
1851 3468 1996 3547 Iwmus
2016 3458 2062 3537 Ca·

322 3576 492 3658 nonicus
520 3577 728 3686 Bergensis
754 3578 922 3661 salutem
953 3583 994 3663 in
1024 3581 1190 3663 domino
1224 3584 1520 3691 sempiternam.
1576 3581 1737 3663 Tenore
1786 3576 2015 3689 praesentium
2032 3562 2062 3693 td

322 3714 575 3770 communem
604 3688 846 3795 proferimus
879 3693 1072 3774 noticiam
1112 3689 1223 3803 qvod
1262 3720 1335 3776 nos
1366 3711 1652 3803 procuratores
1681 3691 1885 3800 magnifici
1923 3681 2063 3796 principit

322 3798 477 3881 domini
504 3801 646 3897 nostri,
675 3800 725 3881 H.
754 3802 828 3881 Dei
858 3806 990 3913 gracia
1020 3804 1139 3913 Regis
1168 3804 1369 3913 Norvegie
1397 3804 1564 3887 illustris
1593 3803 1672 3888 lide
1693 3801 1823 3885 media
1853 3794 2066 3912 promittimus

266 4002 272 4011 1
321 3938 373 3993 ex
401 3928 609 4021 partesue
637 3928 679 3991 et
709 3914 1155 4023 nomineprocuratorii
1183 3918 1244 3996 sui
1276 3916 1393 3998 nobis
1407 3917 1607 3999 commissi
1624 3916 1845 4025 magnificis
1873 3902 2044 4029 principib·

322 4022 508 4106 Dominis
535 4024 581 4104 E.
610 4037 651 4104 et
678 4022 748 4104 W.
778 4024 951 4107 ducibus
989 4024 1187 4110 Sveorum
1230 4027 1456 4110 illustribus
1499 4028 1562 4109 vel
1599 4056 1741 4109 eorum
1784 4026 1904 4108 certis
1940 4036 2067 4135 nanctus

321 4133 432 4217 mille
461 4132 644 4217 marchas
686 4136 842 4242 argenti
872 4138 986 4243 puri,
1032 4137 1137 4221 infra
1179 4156 1367 4249 quartum
1418 4136 1524 4221 diem
1553 4159 1577 4219 a·
1606 4137 1672 4223 die
1700 4136 1923 4221 nativitatis
1946 4124 2067 4214 domin

322 4246 511 4355 proximo
540 4243 852 4345 numerandum,
883 4248 1131 4357 integraliter
1159 4247 1319 4331 tradere
1348 4266 1389 4332 et
1409 4252 1583 4362 quittare
1609 4279 1656 4333 ac
1684 4249 1796 4351 mille
1820 4243 2068 4360 marchatusar

306 4358 434 4469 -tiqve
464 4374 622 4439 monete
658 4356 848 4439 noricane
889 4358 933 4439 in
975 4360 1099 4441 rebus
1141 4361 1238 4470 ipsis
1280 4360 1607 4473 competentibus
1647 4360 1897 4473 Tunsbergis
1920 4358 1958 4437 in
1981 4342 2069 4432 medii

323 4464 627 4578 quadragesima
656 4469 736 4579 jam
766 4468 949 4578 proxima
978 4473 1203 4579 assignare,
1235 4489 1277 4552 et
1299 4472 1526 4555 soluciones
1548 4470 1677 4557 dictes
1700 4471 1893 4581 Laeidang
1917 4483 1953 4547 et
1976 4450 2068 4545 Lanl
2101 4488 2103 4527 t

323 4577 464 4687 slsyld,
500 4580 615 4663 istius
641 4581 737 4663 suni
765 4580 817 4663 de
844 4581 1040 4689 Eluasysl.
1069 4599 1112 4664 et
1138 4582 1308 4665 Ranrilti
1336 4612 1456 4696 qvam
1485 4586 1603 4668 eitius
1643 4582 1870 4667 deliberare
1895 4576 2070 4669 eisdem,lt

326 4715 451 4800 super
478 4691 527 4772 iis
552 4688 825 4777 deliberandis
850 4692 1114 4777 sufficientem
1147 4694 1246 4805 ipsis
1273 4692 1405 4779 lacere
1432 4696 1678 4781 cautionem.
1707 4694 1972 4819 promittimus
1996 4687 2070 4767 insu·

1937 4827 1999 4913 per

324 4918 598 4939 m

368 4976 499 5059 surus
518 4998 557 5043 ιιι
578 4978 760 5047 ammaum
780 4980 923 5067 ststggt
943 4980 1145 5101 usim-os
1160 4980 1223 5047 oet
1243 4978 1382 5049 stetten
1402 4984 1493 5067 ost,
1513 4940 1629 5048 nea
1650 4982 1692 5049 as
1710 4982 1788 5050 use
1814 4984 1898 5066 1307·
