4317 5975
828 397 1344 506 .--539---1

137 614 287 700 eisdem
318 619 510 728 magistro
537 633 579 700 et
605 616 799 700 iratribus
823 613 876 700 de
910 617 1027 704 bonis
1061 644 1203 704 eornm
1246 615 1482 729 impendent
1521 617 1744 703 subsidium
1772 647 1841 704 sex
1871 650 1948 718 an·

139 757 285 812 norrun
314 729 612 839 indulgenciam
645 728 961 812 misericorditer
986 729 1204 839 elargimur
1230 735 1295 832 lta
1323 729 1436 844 quod
1467 759 1543 840 pro
1563 732 1749 842 quolibet
1773 733 1973 829 denario*

138 840 236 923 dato
266 842 307 920 in
337 842 559 924 subsidium
594 840 842 944 antedictum
884 843 998 924 iuxta
1039 842 1340 929 ordinacionem
1378 843 1616 926 huiusmodi
1661 845 1828 952 largitor
1856 848 1945 955 ipse

10 974 11 981 ‘
137 955 258 1033 rnius
285 955 385 1034 anni
411 945 509 1057 'Qui
539 979 636 1034 uero
669 968 827 1034 tautum
857 953 1036 1038 noluerit
1077 955 1142 1035 uel
1172 956 1404 1066 nequiuerit
1445 954 1634 1036 exhibere
1673 955 1743 1037 sed
1785 952 1943 1040 dederit

139 1079 297 1147 tantum
337 1065 513 1146 obulum·
547 1063 612 1144 uel
656 1065 803 1172 pictam
823 1145 827 1150 ,
846 1065 957 1148 iuxta
994 1064 1227 1146 huiusmodi
1269 1067 1535 1177 quantitatem
1577 1065 1746 1148 subsidii
1788 1082 1830 1147 et
1871 1067 1977 1150 de·⁸

140 1178 321 1258 uocionis
358 1175 547 1257 allectum
582 1174 750 1258 eandem
795 1174 1093 1285 indulgenciam
1137 1193 1410 1288 consequatur
1449 1179 1634 1260 volumus
1668 1196 1801 1260 autem
1828 1177 1942 1290 qnod

10 1300 11 1303 ‘
139 1280 321 1398 predicta
351 1287 530 1371 subsidia
559 1286 674 1367 infra·
689 1286 843 1370 dictum
872 1288 1195 1400 quinquennium
1227 1288 1440 1400 largientes
1487 1289 1687 1398 predictas
1727 1288 1943 1400 indulgen·

11 1422 15 1468 τ
138 1401 221 1482 cias
247 1416 516 1510 assequantur
544 1397 812 1482 Concedimus
839 1401 965 1480 eciam
994 1397 1108 1510 quud
1136 1425 1275 1481 omnes
1303 1399 1376 1510 qui
1403 1413 1533 1480 totum
1577 1399 1800 1482 subsidium
1828 1401 1943 1502 exhi·

139 1495 298 1592 bebunt
324 1512 487 1592 insimul
516 1535 597 1590 ruo
612 1509 678 1593 die
691 1510 806 1620 quod
834 1511 1092 1622 singulariter
1120 1511 1289 1619 singulis
1319 1511 1478 1596 maioris
1506 1508 1731 1594 ebdomade
1758 1511 1823 1593 vel
1852 1514 1943 1596 aliis

139 1624 300 1704 ueneris
327 1638 399 1704 aut
425 1622 595 1732 singulis
623 1621 770 1704 diebus
794 1623 1066 1734 quinquennii
1095 1622 1304 1705 memorati
1333 1624 1552 1732 impensuri
1582 1640 1713 1704 essent
1741 1652 1818 1732 pro
1844 1624 1943 1706 sub·

54 1803 58 1809 ,
138 1735 243 1816 sidio
270 1733 479 1816 antedicto
499 1750 631 1816 'totam
661 1732 771 1814 illam
799 1731 1102 1843 indulgencism
1130 1747 1253 1842 prout
1281 1762 1369 1816 eam
1397 1747 1472 1842 per
1498 1731 1658 1814 eosdem
1688 1734 1773 1816 dies
1800 1743 1942 1818 secun·

10 1938 11 1947 Ν
138 1843 245 1926 dum'
265 1848 389 1955 magis
415 1864 457 1927 et
485 1848 619 1926 miuus
653 1844 816 1929 diuerso
853 1844 974 1926 modo
1014 1845 1285 1933 concessimus
1325 1847 1481 1954 integre
1522 1861 1792 1956 assequantur
1815 1875 1942 1958 ‚quam

18 2006 19 2011 ι
137 1975 447 2068 assequerentur
473 1957 732 2066 singulariter
759 1957 904 2052 diebus
932 1955 1101 2064 singulis
1130 1956 1280 2067 quibus
1310 1955 1539 2038 huiusmodi
1576 1957 1801 2039 subsidium
1829 1959 1943 2039 exhi·

138 2069 293 2150 herent.
342 2067 465 2172 Quod
495 2068 660 2179 quidem
689 2086 730 2150 et
758 2067 869 2150 alind
898 2066 1122 2151 subsidium
1151 2093 1270 2149 omne
1297 2067 1416 2150 dictis
1456 2068 1649 2178 magistro
1677 2085 1724 2149 et
1746 2067 1942 2152 fratribus
2022 2125 2028 2128 -

137 2207 215 2288 pro
243 2179 353 2261 dicto
383 2207 568 2289 passagio
603 2175 905 2289 inpendendum
935 2208 1008 2288 per
1038 2205 1184 2262 manus
1210 2177 1509 2262 ordinariorum
1541 2182 1722 2262 locorum
1746 2181 1810 2261 rel
1840 2180 1968 2262 alio·

9 2357 14 2370 .
136 2320 225 2373 rum
257 2290 581 2401 deputandorum
602 2292 664 2386 ,ab
692 2291 749 2372 eis
775 2292 873 2400 ipsis
902 2293 1092 2401 magistro
1120 2306 1160 2372 et
1189 2289 1383 2373 iratribus
1427 2290 1614 2372 volumus
1656 2290 1840 2373 exhiberi
1869 2295 1941 2372 Jn-
2008 2291 2010 2297 '

9 2400 19 2471 3v
130 2402 346 2485 'tendentes
374 2407 513 2514 itaque
539 2404 653 2512 qnod
680 2401 896 2486 elemosine
923 2420 965 2485 et
991 2394 1292 2488 emolimentum
1322 2429 1405 2512 que
1424 2429 1476 2484 ex
1504 2402 1696 2511 predictis
1712 2387 1939 2512 'indulgen-

17 2566 23 2581 ·
135 2516 208 2599 ciis
235 2515 453 2624 prouenire
480 2516 696 2624 contigerit
724 2539 800 2622 pro
829 2511 954 2623 ipsius
984 2515 1156 2623 passagii
1184 2513 1397 2598 commodo
1430 2511 1670 2621 diligencius
1697 2541 1940 2596 eonseruen·
2055 2571 2059 2577 .

9 2638 18 2677 ’-
134 2647 204 2712 tur
229 2626 418 2708 volumus
446 2625 560 2736 quod
588 2643 634 2706 tn
664 2624 792 2715 frater
819 2625 1122 2735 archiepiscope
1150 2629 1194 2708 in
1221 2643 1291 2709 tus
1327 2625 1638 2754 metropolitana
1679 2651 1832 2738 vosque
1859 2624 1940 2706 irs·-

134 2757 218 2822 tres
245 2740 425 2848 episcopi
453 2739 496 2818 in
524 2735 693 2846 singulis
735 2740 877 2819 vestris
909 2735 1216 2827 cathedralibus
1255 2735 1431 2820 ecclesiis
1458 2764 1502 2818 m
1530 2735 1669 2847 aliquo
1696 2738 1802 2818 iutra
1832 2739 1941 2846 ipsas

135 2849 398 2934 accommodo
424 2865 467 2930 et
495 2867 590 2930 tntu
617 2849 710 2936 loro
736 2875 814 2931 rna
842 2867 1022 2959 ponatur
1061 2848 1274 2934 archavel
1304 2865 1470 2932 trrueus
1512 2846 1631 2929 fortis
1661 2863 1703 2929 et
1728 2848 1868 2930 firmus
1896 2849 1939 2928 in

13 3008 24 3056 ς
133 2991 219 3074 qno
247 2964 459 3045 elemosine
487 2978 529 3043 et
549 2961 856 3045 emolimentum
896 2958 1131 3046 huiusmodi
1163 2976 1204 3042 et
1232 2961 1310 3045 alia
1340 2989 1416 3071 per
1456 2986 1598 3043 manus
1625 2979 1778 3044 vestras
1820 2983 1940 3042 occa·
2035 3014 2039 3021 ‚

9 3127 11 3130 >
131 3078 248 3157 sione
276 3076 454 3160 cuiusuis
486 3101 560 3183 per
587 3100 664 3155 nos
690 3099 877 3160 concesse
905 3072 1163 3183 indulgencie
1203 3074 1300 3182 ipsis
1343 3074 1534 3182 magistro
1563 3087 1603 3152 et
1633 3069 1827 3163 frutribus
1856 3100 1935 3181 pro
1998 3094 2000 3099 ·

18 3234 24 3288 t
133 3187 366 3270 huiusmodi
408 3188 592 3295 passagio
627 3187 672 3266 in
699 3185 868 3293 singulis
901 3187 1044 3268 nestris
1085 3185 1322 3268 ciuitatibus
1349 3199 1391 3265 et
1418 3182 1647 3267 diocesibus
1684 3199 1940 3292 prouentum

10 3323 19 3401 g
133 3299 367 3407 recipienda
398 3326 469 3407 per
499 3323 640 3379 manus
669 3313 847 3378 vestrum
876 3296 1094 3381 cuiuslibet
1121 3297 1166 3377 in
1193 3322 1263 3377 sua
1306 3296 1472 3379 ciuitate
1517 3292 1792 3375 recondantur
1820 3293 1938 3376 Simi-
2011 3342 2021 3353 =
2061 3322 2067 3333 ·

131 3411 211 3491 lem
239 3436 406 3520 quoque
434 3410 595 3491 archam
633 3407 696 3488 vel
728 3424 917 3491 usnemu
947 3408 989 3489 in
1018 3407 1203 3517 qualibet
1246 3406 1468 3517 parochiali
1512 3405 1679 3487 ecclesia
1721 3405 1941 3486 cuiuslibet

132 3519 302 3603 diocesis
329 3523 373 3601 in
400 3549 485 3632 quo
512 3520 727 3609 elemosine
754 3535 796 3603 et
823 3519 1124 3607 emolimentum
1166 3520 1208 3602 iu
1235 3516 1411 3626 singulis
1433 3516 1635 3627 parochiis
1677 3515 1937 3598 ecclesiarum
1987 3594 1995 3607 ,
2108 3500 2111 3508 ’

131 3638 308 3744 ipserum
338 3660 390 3713 ex
417 3629 689 3740 indulgenciis
715 3647 967 3740 prouentura
998 3629 1189 3739 predictis
1217 3630 1396 3713 securius
1414 3643 1709 3711 conseruentur
1737 3630 1835 3735 poni
1865 3656 1937 3713 uo-

9 3805 19 3856 ,
132 3748 266 3829 lumus
293 3763 334 3825 et
362 3741 598 3825 mandamus
625 3745 869 3826 auctoritare
898 3743 1149 3849 presencium
1176 3738 1425 3849 ordinantes.
1452 3738 1564 3851 quod
1594 3740 1635 3817 in
1665 3738 1832 3844 siugulis
1860 3742 1935 3819 eis·

130 3855 222 3958 dem
252 3856 383 3938 archis
410 3854 474 3935 rel
502 3854 656 3948 truncis
684 3870 765 3938 tres
792 3870 973 3935 serature
1000 3849 1169 3935 totidem
1198 3848 1392 3933 babentes
1419 3848 1555 3931 claues
1574 3847 1753 3930 diuersas
1782 3868 1821 3929 et
1849 3876 1935 3930 om·

9 4029 21 4058 ι.
131 3972 231 4067 nino
259 3965 466 4051 dissimiles
492 3981 755 4073 apponantur
812 3990 954 4045 uarum
980 3964 1156 4046 clunium
1185 3960 1372 4045 videlieet
1400 3960 1519 4043 arche
1556 3958 1620 4042 vel
1649 3962 1781 4039 trvnot
1810 3963 1932 4068 positi

9 4147 18 4175 ,
131 4112 173 4166 m
203 4082 300 4191 ipsis
329 4076 639 4186 metropolitana
668 4091 710 4159 et
736 3994 1035 4159 uniuersalibus
1063 4072 1240 4155 ecclesiis
1267 4072 1332 4154 Tu
1361 4071 1663 4181 archiepiscope
1691 4085 1731 4152 et
1759 4069 1934 4181 quilibet

131 4211 309 4277 uestrum
338 4191 623 4299 episcoporum
651 4188 700 4272 iu
721 4214 793 4271 sua
821 4186 987 4269 eeclesia
1016 4212 1147 4269 vnum.
1176 4186 1295 4267 aliem
1324 4210 1425 4265 uero
1451 4200 1693 4293 procurator
1721 4183 1932 4289 hospitalis
2064 4194 2070 4203 '

131 4303 302 4417 predicti
329 4320 371 4385 et
398 4301 595 4411 reliquam
624 4298 774 4409 aliquis
797 4296 854 4383 de
883 4298 1049 4380 ciuitate
1078 4298 1187 4381 boue
1228 4296 1433 4406 opinionis
1474 4312 1514 4377 et
1554 4292 1781 4403 lidedignus
1810 4294 1931 4376 bomo

9 4487 18 4514 ,
131 4418 303 4501 fideliter
330 4412 561 4501 custodiant
588 4428 629 4493 et
657 4426 909 4494 conseruem
930 4409 1162 4495 archarum
1192 4424 1330 4493 sutem-
1355 4406 1416 4489 vel
1447 4422 1681 4489 truncorum
1698 4403 1931 4487 eorumdem

9 4524 15 4626 J
130 4535 172 4612 in
201 4526 319 4611 dictis
348 4522 649 4634 parochialibus
676 4520 855 4609 eeclesiis
879 4518 1083 4607 dictarum
1107 4521 1325 4605 diocesinm
1362 4523 1585 4629 positorum
1615 4544 1693 4597 vna
1722 4533 1930 4600 erectore

9 4627 15 4723 ,⁸
130 4643 257 4751 ipsius
284 4638 463 4721 ecclesie.
500 4632 683 4725 &cunda
712 4660 810 4717 vere
836 4662 860 4713 a
892 4648 1167 4741 procuratore¹
1196 4631 1382 4743 predicto
1410 4646 1450 4711 et
1477 4632 1601 4711 tercia
1642 4628 1695 4709 ab
1723 4656 1803 4709 vna
1831 4627 1929 4711 fide·
2041 4706 2044 4713 .

65 4822 72 4834 ,
125 4755 257 4863 digna
280 4749 498 4834 etdeuota
526 4773 701 4859 persona
727 4745 922 4853 parochie
961 4747 1157 4853 mgistro.
1178 4761 1228 4827 et.
1246 4741 1438 4825 fratribus
1478 4768 1529 4837 ec
1556 4741 1740 4851 passagio
1778 4739 1927 4821 eisdem

9 4939 14 4964 s
131 4866 310 4975 propicia
340 4874 645 4952 consererentur.
673 4858 828 4947 arenas
861 4872 1002 4942 autem
1025 4856 1087 4939 rel
1118 4868 1281 4939 truncos
1323 4849 1526 4961 prediatus
1568 4850 1754 4964 videlicet
1782 4852 1824 4931 iu
1853 4854 1928 4932 eis-

9 4977 13 5059 ἶ
129 4979 220 5061 dem
249 4968 548 5089 parochialibus
574 4969 750 5052 ecclesiis
777 4970 1041 5051 consistentes
1069 4968 1113 5049 iu
1141 4963 1346 5081 quindena
1370 4952 1600 5047 sestiuitatis
1617 4965 1926 5051 resurreccionis
