4317 5975
977 365 1033 386 -
1142 299 1393 426 ese-,-

304 581 472 706 ¹7¹7·
947 541 1464 688 1280d.14Juli.
1670 626 1674 636 -
1848 549 2025 660 Nastos.

372 733 516 818 Konuug
537 731 634 796 Eurus
656 731 667 793 i
689 732 850 797 Danmark
872 731 1068 796 stadlbstelee
1090 731 1133 818 pe
1153 729 1377 818 tyberianus
1397 731 1541 795 tillliirue
1562 729 1709 796 erblllna
1730 731 1862 798 iribeter
1879 737 1931 800 oclr
1947 741 2029 806 lirul-

414 839 472 880 ner
494 818 536 903 pt
557 815 787 880 marluoderua
809 817 820 878 i
840 815 952 878 strue.

1771 897 1946 966 homst

401 997 596 1112 E(n1cus),
626 995 688 1080 dei
718 1000 848 1106 gracia
872 1001 1073 1082 Danorum
1099 998 1409 1110 Sclauorumque
1428 1025 1519 1096 rex,
1546 999 1761 1098 Omnibus,
1788 1011 2030 1118 presemsuip

247 1171 256 1187 ,
291 1131 374 1196 turn
402 1111 670 1207 vementibus,
698 1113 743 1194 in
771 1107 933 1194 domino
961 1111 1136 1192 salutem

401 1224 620 1318 Noueritis,
664 1218 773 1333 quod
800 1249 873 1304 nos
900 1223 994 1304 viris
1021 1217 1216 1330 prouidis,
1258 1214 1411 1302 dilectis
1435 1221 1568 1319 nobis,
1619 1221 1772 1306 ciuibus
1806 1223 2033 1335 Lybicensibu

291 1363 426 1420 omnes
455 1333 660 1418 libertates
687 1351 728 1414 et
755 1337 922 1438 gracias,
964 1359 1041 1444 que
1070 1359 1094 1410 a
1121 1330 1240 1412 nobis
1260 1349 1301 1412 et
1357 1333 1649 1438 regenitoribus
1683 1337 1847 1430 nostris,
1883 1337 2033 1449 quondan

289 1445 447 1556 regibus
477 1447 615 1542 Dacie,
657 1447 700 1526 in
728 1441 915 1526 nundinis
944 1441 1218 1524 Scanienlilnrs
1243 1457 1286 1523 et
1355 1445 1362 1462 '
1393 1445 1406 1523 i
1434 1473 1507 1554 per
1542 1471 1708 1552 regnum
1741 1464 1915 1530 aornim
1938 1451 2035 1532 brus

187 1605 193 1618 ·
289 1589 367 1677 que
395 1557 596 1652 babuisse,
625 1573 859 1650 noscuntur,
888 1555 1131 1644 Dimittimus
1156 1571 1200 1635 et
1228 1552 1490 1640 Conoedimrro
1515 1552 1567 1638 de
1593 1575 1725 1639 ostem
1744 1557 1937 1642 habendas
1952 1559 2035 1645 b'bue

289 1689 329 1754 et
357 1667 539 1764 vtendas,
569 1695 687 1777 quam
715 1663 783 1747 diu
811 1664 926 1748 nobis
953 1662 1088 1746 deuoti
1117 1665 1273 1746 fuerint

401 1775 635 1865 illaudantes
661 1775 845 1860 omnibus
872 1777 1106 1860 officialibus
1134 1778 1278 1860 nostris
1311 1777 1458 1890 rbique
1492 1806 1564 1889 per
1600 1806 1769 1886 regnum
1801 1797 2035 1880 sosarmo

192 1994 197 2002 ¹
288 1893 414 1976 dictos
443 1893 559 1976 Ciues
586 1905 725 1970 eontra
753 1885 951 1998 predictas
978 1888 1181 1974 libertates
1208 1888 1415 1972 molestare
1471 1910 1693 1988 resumant,
1725 1918 1802 1972 nec
1828 1891 1878 1973 ab
1900 1897 2035 2002 ipsisis

288 2007 447 2108 solitum
476 2000 694 2084 thelonium
723 2003 906 2108 exigant,
934 2018 994 2082 set
1022 2017 1178 2082 tantum
1205 1997 1324 2098 illud,
1358 2031 1415 2112 qu
1494 2001 1647 2084 soluere
1675 2001 1909 2085 ranchano
1932 2003 1975 2084 ab
1992 2035 2036 2086 an

289 2119 421 2228 tiquo:
462 2131 502 2194 et
530 2114 563 2192 si
596 2111 716 2240 aliqui
743 2139 793 2193 ex
828 2112 925 2222 ipsis
960 2141 1035 2221 pro
1069 2139 1303 2224 quacunque
1341 2141 1456 2196 causa
1493 2141 1564 2196 seu
1597 2113 1793 2199 forefacto
1823 2116 1866 2196 in
1899 2113 2037 2198 indicina

286 2230 416 2328 uocati
446 2225 613 2320 suerint,
642 2253 674 2304 sr
702 2221 849 2306 iactum
879 2223 1131 2328 negauerint,
1173 2222 1356 2305 nolumus
1381 2251 1449 2306 eos
1476 2225 1660 2336 compelli
1685 2252 1762 2336 per
1788 2243 1970 2336 suspectas
1988 2225 2035 2308 sbi

286 2367 474 2452 personas
501 2365 542 2420 se
569 2331 800 2434 defendere,
829 2351 889 2416 set
916 2363 989 2444 per
1017 2335 1113 2418 alios
1140 2335 1322 2417 homines
1346 2334 1451 2416 bone
1479 2333 1593 2418 same.

2085 30 2092 473 l

400 2451 447 2532 In
475 2448 584 2532 cuius
610 2448 667 2527 rei
696 2447 963 2528 testimonium
991 2463 1195 2558 presentes
1222 2447 1373 2529 litteras
1398 2449 1494 2557 ipsis
1534 2445 1699 2530 Ciuibus
1731 2441 1926 2543 dedimus,
1957 2447 2036 2554 sigili
2090 2500 2091 2507 κ

181 2587 186 2594 ·
286 2563 412 2645 nostri
436 2560 650 2643 mrnrimine
672 2555 885 2640 roboratas
916 2561 1062 2640 Datum
1084 2557 1378 2668 nackaesoogh,
1405 2587 1513 2642 anno
1534 2557 1695 2644 Domini
1717 2557 1781 2640 Μο
1796 2558 1882 2640 CC⁰
1894 2559 2036 2650 L'Xlllll,

287 2669 414 2786 pridie
441 2668 535 2757 Idus
562 2670 584 2750 J
588 2669 674 2782 ulij,
702 2667 913 2754 mundante
941 2667 1104 2754 domiuo
1130 2697 1235 2776 rege.

298 2978 468 3138 1718.
931 2981 1084 3095 1280
1130 2973 1180 3086 d.
1226 3019 1260 3137 7
1306 2977 1447 3126 Sept„

369 3166 531 3259 Fiigeniag
553 3166 595 3250 pt
621 3188 656 3231 ιο
677 3164 715 3232 dr
735 3164 852 3229 mellan
873 3166 1037 3251 tymme
1059 3167 1070 3229 i
1088 3166 1210 3252 -wisby
1230 3165 1293 3231 och
1312 3166 1431 3232 Suadeo
1451 3165 1581 3253 syberk
1606 3164 1659 3231 till
1685 3162 1846 3231 bundelus
1870 3162 2038 3252 slyfflnlri

410 3254 566 3335 Ostersjiin
589 3249 650 3313 och
672 3250 741 3311 desa
762 3250 905 3315 bamnar.
1401 3302 1407 3312 .
1635 3265 1639 3273 .
2090 3259 2091 3267 2

1758 3329 1838 3388 1..“c.
1856 3334 1903 3385 116
1918 3333 1949 3395 *l-

402 3434 620 3531 Omnibus,
649 3428 700 3513 ad
728 3461 828 3543 quos
855 3462 1017 3543 presens
1044 3435 1233 3543 scriptum
1261 3436 1505 3543 peruenerit,
1540 3426 1789 3530 Aduocatus,
1834 3430 1998 3515 consuo
2015 3441 2039 3507 tt

283 3572 491 3627 commune
519 3544 854 3625 Theutonicorum
888 3545 1058 3623 civitatis
1093 3544 1347 3626 wisbucensis
1381 3544 1555 3627 Salutem
1589 3545 1632 3626 in
1668 3547 1849 3627 omnium
1883 3543 2038 3625 saluatur.

397 3656 546 3737 Notum
573 3682 656 3735 esse
685 3654 862 3763 cupimus
889 3653 1101 3753 uniuersis,
1143 3652 1253 3767 quod
1279 3682 1353 3737 nos
1380 3672 1422 3735 et
1448 3655 1563 3735 amici
1590 3659 1717 3738 nostri
1750 3654 1954 3767 speciales,
1985 3648 2039 3729 rn'r

282 3770 384 3851 uersi
412 3770 516 3851 ciues
543 3785 584 3847 et
612 3783 847 3849 mercatores
875 3766 1083 3847 honorifici
1111 3766 1275 3847 Lubelre
1302 3763 1586 3863 inhabitantes,
1613 3769 1682 3849 tali
1710 3784 1833 3879 pacto
1864 3792 1981 3847 sumus
1996 3754 2038 3839 ad

283 3880 411 3963 uicem
439 3876 697 3963 confederati:
740 3876 921 3975 sisorte,
964 3876 1071 3989 quod
1099 3876 1221 3975 absit,
1263 3904 1431 3986 persone
1457 3904 1732 3991 quecumque,
1763 3878 2038 3986 sublimioresel

282 3990 488 4075 inferiores
510 3994 552 4072 in
579 4009 700 4101 portu
727 3986 906 4069 Traucne
934 3989 998 4069 uel
1025 3988 1067 4070 in
1096 3990 1315 4085 Noresunt,
1344 3989 1407 4070 uel
1434 3986 1580 4069 abinde
1607 4018 1730 4119 usgue
1754 3994 1802 4073 in
1824 3984 2038 4095 Nogardiau

282 4104 346 4185 vel
374 4106 534 4211 intuto
562 4103 659 4183 n'rari
687 4102 867 4183 orientali
896 4114 936 4179 et
964 4100 1007 4183 in
1034 4100 1216 4181 omnibus
1244 4099 1438 4209 portubus
1463 4114 1507 4180 et
1530 4101 1680 4207 *nauigii
1716 4102 1814 4184 locis
1841 4090 2039 4185 internodio

281 4214 539 4327 ubicumque,
575 4212 709 4293 ‘Nobis
736 4231 805 4293 aut
831 4224 907 4311 eis,
954 4208 1034 4293 aut
1049 4238 1185 4292 eorum
1213 4208 1277 4292 uel
1304 4214 1449 4294 nostris
1476 4199 1722 4310 concirribus,
1768 4231 1838 4294 aut
1871 4207 1953 4292 ullis
1983 4202 2039 4286 alii

281 4320 568 4409 Tbeutlroiricis
596 4323 895 4419 mercatoribus,
936 4322 1050 4403 nobis
1079 4318 1129 4401 de
1156 4321 1280 4431 bono
1307 4319 1551 4421 fauentibus,
1593 4324 1789 4421 lllolestie,
1831 4315 2038 4405 Gramniub

281 4438 362 4519 siue
392 4433 554 4549 dampni
584 4440 794 4554 quicquam
822 4436 1047 4520 intulerint:
1083 4430 1188 4514 sslud
1215 4463 1288 4516 nos
1316 4451 1355 4515 et
1382 4436 1459 4543 ipsi
1486 4436 1590 4515 ciues
1618 4436 1865 4518 vaocenses
1890 4432 2038 4516 reform

279 4548 425 4632 bimus·
445 4567 513 4633 aut
548 4548 778 4629 ulciscemur
815 4546 1035 4628 Laboribus
1062 4546 1353 4628 communibus
1372 4562 1413 4625 et
1440 4548 1639 4660 expensis,
1676 4544 1891 4629 secumdum
1924 4558 2039 4627 nostre

280 4690 370 4745 rum
398 4680 438 4745 et
467 4690 624 4743 suarum
652 4661 891 4768 exigcncianr
921 4660 1080 4767 ¹virium,
1108 4654 1443 4769 quemadmodum
1470 4659 1676 4745 internos
1703 4677 1839 4767 eteos
1864 4650 2038 4739 conmuni

279 4792 342 4857 ter
369 4790 429 4853 est
455 4770 690 4855 condictum.
913 4783 916 4800 '
996 4786 1036 4931 ¹¹
1098 4787 1102 4800 '
1270 4787 1308 4813 ‘¹
1904 4778 1913 4807 ⁴·

267 4876 504 4943 .,,’,,
602 4898 607 4911 ’
719 4892 723 4913 ¹
834 4893 938 4929 ·r·
1010 4898 1065 4929 ἰ·

323 4924 838 5067 ·)1)οηιᾶᾱωιεῆξτ·οτςῐιιειετ,
860 4981 932 5049 sont
948 4974 1282 5065 idrtmas'i'bybech
1307 4982 1331 5015 ¹²³
1354 4998 1369 5014 ··
