4317 5975
813 304 1061 457 &⁵625
1171 313 1271 484 ᾗ

124 563 347 646 terminatae
372 562 454 643 sint
482 564 662 647 totaliter
688 580 730 646 et
756 564 908 673 sopitae,
936 566 991 648 ita
1020 562 1132 676 quod
1160 591 1234 648 nos
1263 563 1349 646 Rex
1377 561 1509 646 Daciae
1537 557 1755 672 pradictus
1782 557 1917 639 Corui·

124 689 254 755 tatum
283 691 403 756 terrae
430 675 655 757 Hellandiae
677 703 772 756 cum
800 674 990 759 omnibus
1016 677 1195 787 juribus,
1227 675 1482 757 libertatibus
1510 690 1551 755 et
1579 669 1919 767 distinctionibus,

82 835 89 843 ·
124 783 383 867 tendentibus
411 786 620 897 usquead
648 785 814 866 flurium
844 788 980 868 Etbre.
1043 788 1085 870 Si
1116 789 1312 871 Dominus
1345 786 1665 895 Christophorus
1700 783 1794 864 Dux
1824 779 1922 860 Hal·
2012 831 2017 841 ,

125 894 270 1000 landiae
298 897 424 976 frater
452 913 590 978 noster
616 896 695 978 hoc
722 897 799 978 sibi
827 925 902 977 suo
929 898 1204 982 vendicaverit
1231 899 1480 1008 juramento,
1521 894 1633 1010 quod
1667 894 1702 974 si
1729 887 1807 976 stbi
1834 914 1921 972 non

124 1007 419 1103 vendicaverit,
460 1027 561 1090 tune
596 1008 757 1088 termini
785 1005 881 1088 dieti
910 1011 1136 1091 Comitatus
1164 1010 1477 1118 protendentur
1517 1006 1717 1118 usquein
1745 999 1922 1085 medium

124 1115 236 1201 fluvii
264 1117 507 1228 supradicti,
535 1119 640 1200 sieut
672 1119 802 1227 ipsum
833 1120 1079 1200 Comitatu'm
1109 1123 1238 1202 tenuit
1264 1122 1408 1219 Comes
1435 1117 1611 1201 lacobus
1638 1120 1680 1199 in
1713 1116 1852 1226 quieta
1880 1127 1922 1193 et

123 1227 332 1312 commoda
362 1229 612 1337 possessione
639 1235 854 1338 antequam
885 1231 1176 1338 inbrigaretur,
1218 1259 1310 1312 cum
1338 1228 1651 1325 munitionibus,
1687 1221 1922 1306 hominibus

73 1431 80 1441 ,
123 1341 390 1452 etuniversis
417 1340 506 1421 aliis
532 1367 625 1448 quae
653 1339 770 1421 nobis
798 1343 1082 1448 competebant
1105 1341 1275 1424 indicto
1301 1342 1521 1436 Comitatu,
1544 1335 1859 1421 dictisDucibus
1881 1349 1921 1414 et
2000 1427 2003 1434 Ι

125 1479 264 1534 eorum
294 1453 399 1532 veris
426 1450 654 1532 haeredibus
682 1452 970 1562 assignavimus
983 1469 1024 1532 et
1046 1452 1311 1535 concedemus
1326 1451 1416 1560 jure
1431 1449 1583 1532 feudali
1597 1444 1921 1560 qnodFauelent
1992 1493 1994 1500 1

94 1617 98 1628 ·
123 1561 280 1658 dicitur,
301 1578 343 1641 et
357 1589 478 1641 manu
493 1562 715 1643 coadunata
732 1563 896 1672 pacifice
910 1562 1196 1672 possidendum
1214 1577 1486 1672 pontecastro
1501 1557 1782 1666 Falltenbergh
1797 1581 1922 1664 supra
1984 1632 1989 1643 ,

122 1674 274 1755 dietum
303 1672 470 1754 fluvium
494 1675 662 1770 situato,
693 1675 782 1782 ipso
804 1676 979 1756 Domino
999 1675 1298 1784 Christophoro
1326 1675 1431 1754 Duci
1458 1668 1922 1756 Hellandiaeinsno'situ
1968 1728 1971 1738 ⁴

125 1784 250 1865 libere
278 1799 498 1880 reservata,
525 1800 566 1864 et
594 1785 670 1894 ipsi
707 1787 839 1865 Duces
871 1785 1023 1868 Sneciae
1056 1785 1238 1895 praedicti
1282 1811 1502 1894 eorumque
1530 1783 1617 1863 veri
1653 1777 1829 1862 haeredes
1856 1801 1923 1858 ra·

122 1897 233 1978 tione
261 1895 360 1975 dieti
389 1896 610 1976 Comitatus
640 1897 757 1977 nobis
792 1912 834 1978 et
867 1901 1015 1977 nostris
1058 1895 1356 1980 successoribus
1395 1894 1625 2001 homagium
1669 1889 1837 1986 facient,
1881 1903 1923 1968 et

125 2006 243 2088 'nobis
270 2007 445 2087 servient
472 2007 514 2086 in
546 2006 677 2086 causis
709 2033 783 2088 nos
810 2022 852 2085 et
881 2025 1063 2089 nostrum
1093 2035 1262 2115 regnum
1293 2004 1562 2114 tangentibus,
1590 2029 1682 2084 cum
1711 2001 1922 2110 sexaginta

123 2118 238 2215 viris,
258 2119 379 2199 armis
393 2134 434 2197 et
448 2115 660 2198 dextrariis
673 2116 1234 2229 expeditis,quandocunque
1262 2116 1315 2200 ad
1344 2143 1517 2198 mensem
1546 2130 1663 2196 antea
1694 2124 1922 2193 nostrono·

122 2232 227 2310 mine
244 2229 397 2309 luerint
412 2229 613 2338 requisiti,
641 2243 682 2309 et
709 2256 800 2308 eum
831 2234 1023 2312 terminos
1045 2228 1229 2340 praedicti
1252 2229 1475 2312 Comitatus
1503 2253 1593 2308 eum
1615 2221 1761 2314 eisdem
1788 2223 1922 2302 exive-

122 2343 206 2422 rint
233 2339 309 2420 snb
338 2342 485 2420 nostris
514 2340 635 2420 lucris
662 2353 703 2421 ct
730 2339 913 2448 dampnis
941 2357 1061 2423 erunt
1091 2370 1137 2422 ae
1165 2340 1361 2451 expensis.
1390 2343 1584 2421 Praeterea
1612 2335 1810 2417 Dominus
1826 2333 1921 2414 Dux

47 2465 52 2472 '
123 2452 266 2533 Erieus
294 2451 511 2560 praedictus
539 2450 793 2532 renunciabit
815 2452 925 2532 omni
941 2453 1182 2561 impetitioni
1194 2513 1205 2550 ,
1220 2479 1340 2564 quam
1357 2449 1479 2532 habet
1499 2445 1551 2530 ad
1570 2459 1742 2556 ‘regnum
1764 2443 1921 2524 Narve·

122 2565 216 2670 giae,
245 2578 285 2642 et
314 2560 365 2642 ad
399 2561 658 2643 Domicellam
681 2561 954 2671 Ingheburgb,
970 2563 1091 2645 liliam
1107 2562 1309 2674 Magnifici
1330 2561 1530 2670 Principis
1549 2556 1712 2639 Domini
1740 2553 1921 2666 Haquini

121 2676 240 2782 Regis
269 2673 501 2782 Norvegiae,
529 2673 606 2754 sibi
634 2671 855 2783 aliquando
873 2673 1191 2784 desponsatam,
1231 2701 1322 2786 qnae
1358 2670 1581 2754 Domieello
1623 2669 1793 2776 Magno,
1836 2663 1931 2746 fitia
2038 2661 2040 2668 ’

121 2786 243 2894 Regis
270 2783 442 2880 Sveeiae,
484 2783 620 2865 fratris
660 2786 790 2865 nostri
808 2787 1166 2870 matrimonialiter
1207 2801 1267 2870 est
1307 2780 1532 2896 jungenda,
1574 2777 1624 2861 ad
1664 2777 1777 2888 quod
1820 2772 1920 2856 dieti

121 2898 251 2977 Duces
279 2893 429 2999 Sveciae
457 2893 705 2976 tenebuntur
731 2894 949 2980 efficaciter
976 2897 1169 3008 adjuvare
1197 2897 1306 2980 Idem
1330 2913 1464 2977 tamen
1482 2889 1727 2975 Domicellus
1749 2886 1919 2997 Magnus

122 3008 458 3117 dispensationem
498 3034 622 3117 super
649 3004 773 3113 dicto·
801 3012 1058 3091 matrimonio
1099 3007 1379 3095 contrahendo
1413 3035 1437 3088 a
1481 3005 1574 3088 sede
1616 2999 1850 3111 Apostolica
1884 2997 1920 3079 si
2043 3070 2048 3075 .

123 3120 292 3231 poterit,
321 3116 565 3227 impetrabit.
612 3118 794 3228 insuper
821 3121 913 3202 Dux
958 3120 1101 3205 Eriaus
1143 3121 1358 3231 praedictus
1403 3114 1664 3201 Domicellam
1707 3110 1919 3221 Sophiam,

122 3231 241 3312 filiam
276 3230 439 3310 Domini
469 3228 627 3311 Nicolai
655 3231 819 3311 Domini
849 3230 900 3312 de
927 3292 936 3313 .
966 3293 977 3313 .
1006 3294 1018 3317 .
1046 3248 1088 3313 et
1115 3234 1265 3314 sororis
1308 3246 1476 3325 nostrae,
1518 3226 1641 3309 ducet
1676 3223 1752 3306 sibi
1787 3220 1919 3329 legiti-

117 3370 227 3447 mam
255 3342 297 3422 in
326 3368 512 3438 uxorem,
538 3358 580 3420 et
606 3368 730 3450 super
758 3343 1016 3424 matrimonio
1044 3342 1324 3426 contrahendo
1352 3370 1442 3425 cum
1486 3335 1624 3421 eadem
1654 3331 1919 3445 dispensatio·
1965 3420 1967 3425 ,

122 3480 214 3533 nem
241 3481 264 3533 a
294 3450 388 3533 sede
415 3451 648 3559 Apostolica
676 3452 882 3539 tenebitur
916 3455 1145 3563 impetrare.
1201 3456 1302 3536 Item
1345 3451 1496 3561 captivi
1537 3449 1748 3556 utriusque
1792 3442 1959 3553 partis.

120 3563 247 3647 libere
281 3561 556 3663 dimittantur,
597 3562 659 3643 Ita
688 3560 801 3673 quod
833 3563 1034 3676 quidquid
1063 3594 1141 3674 pro
1182 3566 1244 3649 sui
1286 3565 1522 3647 liberatione
1565 3560 1607 3640 in
1647 3572 1792 3667 parato
1833 3578 1918 3635 non

120 3689 395 3784 exposuerunt
422 3674 474 3755 de
501 3690 647 3761 caetero
675 3673 908 3757 nullatenus
936 3696 1139 3784 exponere
1166 3690 1392 3759 teneantur.
1454 3674 1555 3753 Item
1593 3670 1791 3750 Dominus
1830 3662 1917 3745 Rex

120 3786 346 3893 Norvegiae·
361 3785 579 3893 praedictus
606 3811 760 3867 cessare
788 3784 909 3866 debet
927 3786 988 3867 ab
1016 3788 1128 3867 omni
1155 3787 1415 3893 inpetitione,
1475 3780 1738 3887 ualiscunque
1774 3775 1929 3885 fuerit,
2057 3817 2059 3830 ·

119 3913 260 3980 contra
291 3924 382 3993 nos,
410 3896 493 3977 sive
520 3894 643 3975 luerit
671 3891 721 3974 de
749 3894 953 4005 aliquibus
981 3894 1125 3977 litteris
1153 3896 1230 3976 sibi
1259 3894 1384 3989 datis,
1419 3811 1764 3999 fidejussionibus,
1791 3880 1918 3963 dona·

119 4008 318 4104 tionibus,
345 4035 416 4087 seu
445 4005 532 4087 aliis
560 4004 871 4116 quibuscunque
900 4005 1026 4099 literis
1054 4004 1263 4102 omnibus,
1291 4008 1324 4088 si
1352 4032 1443 4115 quae
1470 4003 1551 4083 sint
1579 4000 1683 4081 datae
1702 3999 1808 4077 inter
1828 4022 1916 4093 nos,
1958 4040 1966 4049 -

118 4118 264 4217 Dacia,
293 4118 523 4226 Norvegiae,
550 4116 700 4197 Sveciae
727 4116 876 4224 Reges,
903 4134 944 4199 et
972 4116 1310 4227 Christophorum
1334 4119 1483 4200 Ducem
1500 4107 1723 4194 Hellandiae
1737 4134 1787 4212 ex
1802 4122 1917 4215 parte
1960 4186 1963 4193 .

117 4260 218 4328 arna,
241 4248 282 4312 et
296 4230 429 4311 Duces
458 4228 673 4337 praedictos
699 4256 748 4311 ex
777 4228 923 4325 altera,
945 4224 1195 4337 integraliter
1214 4220 1433 4323 restitutis,
1460 4252 1551 4336 quae
1568 4224 1601 4306 si
1616 4220 1809 4303 restitutae
1832 4244 1917 4299 non

117 4342 289 4440 fuerint,
316 4343 360 4422 in
389 4339 503 4421 nullo
533 4341 679 4421 robore
707 4342 869 4452 penitus
898 4340 1206 4446 permanebunt.
1235 4340 1335 4447 Item
1363 4340 1396 4420 si
1426 4364 1498 4418 nos
1519 4336 1606 4415 Rex
1620 4330 1832 4437 Norvegiae
1844 4327 1917 4433 bas

120 4453 399 4564 placitationes
428 4467 536 4531 ratas
560 4469 602 4532 et
630 4450 763 4532 firmas
790 4478 951 4533 servare
979 4452 1244 4546 voluerimus,
1271 4466 1370 4531 tune
1399 4449 1475 4558 ipsi
1496 4445 1659 4526 Domini
1693 4443 1824 4521 Duces
1850 4466 1915 4519 ea·

117 4582 246 4649 strum
275 4560 507 4671 Konighald
537 4561 654 4642 nobis
682 4563 918 4659 restituent,
952 4581 992 4643 et
1018 4563 1167 4671 captivi
1209 4562 1304 4643 binc
1346 4558 1441 4657 inde
1482 4558 1609 4641 libere
1650 4544 1915 4636 dimit'tentur.
1997 4614 2003 4619 .

116 4678 159 4760 Si
187 4704 285 4757 vero
313 4675 385 4753 has
419 4674 696 4783 placitationes
723 4672 873 4755 babere
897 4673 1159 4769 noluerimus,
1189 4690 1287 4754 tune
1315 4673 1392 4781 ipsi
1419 4675 1551 4753 Duces
1572 4666 1723 4749 dictum
1739 4678 1924 4744 castrum-

116 4785 354 4897 Konigbald
374 4784 569 4869 tenebunt
591 4800 632 4865 et
650 4786 903 4894 captivomet
920 4786 1093 4873 nosRex
1109 4786 1241 4866 Daciae
1260 4784 1390 4865 dictos
1411 4782 1605 4865 Dominos
1620 4781 1752 4859 Duces
1766 4773 1917 4855 Sveciae

114 4917 259 4985 eontra
286 4896 458 4981 eundem
486 4895 877 5007 DominumRegem
906 4898 1118 5007 Norregiae
1144 4896 1376 5007 Hirquinum
1405 4922 1488 4983 non
1513 4891 1709 4977 debemus
1731 4885 1915 4997 inpedire
