4317 5975
976 360 1034 384 ...
1141 314 1389 413 624·-

282 528 398 622 marlr
424 536 502 618 sita
529 564 621 620 cum
648 562 672 618 a
724 536 768 633 is,
796 536 936 646 pratis,
962 536 1126 646 pascuis
1153 553 1359 619 eteorum
1388 533 1618 622 attinenciis
1645 535 1858 636 uniuersis,
1888 542 1979 626 Iuste
1999 548 2029 630 iu
2106 613 2107 648 ,

253 639 529 758 perpetuum
555 649 665 759 possi
693 644 806 730 enda.
862 651 928 728 Jta
955 644 1145 728 videlicet
1171 644 1282 758 quod
1312 646 1501 728 dominus
1528 643 1668 758 gwido
1696 645 1867 731 decanus
1898 650 2029 738 lunden·
2106 651 2107 730 l

280 760 347 857 sis,
375 761 450 869 qui
478 788 590 842 nunc
615 774 696 855 est,
724 772 766 841 et
800 785 1048 840 successores
1075 759 1160 857 sui,
1200 755 1343 840 decani
1385 754 1620 855 lundenses,
1660 759 1734 869 qui
1777 787 1852 869 pro
1889 779 2030 873 tempore
2103 769 2107 840 l

280 867 455 967 suerint,
483 872 593 958 dicta
625 873 734 953 bona
762 869 838 951 sub
867 868 1130 951 ordinacione
1158 894 1230 950 sua
1274 867 1400 950 libere
1442 867 1639 966 babeant,
1680 887 1722 952 et
1761 872 2047 978 anniuersarium¹

280 977 393 1062 dicte
417 978 591 1076 domine,
619 979 740 1062 modo
801 981 841 1060 ui
872 981 1073 1091 sequitur,
1102 994 1268 1062 teneant
1295 1003 1346 1060 ex
1372 977 1534 1060 eisdem.
1564 981 1705 1091 primo'
1723 981 1768 1068 in
1794 978 1857 1062 die
1882 985 2032 1068 anniuer-

279 1092 375 1172 sarii
402 1092 487 1196 sui,
527 1091 582 1174 ad
615 1009 863 1174 offerendam
893 1089 993 1172 dent
1020 1090 1121 1173 duas
1138 1117 1240 1189 ‚oras
1267 1087 1546 1188 denariorum,
1575 1094 1795 1191 canonicis,
1825 1095 1893 1204 qui
1923 1096 2033 1203 vigiliis

279 1215 322 1282 et
350 1201 466 1282 misse
495 1201 757 1284 interfuerint
783 1201 988 1283 maroham
1015 1200 1154 1282 denar.
1184 1199 1352 1282 vicariis.
1393 1198 1495 1283 duas
1534 1228 1627 1282 oras
1654 1200 1805 1301 denar,
1846 1204 1895 1286 ad
1920 1205 2035 1314 lampa-

279 1309 372 1392 dem
400 1309 605 1396 ardentem
633 1330 725 1395 ante
752 1339 902 1422 corpus
929 1312 1067 1393 christi
1104 1313 1147 1390 in
1182 1310 1349 1398 ecclesia
1390 1309 1561 1392 sratrum
1593 1311 1884 1422 predicatorum
1924 1315 2036 1413 lundis,

280 1423 590 1531 quatuordeeim
619 1451 711 1504 oras
737 1421 890 1519 denar,
918 1420 1113 1503 fratribus
1141 1419 1466 1530 predicatoribus
1492 1423 1634 1506 ibidem
1676 1425 1777 1506 duas
1811 1451 1909 1523 oras,
1935 1428 2036 1508 fratri·

216 1561 219 1571 ¹
279 1531 359 1613 bus
386 1534 611 1616 minoribus
639 1530 787 1615 ibidem
815 1533 917 1615 duas
944 1559 1037 1613 oras
1063 1530 1213 1628 denar,
1241 1548 1282 1613 et
1320 1531 1457 1642 siquid
1494 1532 1700 1615 residuum
1743 1537 1861 1618 fuerit
1899 1534 1943 1618 de
1976 1536 2037 1618 lm·

280 1642 413 1746 ctibus
428 1642 630 1727 dictorum
652 1644 866 1740 bonorum,
888 1643 966 1724 boc
980 1640 1098 1726 cedat
1124 1641 1236 1724 dicto
1263 1639 1429 1723 domino
1455 1641 1622 1742 decano,
1646 1643 1782 1752 libere,
1809 1663 1850 1726 et
1876 1649 1949 1729 suis
1971 1675 2037 1728 sue·

279 1754 507 1841 sessoribus
533 1756 753 1836 annuatim.
781 1755 912 1835 voluit
939 1769 1120 1861 preterea
1150 1767 1192 1832 et
1220 1770 1436 1861 protestata
1466 1753 1544 1836 tuit
1572 1753 1735 1838 domina
1764 1757 1936 1867 predicta
1954 1757 2037 1868 quod

266 1867 315 1953 ,si
341 1863 562 1976 aliquando
589 1865 805 1973 contigerit
832 1881 1000 1973 propter
1028 1862 1233 1944 karistiam
1263 1866 1475 1974 temporis,
1504 1866 1570 1946 uel
1598 1866 1699 1947 alios
1732 1897 1848 1950 casus
1874 1897 2037 1979 quoscun-

156 2023 162 2030 -
280 2002 382 2086 que,
408 1975 594 2058 redditus
621 1976 823 2059 dictorum
852 1975 1053 2055 bonorum
1084 2000 1167 2054 non
1195 1973 1381 2056 sulficere
1409 1975 1460 2056 ad
1490 1975 1728 2058 soluendum
1763 2007 1895 2059 omum
1929 2007 2038 2088 supra·

278 2088 443 2196 scripta.
471 2085 584 2198 quod
611 2083 918 2198 quatuordecim
952 2111 1024 2172 ore
1056 2082 1196 2167 denar·
1223 2084 1276 2167 ad
1317 2084 1543 2195 lampadem
1572 2088 1779 2171 ardentem
1807 2108 1897 2171 ante
1922 2117 2038 2198 corpus

279 2197 418 2280 cbristi
447 2199 491 2278 in
518 2198 685 2280 ecclesia
714 2197 884 2278 fratrum
912 2193 1214 2304 predicatorum
1243 2195 1397 2294 lundis,
1423 2199 1535 2278 omni
1562 2225 1669 2280 anno
1696 2200 1783 2284 sine
1807 2201 2039 2283 diminucione

258 2293 462 2418 'qualibet
484 2309 759 2390 exsoluantur.
786 2323 828 2388 et
855 2305 1034 2390 defectus
1061 2307 1132 2388 flat
1159 2309 1202 2390 in
1229 2308 1316 2388 aliis
1351 2306 1710 2392 distribucionibus
1743 2312 1958 2393 antedictis.
2002 2313 2038 2389 ln
2106 2293 2107 2358 l

279 2419 395 2500 cuius
422 2421 482 2501 rei
515 2421 789 2501 testimouium
824 2418 954 2528 sigilla
995 2433 1133 2498 nostra
1174 2446 1265 2500 cum
1304 2418 1437 2527 sigillo
1477 2418 1584 2501 dicte
1626 2419 1787 2504 domine
1825 2423 2038 2534 presentibus
2104 2451 2107 2532 ς

280 2526 469 2614 duximus
496 2531 752 2639 apponenda.
809 2531 959 2612 Datum
983 2521 1140 2626 luridis,
1165 2556 1274 2611 anno
1304 2546 1344 2610 et
1371 2526 1437 2615 die
1463 2528 1716 2639 supradictis.

454 2671 604 2757 sigillent
626 2675 663 2740 N.
688 2674 765 2741 103
785 2671 848 2740 och
869 2669 970 2742 5-13
989 2669 1181 2754 bortfallna,
1201 2691 1365 2740 remaome
1384 2691 1484 2758 qrara
1505 2669 1542 2740 n.
1562 2675 1585 2758 4
1605 2674 1720 2773 mnes,
1741 2671 1886 2740 skadadt.

176 3302 181 3313 ,
279 3205 451 3332 ,·1688.
903 3168 1057 3324 1310
1103 3208 1172 3314 d.¹
1204 3248 1269 3354 17
1317 3208 1433 3317 Juli‘.
1729 3204 2041 3362 Helsingborg.
2104 3278 2106 3289 ·

170 3428 174 3435 ·
359 3356 480 3466 Dreds-
499 3392 562 3456 ocb
582 3392 876 3477 Fiireuingstractat
896 3395 1014 3461 mellan
1034 3392 1254 3478 Kooungarne
1268 3394 1352 3462 Eam
1372 3398 1384 3461 i
1404 3396 1583 3475 Danmark,
1594 3394 1706 3461 nrm
1726 3397 1737 3459 i
1757 3398 1867 3480 Norge
1881 3398 1941 3475 och
1959 3398 2041 3463 Burri

317 3497 322 3507 ·
401 3477 571 3559 iSverige,
593 3473 920 3559 HertigCunrsromn
938 3480 975 3539 as
991 3478 1128 3541 Halland
1150 3477 1212 3539 och
1232 3479 1352 3559 Samsii,
1374 3480 1493 3543 Grefve
1513 3480 1660 3545 oman
1679 3478 1717 3543 af
1733 3479 1879 3543 Holstein
1906 3482 1961 3547 oob
1983 3480 2042 3543 Hu-
2104 3534 2106 3575 ,

402 3580 460 3623 um
478 3560 516 3621 af
531 3560 763 3644 Mechleuburg
784 3565 900 3665 alena,
920 3570 1002 3625 samt
1023 3560 1213 3643 Hertigarne
1232 3560 1318 3631 Eum
1337 3562 1400 3627 ocb
1422 3564 1607 3628 wewam
1627 3565 1638 3627 i
1659 3561 1790 3647 Srerigc
1812 3564 1949 3701 ahankdrp
1971 3563 2041 3629 t'ulau

387 3744 591 3828 Omnibus
618 3772 791 3854 praesens
818 3746 1015 3857 scriptum
1029 3743 1289 3827 cernentibus
1310 3742 1458 3826 Entcos
1481 3747 1554 3828 Dei
1567 3747 1695 3855 gratia
1717 3748 1945 3846 Danorum,
1965 3747 2042 3829 Scla·
2103 3788 2106 3895 p

277 3886 420 3939 rorum
453 3885 523 3953 ue,
552 3855 770 3954 Haoumus
798 3856 1030 3963 Nonvegiae,
1058 3854 1259 3937 Brnosnus
1287 3854 1434 3936 Sveciae
1460 3855 1609 3967 Reges,
1636 3856 1960 3941 Cuursrornonus
1978 3861 2042 3938 Dm

276 3884 502 4056 Hallandiae
528 3980 570 4047 et
598 3966 750 4068 samso,
778 3965 1025 4048 Genunsrus
1053 3965 1197 4046 Comes
1225 3964 1434 4065 Holsatiae,
1456 3980 1497 4049 et
1525 3968 1721 4075 Httuttcps
1749 3970 1945 4052 Dominus
1964 3970 2042 4074 Mag·

170 4070 186 4085 ”
275 4077 721 4189 nopolensis,salute1n
751 4076 792 4159 in
822 4078 1009 4158 Domino.
1043 4073 1246 4159 Noverint
1284 4078 1481 4175 universi,
1517 4075 1636 4271 (puod
1663 4083 1785 4161 Anno
1821 4072 1976 4163 Domini
2001 4078 2042 4159 Μο

68 4221 95 4266 .·
133 4276 140 4292 ¹,
275 4190 390 4273 CCC.
411 4188 462 4272 X.
489 4203 601 4269 sexta
629 4185 726 4295 leria
754 4189 938 4297 proxima
967 4202 1060 4269 ante
1089 4186 1234 4267 festum
1261 4186 1397 4271 Mariae
1420 4186 1517 4299 ,Mag
1545 4188 1669 4271 aleoae
1696 4191 1740 4271 in
1767 4191 1868 4275 villa
1894 4190 2043 4299 Helsing·

136 4368 140 4375 .
276 4300 432 4411 burgh,
461 4298 568 4380 inter
596 4324 672 4379 nos
699 4324 749 4379 ex
778 4315 895 4407 parte
922 4325 1024 4394 una,
1062 4312 1105 4377 et
1132 4300 1325 4381 Dominos
1349 4298 1511 4381 Erioum
1540 4318 1581 4383 et
1609 4296 1915 4386 Waldemarum
1941 4302 2042 4385 Duoet

277 4410 496 4506 Sueorum,
538 4410 582 4489 in
609 4404 773 4491 modum
802 4412 874 4520 qui
902 4411 1086 4520 sequitur
1118 4410 1253 4493 extitit
1280 4409 1513 4519 placitatum
1550 4426 1666 4521 parte
1698 4440 1749 4495 ex
1784 4414 1930 4510 altera,
1960 4408 2042 4493 ride

243 4586 247 4595 .
276 4524 372 4603 licet
398 4518 511 4633 quod
540 4547 614 4601 nos
642 4521 738 4628 ipsis
765 4521 948 4603 Ducibus
976 4534 1117 4600 contra
1146 4544 1406 4630 quascunque
1436 4548 1645 4632 personas,
1679 4522 1721 4604 in
1750 4526 1881 4605 causis
1907 4521 2041 4635 quibus·

219 4638 248 4725 ⁴,
276 4660 438 4741 cunque
466 4649 596 4714 astare
623 4630 796 4714 fideliter
823 4628 1059 4728 debeamus,
1088 4647 1130 4711 et
1156 4628 1268 4740 quod
1304 4632 1442 4713 omne's
1469 4630 1695 4731 discordiae,
1723 4633 1992 4729 dissensiones,
2013 4642 2042 4711 et

275 4743 494 4829 inimicitiae
535 4743 640 4827 inter
687 4770 783 4841 nos,
823 4739 1006 4823 homines
1045 4756 1206 4823 nostros
1246 4755 1288 4822 et
1326 4740 1507 4825 fautores
1542 4772 1590 4825 ex
1620 4765 1700 4824 uua
1729 4760 1865 4852 parte,
1899 4762 1938 4827 et
1960 4745 2042 4853 ipsos

182 4868 187 4875 ’
274 4856 427 4955 Duces,
469 4852 652 4938 homines
692 4853 874 4965 ipsorum
910 4870 952 4935 et
979 4850 1159 4937 fautores
1194 4876 1245 4935 ex
1270 4848 1397 4967 altera
1436 4851 1629 4938 hactenus
1669 4869 1807 4939 motae.
1829 4873 1870 4941 et
1909 4855 2043 4947 habita,
