4317 5975
285 644 389 728 Jtem
418 640 630 723 statuimus
658 652 704 717 ut
732 634 868 717 nullus
895 651 1010 717 extra
1038 633 1203 720 domum
1237 650 1331 743 post
1370 633 1612 743 ignitegium
1645 659 1717 719 acu
1747 632 1930 734 enimsi,
1963 658 2067 727 excat

286 758 372 839 siue
399 770 515 835 extra
544 764 704 829 maneat
734 749 825 831 sine
854 775 974 829 causa
1014 746 1264 831 racionabili.
1303 746 1373 829 ucl
1414 746 1581 827 licencia
1619 743 1784 853 speciali
1831 749 2066 857 principalis,

283 865 572 973 Transgressus
601 862 644 939 in
671 857 839 941 denario
867 861 1088 969 parisiensi,
1115 857 1284 967 singulis
1312 857 1470 941 uicibus
1499 856 1701 967 puniatur.
1731 859 1836 937 Jtem
1869 864 2069 949 statuimus

285 996 333 1061 ut
357 974 530 1088 quilibet
558 998 622 1051 res
649 972 945 1053 communitatis
974 998 1045 1052 seu
1087 972 1195 1052 bona
1237 987 1442 1081 tamquam
1485 983 1676 1063 reseruet,
1718 972 1760 1049 8(
1798 968 1834 1047 si
1874 972 1965 1080 quis
2006 974 2069 1060 illa

196 1140 201 1147 ·
284 1090 388 1173 male
416 1083 581 1166 tractari
609 1080 768 1181 uiderit,
797 1082 872 1163 hec
900 1097 1086 1163 teneatur
1112 1084 1248 1164 statim
1276 1084 1536 1193 promunturi
1564 1079 1709 1168 domus
1742 1080 1941 1164 iutimare.
1975 1086 2071 1175 Jtem

284 1198 494 1282 statuimus
521 1192 633 1305 quod
663 1194 800 1275 nullus
828 1193 1010 1275 debitum
1038 1193 1280 1275 contrahere
1307 1190 1456 1274 audeat
1483 1192 1591 1271 ultra
1618 1207 1795 1301 quatuor
1821 1191 1973 1276 solidos
2006 1226 2071 1305 pa·

284 1312 481 1407 risienses,
518 1307 597 1387 nisi
640 1307 765 1414 petita
809 1305 972 1387 licencia
1016 1308 1294 1413 procuratoris
1335 1311 1376 1385 8(
1423 1317 1603 1412 optenta.
1641 1302 1932 1410 Transgresscr
1962 1306 2073 1393 huius

281 1428 320 1501 a
336 1419 547 1501 consorcio
575 1416 826 1513 excludatur,
854 1414 985 1497 donec
1019 1416 1257 1503 satisfecerit
1294 1414 1348 1501 ad
1389 1415 1605 1498 arbitrium
1648 1420 1935 1524 procuratoris
1977 1421 2072 1503 Jtem

197 1528 200 1533 ’
283 1532 509 1625 statuimus,
539 1545 584 1607 ut
613 1529 646 1609 si
681 1556 800 1639 quem
837 1530 1039 1609 sociorum
1075 1526 1353 1635 predictorum
1388 1527 1582 1609 infirmari
1618 1527 1849 1634 contigerit,
1883 1544 2072 1614 statuatur

283 1644 429 1754 aliquis
458 1669 531 1751 per
559 1638 823 1749 principalem
852 1637 902 1719 de
931 1638 1131 1720 Societate
1158 1640 1326 1749 singulis
1353 1637 1508 1732 diebus,
1537 1639 1609 1747 qui
1637 1638 1788 1719 infirmi
1821 1666 1962 1723 curam
1999 1642 2071 1723 scl-

283 1757 431 1837 licitam
462 1769 587 1861 gerat.
615 1751 717 1831 Cum
746 1767 879 1831 autem
908 1748 1051 1858 aliquis
1089 1750 1209 1831 morti
1244 1749 1648 1860 appropinquauerit,
1682 1768 1822 1833 ornnes
1855 1751 1957 1861 socij
1990 1756 2072 1864 qui-

283 1867 453 1949 buscum
486 1890 536 1945 ue
564 1863 652 1943 aliis
680 1862 859 1969 negociis
903 1861 1151 1968 postpositis,
1194 1861 1416 1943 laborantis
1457 1864 1683 1958 transitum,
1724 1859 1892 1945 domino
1934 1863 2072 1953 deuote
2135 1882 2138 1888 '

174 2064 177 2075 ,
280 1894 577 2071 commeddent,
591 2002 714 2083 super
723 1991 927 2055 mortuum
943 2000 1038 2052 vero
1051 1973 1829 2083 omnesuigileut,&psalteriumlegant,
1847 1992 1891 2057 et
1904 1973 2072 2065 studiose
2136 2000 2142 2013 ·

244 2166 250 2183 ,
281 2088 463 2171 defuncti
491 2102 628 2168 curam
656 2102 810 2193 gerant,
838 2081 970 2164 donec
995 2111 1148 2192 corpus
1174 2085 1438 2167 ecclesiastice
1473 2084 1669 2179 traditum
1706 2084 1829 2168 fuerit
1862 2088 2072 2198 sepulture.

186 2232 192 2241 ·
245 2205 248 2211 ’
283 2204 387 2281 Jtem
416 2201 625 2279 statuimus
649 2202 694 2277 .8(
722 2197 983 2290 ordinamus,
998 2196 1113 2305 quod
1139 2198 1213 2305 qui
1241 2198 1283 2277 in
1320 2194 1441 2277 domo
1478 2193 1661 2303 predicte
1698 2200 1900 2280 societatis
1935 2202 2073 2281 consti·

188 2352 194 2363 κ
281 2312 413 2393 tuitur
457 2308 704 2417 principalis,
748 2308 958 2417 promittat
998 2308 1039 2386 in
1076 2334 1218 2387 manus
1259 2309 1533 2415 procuratoris
1575 2311 1667 2387 cum
1704 2308 1929 2393 iuramento
1970 2308 2074 2420 quod

281 2420 434 2503 curam
449 2429 488 2502 &
517 2419 838 2502 sollicitudinemv
856 2444 1117 2526 personarum
1145 2425 1184 2499 8(
1212 2446 1348 2498 rerum
1375 2417 1609 2525 diligentem
1636 2437 1752 2527 gerat
1778 2438 1901 2532 atque
1923 2422 2072 2519 habeat,

281 2532 409 2615 libros
437 2538 478 2612 8(
506 2558 568 2611 res
597 2533 896 2611 communitatis
924 2558 1006 2609 non
1035 2526 1245 2626 distrahat,
1272 2558 1349 2629 mec
1395 2528 1565 2609 distrahi
1606 2534 1812 2640 permittat
1855 2561 1927 2614 seu
1967 2551 2072 2615 extra

160 2698 164 2713 ι
280 2645 447 2727 domum
474 2643 642 2725 concedi
670 2642 823 2752 absque
852 2641 1016 2722 licencia
1060 2642 1348 2749 procuratoris.
1390 2640 1581 2722 Defectus
1609 2647 1649 2722 8(
1677 2643 1918 2727 insolencias
1954 2644 2073 2728 deliu-

107 2822 115 2833 .
281 2758 511 2867 quenciurir,
544 2784 636 2835 cum
664 2780 767 2861 opus
797 2750 931 2849 luerit,
951 2752 1389 2859 ,procuratorireferat
1405 2752 1637 2861 Capitulum
1652 2754 1771 2834 semel
1787 2772 1926 2838 teneat
1940 2758 1981 2837 in
2000 2758 2074 2839 sin·

85 2892 95 2903 ‘
168 2946 170 2949 ,
280 2869 386 2977 gulis
400 2864 992 2975 septimanis‚&delinquentes
1007 2864 1049 2944 in
1065 2866 1267 2972 premissis
1278 2862 1501 2945 secundum
1528 2880 1762 2971 prenotatas
1776 2896 1904 2974 penas
1921 2870 2071 2979 puniat,

279 2982 403 3092 atque
433 2978 679 3060 municiones
707 2977 829 3058 iaciat
855 3005 955 3086 quas
984 3002 1061 3085 pro
1091 2976 1266 3058 utilitate
1295 2981 1335 3057 8(
1363 2975 1570 3066 honestate
1606 2980 1920 3077 communitatis,
1956 3009 2073 3064 noue

279 3093 336 3172 rit
363 3090 563 3200 expedire.
592 3093 837 3170 Procurator
861 3115 959 3168 uero
988 3106 1134 3196 quater
1171 3089 1214 3166 in
1256 3115 1363 3170 anno
1404 3089 1626 3196 capitulum
1669 3118 1762 3170 cum
1806 3093 1906 3199 ipsis
1932 3109 2073 3189 teneat,

280 3204 414 3311 sepius
441 3203 476 3283 si
503 3201 581 3281 sibi
610 3201 740 3278 uisum
770 3199 892 3278 fuerit
921 3195 1123 3306 expedire.
1152 3201 1258 3282 Jtem
1284 3199 1494 3282 statuimus
1529 3217 1577 3278 ut
1617 3229 1710 3282 curn
1754 3205 1978 3309 capitulum
2019 3223 2074 3285 te·
2112 3275 2119 3286 .

163 3367 170 3378 »
279 3331 443 3395 netura
473 3326 736 3420 procuratore
764 3338 832 3388 seu
865 3309 1090 3418 principali,
1120 3310 1253 3388 nullus
1295 3312 1352 3392 ibi
1393 3310 1598 3419 loquatur,
1642 3315 1717 3398 nisi
1759 3315 1834 3422 qui
1877 3336 2013 3400 acusat
2035 3321 2075 3398 8(

277 3426 350 3534 qui
373 3441 572 3518 acusatur,
601 3423 678 3528 uisi
707 3420 755 3500 de
784 3420 950 3500 licencia
980 3418 1230 3528 presidentis.
1261 3449 1336 3502 nec
1364 3423 1458 3530 quis
1485 3422 1798 3512 aliumeccuset
1833 3449 1955 3516 causa
1991 3430 2077 3508 vin·
2125 3501 2130 3520 ,

175 3623 181 3628 ,
278 3529 397 3633 dicte,
426 3533 497 3615 sed
520 3535 651 3614 ‘solum
683 3561 799 3613 causa
830 3533 1101 3621 correctionis.
1132 3531 1421 3640 Transgressor
1461 3535 1630 3641 singulis
1672 3536 1833 3626 uicibus
1875 3541 1918 3623 in
1960 3538 2076 3628 obolo

276 3650 482 3756 puniatur.
516 3649 622 3727 Jtem
649 3645 861 3730 statuimus
892 3659 936 3722 ut
964 3644 1067 3724 vltra
1106 3643 1318 3725 duodecim
1356 3673 1561 3754 personas,
1596 3673 1680 3726 non
1712 3667 1972 3738 assumantur
2007 3649 2076 3730 ali-

165 3850 169 3857 !
275 3760 348 3868 qui
377 3755 428 3839 ad
457 3759 687 3840 societatem
718 3756 951 3863 predictam,
982 3756 1057 3834 nisi
1086 3754 1138 3835 de
1166 3757 1328 3863 speciali
1357 3756 1547 3837 mandato
1577 3760 1744 3842 rectoris
1772 3760 1972 3868 ipsorum.
2003 3765 2077 3842 Ve-

277 3899 365 3950 rum
395 3872 489 3978 quia
518 3879 664 3978 equum
696 3873 734 3946 8(
764 3869 916 3946 racioni
953 3883 1265 3948 consentaneum
1304 3875 1389 3948 e‘sse
1431 3858 1665 3984 dinoscitur,
1708 3887 1754 3958 ut
1794 3874 1975 3981 quilibet
2015 3899 2075 3956 rc·

276 3982 383 4088 cepti
413 3982 597 4088 beneficij
627 4005 778 4060 memor
805 3979 961 4074 existat,
991 3973 1084 4060 ideo
1114 3978 1302 4060 uolumus
1325 3979 1511 4087 ‘singulos
1539 3983 1738 4063 societatis
1767 3984 1952 4089 predicte
1973 3985 2075 4068 obli·

275 4095 361 4198 gari
392 4121 464 4199 per
488 4119 598 4172 suam
631 4091 931 4197 promissionem
961 4119 1085 4196 quam
1114 4089 1262 4180 faciant
1298 4089 1461 4171 domum
1498 4090 1700 4174 intrando.
1732 4111 1779 4173 ut
1805 4119 1909 4178 cum
1951 4097 2075 4179 domi·

177 4299 179 4305 *
274 4227 352 4282 nus
380 4206 488 4310 ipsos
518 4201 569 4283 ad
589 4203 805 4280 2'lortune''
836 4202 1074 4309 pingujoris,
1104 4217 1254 4281 statum
1290 4201 1430 4283 fecerit
1473 4201 1676 4301 deuenire,
1720 4205 1896 4314 quilibet
1937 4236 2077 4289 corum

274 4343 364 4394 cum
402 4314 641 4394 beneficium
684 4312 990 4392 ecclesiasticum
1034 4314 1157 4394 fuerit
1198 4329 1415 4408 assecutus,
1450 4314 1648 4421 ‚predicti
1671 4319 1854 4403 societati
1898 4317 2075 4400 subsidia

274 4425 450 4506 caritatis
479 4423 684 4532 rependat,
713 4424 789 4503 sub
818 4424 890 4505 tali
919 4423 1040 4504 modo
1069 4430 1109 4504 8(
1139 4422 1268 4510 forma
1297 4441 1342 4503 vt
1377 4425 1450 4534 qui
1479 4454 1558 4507 vna
1586 4454 1677 4511 cum
1707 4429 1904 4536 hospicio,
1936 4432 2074 4543 liguis,

146 4625 147 4628 Ν
273 4538 451 4644 potagio,
481 4537 744 4629 lectisterniis,
771 4541 809 4614 &
843 4535 1081 4619 utensilibus
1111 4532 1265 4631 domus,
1295 4536 1401 4639 ultra
1430 4534 1643 4621 duodecim
1678 4539 1944 4626 denariorum
1978 4542 2073 4624 sub·

270 4651 506 4726 uencionem
537 4649 832 4755 septimanatim
863 4663 1134 4753 receperat,.a
1172 4646 1375 4752 prebenda
1414 4646 1531 4732 dictis
1565 4649 1822 4742 studentibus
1858 4655 2074 4763 assignata,

270 4755 321 4838 ad
351 4753 520 4838 totidem
547 4779 688 4854 annos,
715 4775 817 4868 quot
852 4756 1076 4864 predictum
1119 4755 1343 4844 subsidium
1385 4761 1430 4842 in
1467 4758 1590 4844 domo
1619 4762 1817 4869 predicta
1841 4765 2072 4862 :babuerat

268 4869 448 4979 quintam
478 4868 672 4952 decimam
703 4886 855 4977 partem
884 4867 1020 4979 adepti
1049 4869 1235 4976 beneficii
1268 4871 1536 4968 ecclesiastici,
1569 4875 1720 4981 primis.
1743 4877 1858 4962 annis
1884 4878 1959 4958 ‘iu'
1978 4878 2076 4976 sub:

196 5067 203 5075 ,
251 4978 409 5093 sidium
440 4979 619 5090 predicte
648 4982 944 5065 communitatis
973 4982 1191 5093 persoluat
1249 4983 1333 5090 Qui
1362 5008 1472 5064 uero.
1500 4983 1713 5070 duodecim
1746 5003 1910 5070 tantum
1948 4987 2070 5072 dena·
