4317 5975
974 299 1393 422 -sss-

283 566 455 679 gloriam
483 578 534 645 et·
553 567 750 674 premium
779 562 821 644 in
849 560 1000 644 futuros
1031 563 1085 642 Et
1112 557 1276 673 quidem
1307 559 1437 644 illatas
1464 561 1636 671 quisque
1651 555 1822 644 subditis
1844 563 1918 644 suis
1942 565 2045 653 offan·

267 671 347 762 'sas
374 677 581 760 ulciscitur
607 690 650 756 et
675 674 742 757 dei
770 662 846 754 sui'
864 698 949 754 nun
978 672 1204 768 vindicabit
1232 674 1400 756 iniurias
1429 685 1513 752 tam
1539 687 1717 770 atroces,
1744 670 1803 752 ad
1823 671 2045 762 hereditatem

220 813 225 825 ’
284 787 458 900 quilibet
486 814 649 868 suorum
679 811 821 865 manus
850 787 1080 866 inuasurum
1110 783 1275 866 extendi
1309 812 1391 876 non
1419 782 1621 866 substinet
1649 798 1691 864 et
1720 785 1897 892 pacietur
1921 787 2049 872 heredi·

283 903 378 982 tatis
406 898 606 983 dominice
633 911 751 977 tanto
783 913 966 1004 tempore
1009 894 1242 978 detentores
1283 896 1345 976 Ne
1373 895 1497 1002 igitur
1539 897 1613 1005 qui
1640 922 1798 978 cracem
1841 895 2050 984 adorantia

265 1011 476 1112 servuliae
503 1004 896 1119 dissimulantquod
925 1008 1028 1089 iuste
1056 1035 1140 1088 non
1183 1006 1417 1089 tollerarent
1453 1008 1495 1086 in
1539 1007 1723 1104 bomine,
1765 1025 1916 1116 pungat
1940 1038 2051 1094 eorum

269 1139 438 1209 mentes
466 1137 508 1200 et
536 1121 690 1202 animos
716 1119 960 1201 contumelia
987 1117 1274 1227 redemptoris,
1302 1114 1576 1228 eosquezelus
1596 1118 1791 1200 accendat
1819 1117 1905 1198 fidei
1931 1149 2052 1208 mena

284 1251 393 1330 rate,
422 1232 518 1312 dum
547 1232 736 1314 nimirum
766 1230 1003 1312 miserabilis
1029 1247 1072 1311 et
1103 1231 1253 1338 plenus¹
1274 1227 1543 1312 amaritudine
1584 1246 1713 1312 status
1756 1231 1843 1311 eins
1884 1230 2053 1338 lugubris-

316 1342 582 1426 uecondicio
609 1343 661 1425 de
689 1344 837 1424 nostris
864 1339 1263 1428 consideracionibus
1304 1340 1486 1421 offerunt
1520 1339 1616 1422 dum
1646 1344 1734 1422 eius
1761 1341 1888 1422 diram
1916 1343 2054 1428 horren·

341 1481 461 1567 mque
490 1455 755 1536 calamitatem
785 1452 953 1533 vocibus
980 1479 1052 1534 sue
1080 1451 1227 1534 flebilis
1254 1453 1557 1534 lamentacionis
1598 1451 1842 1562 audiuimus.
1869 1479 1916 1532 eo
1942 1458 2054 1538 turba·

282 1568 579 1652 mur-amarius
603 1564 882 1674 ,acerbiusque
925 1565 1147 1645 laceramur
1185 1566 1226 1644 in
1257 1565 1417 1644 intimis.
1460 1565 1561 1674 quo.v
1588 1563 1664 1644 sibi
1708 1563 1910 1644 subducte
1935 1569 2055 1676 quietis

284 1677 538 1762 dulcedinem
567 1679 693 1785 magis
719 1703 767 1757 ac
795 1677 920 1782 magis
947 1673 1232 1757 desiderantur
1268 1680 1495 1785 appetimus
1524 1691 1566 1756 et
1594 1673 1901 1786 tranquillitatis
1941 1677 2056 1785 deper-

187 1840 191 1849 ,
285 1790 370 1872 dite
398 1805 582 1898 tempora
611 1788 851 1898 propensius
878 1783 1125 1868 affectamus.
1184 1786 1386 1868 Sentimus
1413 1785 1576 1898 quidem
1608 1813 1680 1896 per
1708 1786 1898 1866 effectum
1925 1788 2056 1870 uberem

160 1955 171 1964 -
286 1904 354 2012 pie
382 1902 524 1982 mentis
550 1902 637 1982 eius
662 1897 909 1980 afflicciones
931 1899 1183 1996 innumeras,
1211 1897 1422 2007 palpamus
1449 1917 1612 1980 suarum
1641 1897 1923 2007 multiplicium
1950 1900 2058 1982 incen-

285 2014 353 2094 dia
383 2014 612 2122 passionum
640 2026 682 2090 et
710 2037 783 2119 per
811 2010 1100 2118 compassionis
1129 2010 1268 2116 intime
1296 2012 1506 2118 pietatem,
1536 2035 1618 2090 non
1650 2011 1805 2119 absque
1837 2008 2057 2094 lacrimarum

286 2123 503 2235 profluuio.
534 2125 620 2204 eius
647 2121 907 2230 deploramus
934 2123 1140 2227 angustias
1168 2137 1210 2202 et
1240 2149 1373 2204 secum
1404 2121 1557 2203 doloris
1584 2122 1647 2200 sui
1663 2139 1863 2202 tormenta
1882 2125 2057 2228 partimur.

285 2236 490 2318 Tristatur
517 2259 685 2344 qnoque
713 2261 761 2314 ac
789 2231 981 2312 turbatur
1012 2235 1055 2314 in
1085 2232 1235 2314 intimis
1263 2235 1329 2342 pia
1359 2250 1487 2315 mater
1515 2231 1678 2314 ecclesia
1698 2233 1823 2314 tantis
1852 2234 2058 2316 intrinsecus

286 2344 470 2430 confossa
500 2343 711 2426 doloribus
740 2342 1000 2452 perfunditur
1031 2342 1203 2426 lacrimis
1231 2344 1354 2426 wltus
1382 2345 1468 2426 eius
1496 2344 1574 2424 sibi
1596 2342 1776 2454 undique
1805 2344 2058 2428 lamentaron-

221 2556 226 2567 q
285 2473 472 2566 surgunt.
496 2455 598 2539 'dum
627 2482 732 2565 quos
759 2456 1014 2565 regenerauit
1042 2457 1083 2536 in
1113 2455 1216 2535 filios
1243 2455 1360 2538 efferi
1390 2455 1516 2536 hostis
1545 2454 1740 2536 lacerauit
1769 2457 1951 2563 impietas
1972 2476 2009 2538 ‘et
2030 2460 2058 2538 in

198 2659 208 2670 ¹
286 2569 382 2650 fidei
409 2563 638 2650 orthodoxe
664 2567 843 2648 cultores
870 2562 958 2647 dire
985 2568 1089 2648 seuit
1116 2563 1276 2675 gladius
1305 2567 1539 2674 impiorum,
1568 2593 1609 2646 se
1638 2565 1927 2648 nichilominus
1960 2586 2059 2648 mater

286 2683 374 2788 ipsa
398 2671 488 2788 pro'
507 2678 685 2761 iuuanda
716 2695 824 2758 terra
861 2675 1054 2785 predicta,
1084 2704 1242 2786 semper
1263 2677 1400 2758 multis
1421 2677 1764 2762 sollicitudinibus
1786 2681 1944 2759 anxiam
1972 2679 2057 2761 exhi·

286 2791 405 2888 bens,
433 2819 481 2870 ac
509 2788 726 2871 ostendens
751 2787 1007 2869 feruentibus
1033 2787 1178 2870 studiis
1208 2815 1418 2897 operosam
1449 2807 1489 2872 et
1517 2807 1672 2898 quanto
1686 2789 1764 2870 sibi
1785 2793 1922 2871 extitit
1941 2819 1983 2871 ex
1996 2792 2058 2870 alto

286 2902 527 3013 promissum
558 2928 699 2982 manus
726 2914 767 2980 et
796 2915 968 2980 mentem
996 2899 1050 2981 ab
1078 2901 1164 2980 eius
1192 2901 1342 2981 auxilio
1372 2929 1453 2980 non
1483 2903 1652 2982 retraxit
1685 2899 1876 2982 Profecto
1904 2905 2059 3011 copiosus

286 3017 331 3116 ip
360 3013 632 3097 misericordia
654 3012 851 3095 dominus
877 3013 950 3121 qui
978 3010 1028 3093 de
1055 3039 1127 3092 sue
1156 3012 1442 3093 habundancia
1485 3014 1646 3123 pietatis
1680 3015 1837 3095 animos
1867 3042 1996 3123 regum
2032 3030 2060 3095 et

50 3190 62 3201 .
148 3201 151 3206 ,
287 3128 520 3234 principum
549 3122 784 3207 deuocionis
811 3124 905 3231 igne
918 3120 1125 3205 succendit
1157 3125 1209 3205 ad
1237 3124 1458 3207 salubrium
1486 3126 1727 3205 exercicium
1758 3127 1967 3207 arcionum
1995 3152 2060 3233 pre·

100 3252 104 3268 '
154 3253 167 3269 ·
286 3235 425 3319 cordia
456 3236 653 3317 karissimi
681 3233 905 3317 inebriato
934 3234 1004 3314 filii
1033 3237 1160 3315 nostri
1176 3234 1350 3344 philippi
1366 3234 1717 3343 regisfrancorunr
1738 3236 1909 3318 illustris
1936 3234 2061 3317 celestis

286 3338 586 3432 benediccionis
613 3373 706 3427 rore
735 3342 946 3453 perfundit
987 3346 1126 3455 sicque
1154 3348 1285 3455 ipsum
1315 3344 1405 3429 fidei
1448 3346 1557 3427 zelus
1585 3344 1762 3429 eiusdem
1808 3349 2007 3429 succendit
2030 3364 2060 3425 ut

286 3474 395 3540 terre
440 3456 622 3567 predicte
663 3456 957 3537 affliccionibus
990 3472 1031 3536 et
1060 3458 1259 3563 pressuris
1300 3460 1368 3565 pio
1414 3457 1564 3555 affectu
1606 3450 1943 3567 compaciensad
1987 3458 2061 3539 ulci-

135 3608 140 3615 ·
275 3561 455 3651 ‘scandas
492 3569 535 3648 in
564 3568 633 3656 illa
662 3568 787 3677 ipsius
814 3566 1027 3649 saluatoris
1055 3569 1223 3648 iniurias
1260 3585 1301 3650 et
1342 3568 1519 3649 eiusdem
1561 3585 1668 3651 terre
1709 3576 1946 3677 grauamina
1985 3570 2060 3649 rele

170 3696 173 3704 '
286 3676 422 3763 uanda
452 3676 555 3760 adeo
583 3679 788 3760 feruentes
816 3674 1057 3757 desiderium
1087 3675 1278 3787 dirigitur
1306 3684 1449 3759 mentis
1480 3708 1562 3761 sue.
1593 3681 1704 3791 quod
1728 3682 1920 3763 ducimur
1948 3684 1982 3763 ia
2008 3682 2061 3762 do

231 3818 239 3827 ·
285 3792 397 3874 mino
425 3790 535 3871 firma
568 3788 713 3872 fiducia
742 3790 782 3867 in
814 3787 883 3868 illo
912 3791 984 3899 qui
1013 3790 1114 3869 mari
1143 3807 1186 3871 et
1213 3791 1345 3872 uentis
1374 3792 1546 3899 imperat
1575 3808 1616 3875 et
1645 3810 1739 3902 post
1775 3794 1961 3873 nubilum
1986 3812 2061 3874 tem·

285 3930 388 4013 pora
416 3904 642 3984 serenitatis
670 3899 855 4004 indulget
880 3898 1030 3981 deuote
1059 3928 1268 4009 speramus
1296 3900 1409 4011 quod
1438 3927 1510 4010 per
1540 3906 1663 4012 ipsius
1693 3907 1797 4013 regis
1829 3908 2060 3985 ministeriun

68 4108 79 4121 „
151 4079 153 4084 .
284 4012 507 4096 studiosum
549 4012 770 4095 auxiliante
814 4010 885 4089 illo
929 4014 1047 4092 cuius
1076 4015 1211 4119 agitur
1241 4017 1282 4095 in
1313 4014 1386 4095 bac
1423 4030 1538 4122 porte
1566 4016 1778 4123 negocium
1810 4014 1939 4097 eidem
1978 4032 2060 4095 terre

284 4128 501 4235 proueniat
530 4127 703 4236 passagii
730 4120 930 4233 generalis
957 4121 1150 4203 auxilium
1181 4128 1724 4235 etoptaterecuperacionis
1749 4128 1914 4209 claritas
1939 4126 2061 4207 eluces·

284 4253 371 4317 scat
399 4238 506 4341 Quia
533 4264 635 4317 uero
664 4252 745 4317 tam
775 4229 947 4314 arduum
962 4249 1155 4343 tantaque
1187 4232 1476 4345 profunditatis
1505 4238 1715 4347 negocium
1740 4264 1823 4321 non
1856 4254 1981 4348 potest
2004 4236 2061 4316 sub

191 4356 195 4365 '
284 4348 403 4429 breui
431 4349 625 4457 temporis
667 4347 805 4455 spacio
847 4361 968 4450 prout
1013 4342 1284 4427 desideramus
1320 4364 1360 4428 et
1388 4346 1553 4456 expedit
1594 4348 1773 4431 debitam
1802 4367 1845 4433 at
1874 4374 2060 4459 congruam

285 4458 586 4541 ordinacionem
615 4462 829 4566 suscipere.
859 4456 1025 4565 Nosque
1053 4457 1197 4538 timore
1226 4459 1463 4565 grauissimo
1492 4462 1534 4539 in
1563 4476 1694 4541 mente
1714 4464 1930 4569 perterriti.
1959 4486 2003 4540 na
2020 4461 2060 4567 ei·

286 4572 353 4677 pri
380 4587 432 4651 et.
449 4571 626 4651 armenie
653 4594 871 4679 regnorum
892 4568 1091 4649 nobilium
1119 4596 1200 4678 que
1228 4570 1357 4649 crvcis
1387 4570 1559 4652 bostium
1590 4589 1832 4685 premuntur
1861 4572 2058 4663 iucursibus

288 4695 327 4760 et
355 4708 482 4789 usque
512 4683 556 4762 in
568 4683 811 4761 intrinsecus
831 4677 882 4761 ad
911 4680 1051 4759 intima
1069 4679 1300 4761 lacerantur
1328 4708 1377 4760 ac
1405 4683 1584 4790 ipsorum
1616 4684 1891 4767 incalescente
1918 4678 2057 4791 perfidia

284 4788 525 4900 affliguntur
554 4795 744 4875 varietate
774 4787 1006 4903 multiplicis
1040 4792 1258 4886 cruciatus,
1291 4808 1412 4899 prout
1442 4794 1669 4875 insinuatur
1688 4798 1909 4879 eorundem
1937 4814 2058 4901 reguo·

283 4901 590 4989 run-,fidetium
614 4902 816 4987 uocibus·
837 4928 1125 5013 oppressorum
1159 4902 1236 4985 suh
1264 4903 1378 4985 rabie
1421 4908 1724 5017 peraequatoris
1765 4908 1946 5018 ipsorum
1971 4902 2056 4985 decl·
