4317 5975
798 422 858 447 ···
942 332 1041 517 ¹4⁴⁸
1154 424 1239 485 ··,···

141 530 353 741 146α
761 612 911 719 1305
941 610 1007 773 ι(1.
1055 652 1129 765 29
1177 618 1324 725 Mars.

211 831 355 916 Konrmg'
368 836 499 897 Braems
519 832 702 899 vidimation
723 832 784 897 ocb
805 833 997 904 stsdsststeles
1018 837 1062 923 pt
1091 836 1227 921 Kooung
1258 835 1389 923 Magnes
1420 838 1461 906 les
1478 838 1647 923 genuere
1673 838 1713 927 pt
1741 838 1865 922 suoru
1879 834 1935 909 rut

261 920 413 1002 Bislopeo
435 920 445 979 i
466 916 638 999 Strcngots.
1358 948 1361 955 Α
1444 982 1448 993 ,
1678 1004 1703 1057 A
1731 1002 1746 1057 3

1599 1014 1626 1042 .,
1706 1042 1713 1057 ·
1747 1022 1797 1077 ιι,

180 1161 187 1167 ’
238 1137 441 1222 Bmoraus
471 1132 536 1217 dei
566 1136 700 1243 gracia
729 1164 929 1219 sweorum
957 1136 1271 1248 Gothorumque
1299 1139 1384 1219 Ilex
1417 1140 1617 1223 Omnibus
1647 1156 1849 1249 presentes
1866 1138 1932 1218 lit·

129 1266 235 1351 teras
264 1248 506 1357 inspecturis
534 1246 711 1329 Salutem
741 1250 784 1329 in
812 1247 978 1331 domiuo
1013 1250 1318 1357 sempiternam,
1360 1248 1518 1331 Tenore
1551 1254 1802 1359 presencium
1823 1276 1929 1334 con·

128 1376 234 1441 stare
262 1360 449 1440 'volumus
476 1356 684 1441 euidenter
713 1358 798 1442 Nos
826 1359 973 1442 vidisse
1001 1388 1049 1441 ae
1076 1358 1291 1469 diligenter
1319 1363 1592 1471 perspexisse,
1622 1362 1776 1448 litteras
1803 1360 1929 1443 infra·

127 1473 309 1584 scriptas,
340 1498 421 1550 non
451 1470 593 1569 nasas,
622 1498 705 1553 uon
732 1472 992 1570 cancellatas,
1035 1499 1119 1555 uon
1149 1470 1340 1569 abolitas,
1368 1500 1443 1553 neo
1472 1474 1515 1553 in
1543 1474 1678 1585 aliqua
1707 1476 1769 1555 sui
1800 1489 1928 1583 parte,
2027 1546 2032 1555 .

14 1572 20 1584 ’
127 1585 308 1678 viciatas,
337 1612 514 1693 quarum
545 1612 615 1692 per
642 1586 775 1665 omnia
804 1603 924 1665 tenor
952 1584 1178 1679 tellemar,
1217 1584 1429 1665 Vniuersis
1456 1584 1598 1667 christi
1630 1583 1824 1667 ,fidelibus
1851 1589 1927 1666 &aa

125 1697 176 1776 Se
192 1696 453 1801 fdregcirnde
481 1694 563 1777 Nm
590 1697 682 1791 645.
712 1696 796 1777 Nos
825 1723 921 1776 vero
955 1696 1103 1776 dictam
1141 1693 1405 1775 donacionem
1433 1696 1575 1777 Ratarn
1606 1713 1647 1777 et
1675 1712 1830 1805 gratam
1859 1696 1931 1777 bas
1960 1732 1963 1737 ·

124 1808 219 1889 bere
248 1806 448 1901 uolentes,
492 1806 757 1889 Prohibemus
796 1808 962 1889 firmiter
1003 1821 1045 1887 et
1073 1803 1254 1887 districte
1298 1808 1451 1917 Nequis
1498 1808 1647 1917 jpmm,
1690 1806 1812 1889 inlrin
1842 1834 1930 1903 ere,
2072 1849 2076 1857 ·

123 1946 280 2001 cassare
310 1916 373 1997 uel
405 1915 564 1997 irritare
592 1936 815 2026 presumat,
843 1918 911 2000 sed
942 1919 984 1997 iu
1012 1945 1087 1997 suo
1118 1936 1348 2025 permaneat
1385 1918 1533 1999 robore
1576 1935 1777 2029 perpetuo
1805 1836 1929 2000 dura·

124 2048 234 2124 tura,
265 2032 411 2109 Datum
444 2026 552 2137 apud
581 2031 852 2138 strangisenaes
878 2055 988 2109 anno
1016 2026 1171 2110 domiui
1196 2029 1405 2112 Millesimo
1434 2029 1927 2143 Trescentesimoquint0‚

118 2150 274 2253 ‘quarto
307 2138 468 2221 kalend.
498 2138 659 2251 Aprilis.
1528 2240 1530 2250 Ι
1771 2143 1773 2153 '

287 2282 336 2345 Pa
346 2281 547 2369 frinsidan:
575 2283 622 2344 De
643 2280 828 2365 acquisicione
849 2282 936 2343 curie
956 2278 1104 2362 signatio
1126 2278 1158 2341 io
1180 2277 1320 2341 nericbia
1340 2282 1474 2345 continet
1495 2292 1625 2365 utreque
1646 2279 1758 2371 littere.

495 2395 618 2479 sigillet
637 2395 788 2475 aladadt,
815 2394 978 2480 htngsnde
998 2394 1040 2481 pt
1060 2414 1098 2457 en
1120 2415 1159 2457 ur
1180 2394 1302 2465 brcfret
1322 2395 1425 2485 tttppr
1445 2398 1555 2473 remea.

45 2913 52 2923 ‚
131 2777 332 2923 1461.
670 2793 698 2838 ’·
773 2792 922 2901 1305
970 2788 1018 2899 d.
1066 2792 1099 2907 5
1145 2790 1305 2941 April.

205 3015 337 3080 tticum
358 3016 499 3076 Nrcssors
522 3013 824 3095 tillltlooagilramle,
846 3025 893 3075 att
914 3013 977 3076 ban
997 3014 1051 3076 vid
1071 3017 1117 3077 sin
1138 3025 1256 3098 systers,
1275 3011 1566 3097 lngegerdsintrade
1588 3008 1786 3094 submerge
1798 3012 1924 3095 kloster,

256 3097 327 3158 med
350 3107 501 3159 rrarmaste
522 3099 702 3180 sltgtlngars
721 3097 894 3181 samtycke,
916 3100 1008 3179 giren
1026 3097 1128 3162 henne
1149 3099 1196 3160 siu
1216 3097 1279 3160 orb
1291 3099 1356 3158 eiua
1376 3097 1503 3180 cyclum
1524 3099 1534 3158 i
1557 3095 1704 3162 modone
1726 3097 1813 3162 artua
1834 3097 1923 3198 gard,

257 3180 398 3264 sauny,
420 3182 468 3242 till
490 3180 657 3265 prebenda.
1669 3257 1693 3314 A
1722 3261 1738 3316 a
1765 3278 1781 3314 n

232 3396 435 3478 Omnibus
464 3411 670 3505 presentes
696 3392 853 3476 litteras
881 3394 1143 3506 inspecturis,
1174 3395 1353 3488 bleonus
1375 3393 1641 3493 'Ntctmssotu
1656 3397 1846 3486 ,salutem
1862 3477 1865 3484 ,
1881 3400 1925 3491 in
1959 3415 1961 3419 ’

120 3505 287 3589 domino
314 3510 620 3615 sempiternam,
648 3507 852 3610 Quoniam
880 3534 927 3590 ea
955 3535 1037 3618 que
1061 3515 1139 3588 rite
1164 3524 1349 3616 aguntur
1376 3509 1420 3589 in
1449 3506 1618 3593 dubium
1646 3509 1753 3590 verti
1779 3509 1925 3608 solent.
2064 3525 2075 3551 “
2150 3547 2156 3558 ·

119 3619 431 3728 ειρΙετυῐηᾳυε
459 3620 511 3700 ab
539 3617 749 3700 homiuum
778 3621 969 3710 memoria
1000 3619 1163 3728 penitus
1190 3619 1315 3716 elabi,
1351 3620 1428 3700 uisi
1459 3620 1552 3700 viue
1582 3620 1692 3708 vocis
1719 3618 1783 3700 rel
1819 3622 1926 3704 litte·

121 3757 257 3810 rarum
289 3731 520 3813 testimonio
550 3731 870 3838 perhennentur,
906 3731 1067 3812 Tenore
1097 3732 1347 3840 presencium
1378 3731 1564 3826 notifico,
1591 3729 1704 3842 quod
1734 3731 1800 3812 die
1828 3733 1924 3820 lune

120 3843 302 3950 proxima
336 3857 427 3948 post
455 3839 695 3922 dominicam
714 3843 907 3948 passionis
921 3869 1004 3950 qua
1018 3839 1163 3922 dilecta
1192 3867 1309 3921 soror
1333 3865 1416 3922 mea
1436 3839 1752 3949 ingigiaerdisiu
1783 3867 1924 3934 mona·
2059 3848 2073 3854 ”

118 3955 244 4034 sterio
272 3953 522 4061 llisaebergb,
550 3952 601 4034 ad
631 3951 811 4032 ordinem
841 3951 948 4032 beati
978 3949 1181 4033 benedieti
1211 3966 1474 4060 receptaest.
1531 3952 1692 4032 Curiam
1731 3951 1924 4052 Sundbir,

121 4091 307 4176 que-nos
334 4090 474 4144 omnes
502 4063 646 4144 fratres
673 4081 715 4144 et
743 4091 902 4145 sorores
929 4064 1120 4144 carnales.
1151 4091 1199 4143 ex
1224 4079 1339 4172 parte
1368 4062 1507 4143 matris
1544 4061 1785 4144 hereditarie
1825 4089 1925 4144 oon·

119 4179 297 4284 tingerat
339 4191 463 4284 prout
501 4201 722 4258 consensus
763 4178 893 4256 nostri
935 4175 1125 4256 omnium.
1167 4176 1493 4284 propinquorum
1523 4199 1604 4284 que
1633 4189 1674 4254 et
1701 4175 1923 4256 amicorum

122 4306 352 4370 nostrorum
383 4287 512 4369 alluit.
540 4286 668 4369 eidem
696 4284 831 4394 sororj
873 4301 1010 4367 nostre
1046 4281 1336 4395 assignauimus
1365 4313 1441 4395 pro
1471 4282 1696 4398 prebenda,
1735 4283 1924 4368 Transie-

36 4391 42 4399 ’
121 4416 257 4481 rentes
286 4401 328 4478 in
359 4400 599 4482 abbatissam
631 4399 720 4480 loci.
749 4414 790 4479 et
817 4397 1077 4479 Conuentum
1103 4395 1263 4481 ibidem.
1293 4397 1454 4510 plenum
1485 4395 1551 4504 jus
1580 4398 1852 4508 possessionis.
1882 4413 1924 4478 et

121 4511 397 4621 proprietatis.
426 4509 606 4592 eamdem
635 4509 820 4613 Curiam,
861 4539 953 4600 eum
980 4507 1115 4590 Siluis.
1144 4509 1317 4594 Paseuis.
1346 4507 1544 4616 Piera-rije.
1585 4509 1737 4616 insulis.
1779 4509 1924 4590 ceteris

120 4647 204 4735 que
240 4621 503 4731 pertinenciis
538 4622 642 4704 intra
671 4648 812 4730 sepes-
828 4635 873 4702 et
913 4636 1041 4701 extra.
1077 4623 1119 4700 in
1151 4637 1390 4729 perpetuum
1420 4617 1662 4728 possidendi.
1705 4617 1920 4702 vendendi.

121 4731 431 4816 transmutandi.
461 4758 532 4814 seu
561 4733 708 4844 quouis
736 4731 816 4812 alio
845 4731 967 4814 modo
995 4729 1211 4811 alienandi.
1240 4747 1281 4810 et
1311 4747 1433 4839 prout
1462 4731 1661 4840 placuerit
1694 4729 1922 4814 ordinandi.
2001 4819 2008 4829 ,

95 4845 321 4928 -Ju-euius
348 4844 619 4928 testimonium
646 4842 1085 4954 sigillomvenerabilis
1112 4843 1239 4952 petris
1268 4839 1421 4940 domini
1435 4840 1594 4942 §rsariE
1626 4842 1755 4954 iscopi
1779 4859 1922 4925 straen-

119 4956 352 5066 munes,
382 4953 595 5068 treuguas.
621 4953 974 5066 dominiPhilippi
999 4950 1306 5065 jagiwatdsson,
1333 4951 1489 5064 legiferi
1510 4963 1574 5038 few
1605 4954 1866 5056 hermannia-
1879 4969 1922 5036 et
