4317 5975
968 385 1358 517 ³28⁸-

264 658 521 767 llevbllenses
548 648 752 773 neqvetad
779 651 932 735 instans
945 651 1093 740 festum
1106 655 1220 740 Beati
1233 654 1430 739 lobannis
1443 650 1623 764 baptiste
1641 651 1853 737 habebunt
1875 654 2071 760 inducias,

264 776 312 859 ut
327 772 518 887 premissa
546 764 677 856 omnib
704 781 821 859 tanto
854 770 1100 875 propensius
1126 768 1318 854 studeant
1344 764 1578 877 adimplere,
1606 763 1678 848 sed
1704 766 1739 849 si
1766 767 1900 852 medio
1914 784 2072 879 tempo·

264 914 309 973 re
338 880 424 970 bon
451 876 723 979 satisfecerint,
752 876 876 989 prout
903 883 1092 991 superius
1120 898 1182 963 est
1207 905 1460 991 expressum,
1493 887 1646 962 estune
1673 906 1697 961 a
1723 882 1932 962 consortio
1967 908 2073 965 mer-

264 992 450 1084 catorum
476 990 596 1079 erunt
617 988 786 1073 omnino
798 993 1009 1101 segregati.
1040 994 1286 1103 Quicunque
1314 1020 1357 1073 se
1385 989 1505 1075 debet
1515 1018 1757 1101 expurgare,
1771 992 1839 1074 ille
1859 992 1931 1075 tali
1946 993 2072 1077 modo

262 1111 426 1225 jurabit,
452 1100 564 1216 qv'od
592 1104 677 1207 haec
700 1103 819 1200 bona,
853 1131 929 1215 pro
958 1105 1108 1215 qvibus
1136 1105 1408 1215 juramentum
1436 1102 1589 1202 fecerit,
1618 1100 1670 1184 de
1698 1103 1817 1185 bonis
1834 1112 1973 1215 ’cogge
1987 1106 2068 1189 suh

262 1216 370 1304 terri
398 1212 567 1299 Vironie
595 1214 823 1327 periclitate
866 1243 949 1298 non
992 1218 1291 1328 processissent.
1360 1218 1623 1327 Qviscunqve
1662 1216 1784 1295 etiam
1826 1245 1903 1326 pro
1947 1218 2070 1301 bonis

260 1324 495 1449 hujusmodi
523 1332 742 1424 incusatur,
770 1342 811 1407 et
839 1328 1071 1410 testimonio
1100 1327 1275 1411 duorum
1304 1329 1529 1438 proborum
1557 1328 1767 1408 homiuum
1798 1330 2069 1428 convincitur,

262 1441 330 1525 ille
373 1438 551 1525 arbitriis
592 1440 876 1563 suprascriptis
904 1440 1150 1550 subjacebit:
1177 1443 1211 1522 si
1240 1469 1338 1523 vero
1365 1441 1597 1524 testimonio
1625 1438 1801 1522 duorum
1838 1443 2068 1551 proborum

261 1554 471 1637 bominum
499 1554 688 1636 convinci
717 1550 800 1632 non
829 1554 993 1661 poterit,
1022 1569 1173 1634 extunc
1201 1567 1313 1644 sexta
1343 1580 1464 1635 manu
1492 1553 1701 1634 hominum
1739 1580 1823 1633 non
1857 1570 2068 1663 suspecto·

260 1691 364 1764 rum,
393 1663 444 1747 de
472 1664 621 1747 talibus
651 1662 769 1745 bonis
796 1691 837 1743 se
868 1678 1001 1774 potest
1028 1691 1267 1773 expurgare.
1325 1667 1426 1746 Item
1458 1665 1689 1774 qvicunqve
1725 1667 2065 1774 expurgationem

261 1774 406 1861 lecerit·
429 1795 503 1862 seu¹
528 1774 771 1886 expurganti
791 1774 853 1863 ,ad
882 1774 1192 1887 expurgandum
1219 1779 1392 1858 astiterit
1420 1792 1461 1857 et
1488 1774 1749 1887 postmodum
1778 1777 1880 1856 male
1909 1774 2067 1883 jurasse

260 1887 510 2003 retractatus·
528 1883 672 1985 fuerit,
700 1886 793 1967 talis
820 1888 984 1997 capitali
1013 1886 1217 1969 sentencie
1244 1887 1482 1997 subjacebit
1526 1888 1581 1989 Ut
1595 1903 1729 1966 autem
1745 1889 1935 1996 premisse
1955 1887 2065 1970 arbi·

261 2001 457 2083 trationes
483 1996 615 2082 'robur'
640 1999 819 2080 habeant
847 2019 1055 2111 perpetuae
1069 2000 1280 2096 firmitatis,
1299 2000 1477 2109 sigillum
1491 2001 1671 2080 omnium
1685 1998 2068 2080 Theuthonicorum

260 2126 529 2194 mercatorum
558 2110 610 2195 ad
638 2110 884 2193 evidentiam
912 2111 1136 2223 pleniorem
1171 2111 1264 2191 huic
1292 2115 1443 2221 scripto
1471 2128 1532 2192 est
1559 2138 1795 2221 appensum.
1854 2114 2003 2191 Datum
2025 2126 2069 2190 et

261 2240 396 2417 {ctum
423 2224 577 2306 Wisbii
602 2229 722 2307 Anno
752 2224 915 2305 Domini
943 2222 1268 2305 mecum·
1299 2223 1499 2336 Septimo,
1531 2224 1575 2304 in
1604 2222 1668 2305 die
1697 2221 1836 2305 Sancti
1865 2222 2065 2304 lobannis

285 2336 450 2453 aptiae.

267 2812 401 2942 941.
489 2787 502 2918 ’,
532 2788 590 2947 ’
905 2788 1054 2943 12'87
1102 2795 1152 2903 d.
1207 2814 1274 2929 14
1320 2795 1437 2906 Juli.
1833 2790 2071 2907 Skilwils.

257 3117 263 3130 ι
294 3077 316 3134 ’,Ι
338 2995 528 3124 ΙΒιέὶορέιῌ
551 3017 736 3102 Linlbping,
758 3019 866 3100 Her-lig
889 3021 1006 3081 Bmcrs
1027 3018 1080 3081 vicl
1101 3036 1190 3078 resen
1210 3017 1260 3081 till
1280 3016 1427 3081 Gottlcod
1450 3015 1635 3103 upprtttcde
1654 3017 1860 3082 Testamcote.

280 3120 284 3140 ’
345 3128 348 3144 ·
989 3131 991 3140 ’
1811 3131 1848 3187 Δ.
1866 3132 1935 3201 ss

306 3330 323 3366 ἶ.
372 3268 425 3348 Jn
452 3265 617 3358 nomine
645 3265 798 3348 domini
833 3294 962 3364 amen,
1000 3267 1120 3348 Anno
1156 3266 1347 3350 eiusdem.
1376 3267 1786 3348 M⁰.GC⁰.LXXXVII
1814 3267 1946 3378 pridie
1973 3267 2072 3377 jdus

261 3377 368 3488 julip
398 3379 481 3478 Nos
496 3377 746 3458 Bnuuntcrus
775 3376 840 3459 dei
868 3377 1002 3488 gracia
1031 3377 1258 3487 Episcopus
1284 3379 1550 3487 Lincopcnsis
1577 3378 1661 3462 dux
1688 3378 1902 3460 Finlandie
1930 3398 2069 3464 mente

260 3499 301 3586 bt
325 3515 501 3597 corpote
528 3488 617 3568 sani
646 3495 685 3570 u
702 3490 922 3570 incolumes
938 3488 989 3571 ad
1004 3490 1081 3569 iter
1106 3517 1244 3570 versus
1258 3489 1567 3589 Guthlandiram
1583 3493 1789 3600 preparati
1804 3510 1897 3572 actu
1913 3491 2070 3593 Sktaet-

260 3601 425 3689 dowich
453 3600 668 3684 existentes
697 3616 977 3682 testamentum
1006 3618 1189 3681 nostrum
1219 3599 1430 3684 condimus
1458 3604 1501 3682 in
1529 3601 1640 3681 hunc
1669 3601 1845 3683 modum.
1901 3605 1953 3685 lu
1981 3606 2069 3712 pri·

259 3711 345 3803 mis.
375 3710 539 3812 ecclesie
566 3711 810 3819 Lincopcnsi
837 3739 918 3822 que
947 3739 1020 3793 nos
1050 3741 1073 3792 a
1095 3711 1319 3821 puerilibus
1332 3714 1554 3795 enutrierat
1568 3713 1684 3794 annis
1699 3714 1898 3822 Legamus
1911 3716 2069 3796 curiam
2092 3813 2097 3820 .

258 3841 440 3922 nostram
467 3823 598 3907 Lenae.
628 3823 669 3903 in
698 3821 864 3922 diocesi
892 3821 1076 3904 Scarensi
1103 3824 1221 3904 sitam
1250 3853 1340 3905 cum
1368 3824 1557 3905 omnibus
1593 3824 1675 3904 suis
1712 3825 1941 3906 attinenciis
1978 3855 2068 3910 mo·

258 3933 412 4024 bilibus
440 3933 780 4018 &immobilibus
809 3934 887 4015 hoe
922 3951 1055 4016 tamen
1093 3932 1286 4017 adiuncto
1321 3933 1435 4046 quod
1477 3937 1693 4044 episcopus
1734 3935 1999 4043 Lincopcnsis
2031 3935 2065 4050 ¹)

258 4049 331 4158 qui
361 4063 648 4154 protempore
676 4044 808 4126 fuerit,
836 4047 998 4127 racione
1027 4042 1135 4127 dicte
1163 4047 1275 4126 curie
1303 4044 1558 4157 presentibus
1586 4045 1765 4128 eiusdem
1794 4048 1959 4128 ecclesie
1987 4049 2066 4159 qui
2139 4077 2145 4084 ·

258 4155 468 4253 commode
497 4157 636 4236 uocari
672 4172 865 4264 poterunt
894 4156 1109 4238 canonicis.
1137 4184 1186 4237 ac
1213 4157 1372 4240 vicariis
1400 4155 1619 4239 eorundem
1642 4159 1966 4248 anniuersarium
1987 4185 2066 4239 no·

236 4335 239 4348 .
277 4271 385 4366 trum
414 4267 617 4353 celebrare
646 4283 831 4348 teneatur
860 4271 975 4349 annis
1006 4267 1176 4376 singulis
1205 4271 1251 4349 in
1275 4268 1443 4350 ecclesia
1471 4283 1698 4350 memorata.
1762 4269 1885 4353 Facta
1925 4270 2066 4354 fratri·

257 4297 336 4470 bus
365 4379 589 4478 minoribus
617 4378 794 4474 eiusdem
822 4378 901 4461 loci
932 4381 1131 4488 pietanoia
1159 4381 1276 4460 annis
1302 4378 1471 4489 singulis
1499 4379 1799 4462 celebrantibus
1827 4382 1952 4462 ceiam
1987 4410 2066 4463 en·
2155 4410 2156 4413 ‘

257 4493 524 4590 niuersariutu
551 4490 841 4599 supradictum.
907 4491 1011 4572 ltem
1047 4488 1224 4571 Ecclesie
1246 4491 1482 4600 .Vpsalensi.·
1509 4494 1664 4573 curiam
1692 4511 1872 4576 nostram
1906 4491 1992 4573 staf
2016 4495 2065 4577 in
2153 4570 2155 4577 Α

257 4596 478 4712 turingos
492 4619 520 4696 et
529 4601 577 4796 ,2.
606 4630 697 4686 eum
712 4600 867 4686 colonis
882 4601 1126 4694 &omnibus
1139 4601 1227 4682 aliis
1237 4605 1328 4706 suis
1343 4604 1571 4684 attinenciis
1585 4603 1627 4715 ³).
1658 4607 1700 4686 in
1717 4607 2066 4714 recompensacio-

257 4733 348 4808 nem
378 4717 515 4812 curies·
558 4713 829 4816 ieteRaelstad
858 4741 979 4825 quam
1007 4715 1050 4795 in
1079 4710 1319 4802 testamento
1347 4732 1493 4797 nostro·
1516 4717 1644 4826 priori
1655 4718 1790 4800 eidem
1804 4715 2065 4800 contulimus.
2153 4740 2155 4791 ς

262 4903 1419 5104 ²‘fflll.⁵⁰⁸⁹⁸·³-stt⁰f⁸f·⁴⁰wiliulfi“tedb'ittdsslilhstus
1502 4990 1507 5045 2
1545 5049 1550 5058 ἱ
1588 5041 1591 5051 Ι
1644 5022 1649 5038 ⁸
1691 4994 1808 5062 ’,Αἰ

310 5043 537 5126 >Lincopcnsrs
557 5043 672 5106 saluae
712 5036 739 5120 ²)
789 5059 940 5129 aeunguea
979 5039 1007 5123 1)
1029 5043 1097 5107 Suis
1117 5041 1234 5108 tillem
1628 5044 1633 5065 ¹
1774 5043 1780 5064 ¹
1871 5053 1877 5065 ·
2018 5056 2021 5064 .
2134 5059 2139 5066 -
