4317 5975
800 390 940 464 ,»··’
1006 380 1080 463 361
1184 418 1257 459 ..n-

97 670 101 678 .
154 614 220 681 tea
253 594 368 711 quod
396 594 550 681 dilecto.
572 600 819 685 consobrino
843 626 953 703 meo,
982 604 1175 713 Magistro
1197 599 1346 699 arrdrc‚
1377 610 1545 711 propter
1575 597 1747 698 diuersa,
1762 622 1824 705 wate
1852 598 1957 699 mul-
2057 678 2063 685 .

155 709 310 819 tiplieia
343 710 532 791 beneficia
562 710 680 793 michi
710 738 782 819 per
811 714 942 819 ipsunt
963 716 1156 823 prestita,
1179 713 1348 795 confero
1376 729 1416 793 et
1446 713 1607 823 assigno
1635 704 1725 809 cum
1748 739 1957 811 ,consensu

149 822 294 905 dilecti
323 820 475 901 fratris.
496 822 598 918 mei,
623 809 786 903 Donum
817 822 999 929 Birgberi
1028 826 1184 933 legiferi
1214 825 1430 931 vplandiev
1473 821 1610 905 decen
1655 850 1746 905 oras
1775 840 1883 913 terre
1912 827 1955 907 iu

76 975 80 984 -
153 936 305 1039 Nysta,
332 932 428 1013 cum'
455 932 643 1013 omnibus
670 932 948 1027 adiacentibus
976 935 1148 1032 eisdem,
1181 938 1216 1017 si
1243 937 1352 1044 ipso»
1375 937 1588 1043 superstite
1619 962 1679 1017 me
1709 934 1761 1017 ab
1788 936 1866 1019 boc
1894 961 1956 1017 se·

154 1045 252 1128 culo
278 1047 490 1151 contingat
517 1047 700 1137 euocari,
741 1046 836 1129 volo
867 1046 1150 1127 nichilominus
1214 1043 1295 1126 rand
1332 1047 1444 1126 curia
1473 1046 1621 1151 Runby
1653 1044 1778 1127 libere
1806 1044 1955 1133 habere

156 1157 283 1265 possit
312 1154 522 1237 commoda
552 1183 622 1237 seu
666 1156 799 1237 exitus
827 1159 900 1266 qui
942 1158 1151 1266 wlgariter
1184 1075 1378 1239 dicuntur
1421 1146 1611 1265 vtudglrir
1640 1157 1857 1269 inauras,
1901 1156 1956 1241 ad

157 1294 336 1377 pascum.
354 1266 421 1349 uel
449 1266 649 1363 insibus,
677 1267 784 1369 Volo
811 1268 934 1349 eciam
965 1286 1008 1349 vt
1036 1272 1146 1352 dicto
1176 1268 1238 1349 Ma
1271 1270 1369 1349 istro
1390 1262 1540 1347 andree
1567 1264 1770 1365 defuncto,
1798 1264 1850 1347 ud
1870 1264 1954 1349 lra-

151 1393 257 1459 t'rem
286 1403 418 1459 meum
446 1379 633 1486 superius
662 1380 927 1476 nominatum,
956 1380 1021 1460 uel
1048 1374 1101 1461 ad
1129 1380 1215 1461 eius
1242 1299 1405 1473 donas,
1435 1379 1635 1459 nominata
1666 1376 1861 1487 possessio
1889 1406 1953 1472 ro·

150 1488 247 1573 dest
276 1491 390 1587 aista
426 1488 548 1597 pleno
577 1492 682 1586 iure,
710 1488 751 1570 Si
780 1506 913 1570 autern
943 1494 1054 1601 quod
1086 1492 1190 1573 absit
1209 1494 1345 1599 sepius
1360 1491 1608 1571 nominatum
1621 1486 1790 1571 vfratrem
1807 1506 1951 1587 merim,

110 1598 114 1602 ’
149 1620 244 1682 ante
276 1617 444 1681 mortem
474 1600 668 1708 sepedicti
710 1603 889 1710 magistri
919 1600 1087 1699 artdree‚
1123 1604 1209 1684 siue
1255 1602 1395 1685 liberis·
1422 1601 1474 1681 ab
1504 1598 1581 1679 boc
1610 1598 1747 1680 seculo
1788 1602 1951 1683 euocari

146 1712 385 1819 contigerit,
413 1727 511 1791 tunc
540 1710 634 1790 volo
660 1721 785 1824 ¹atque
812 1713 982 1807 ordino,
1010 1713 1120 1824 quod
1138 1715 1273 1823 sepius
1290 1713 1460 1823 repetita
1493 1710 1701 1820 possessio,
1731 1710 1872 1809 Nista,
1889 1738 1951 1793 se·

146 1822 328 1904 cundum
357 1820 644 1903 discrecionetu
670 1820 782 1905 dicto
802 1823 1007 1933 'Magistro
1033 1824 1183 1905 andree
1211 1852 1233 1905 a
1263 1822 1340 1903 deo
1369 1820 1594 1930 datampro
1616 1822 1749 1902 anima
1767 1836 1950 1929 nostrum

138 1930 330 2029 ‘omnium
360 1930 568 2016 diuidatur
595 1936 645 2015 la
675 1936 802 2015 Cuius
830 1932 1204 2031 laetieuidenciarm
1234 1930 1418 2039 sigilium
1449 1954 1578 2013 meum
1603 1954 1697 2013 cunt
1724 1932 1858 2041 sigillo
1886 1928 1950 2015 di·
2023 1930 2026 1948 '

145 2044 242 2127 lecti
271 2043 407 2125 fratris
450 2046 550 2139 mei,
579 2046 835 2152 presentibus
883 2063 944 2125 est
987 2074 1230 2155 appensum,
1274 2047 1420 2125 Datum
1465 2040 1619 2153 vpsulle
1649 2070 1756 2125 anno
1783 2040 1949 2127 domini.
2031 2078 2035 2095 ·

147 2152 371 2257 blilleslmo,
401 2154 570 2238 .C·Cc‘.
601 2155 801 2237 Secundo.
829 2150 1134 2239 Terciodecimn
1161 2154 1346 2261 ¹kalendis
1375 2154 1498 2264 Junij.

749 2298 818 2361 Tit
840 2299 920 2381 siglll
943 2299 1055 2379 flauas,
1084 2302 1177 2383 algol
1198 2296 1347 2361 stadade.

149 2674 329 2848 ’13651ν
780 2739 930 2851 1302
978 2743 1149 2891 d.·19
1196 2742 1326 2851 luni
1389 2723 1393 2735 ⁴

142 2977 145 2982 ⁴
223 2996 373 3078 uotopen
402 2993 685 3066 twearertaam
712 2994 914 3067 litura-ason
944 2963 1184 3063 monstretur
1214 2997 1405 3081 maurane,
1438 3015 1507 3061 m
1540 2996 1580 3082 pt
1610 2992 1688 3060 vsu
1709 2993 1860 3080 {satagat
1882 2994 1941 3064 te-
2100 3049 2102 3056 J
2146 3023 2152 3039 .

273 3083 348 3164 siila
369 3078 497 3160 Sigtuut
519 3078 764 3164 kloster-lyris.
886 3073 910 3102 ‘²
2041 3101 2043 3106 .

1626 3249 1627 3254 ,
1685 3189 1804 3248 Me.

165 3456 174 3468 ‚
253 3358 463 3444 Vniuersis
497 3379 700 3470 presentes
728 3361 888 3442 litteras
913 3361 1165 3470 inspecturis.
1208 3361 1414 3442 Nicomns
1444 3357 1523 3470 Dej
1548 3361 1683 3472 grauia
1715 3359 1941 3470 Episcopus

140 3473 366 3557 arusiensis.
406 3471 583 3554 Salutem
612 3475 654 3552 in
683 3467 850 3555 domino
877 3477 1174 3582 sempiternam.
1227 3465 1340 3554 Licet
1367 3469 1402 3580 js
1431 3475 1505 3553 Sto.
1540 3475 1622 3554 lilla
1649 3473 1740 3554 med
1757 3465 1941 3579 fia'regda

140 3586 239 3668 ende
270 3586 348 3666 Nm
375 3585 457 3680 435
484 3585 551 3666 till
575 3585 780 3692 aptiores.
800 3583 1020 3694 Cupientes
1035 3585 1173 3694 igitur,
1203 3602 1245 3664 vt
1273 3581 1437 3664 ecelesia
1462 3582 1741 3692 religiosorum
1758 3583 1990 3670 virorum'

142 3695 312 3776 fratrum
341 3692 642 3778 Predicatorum
669 3696 861 3790 aictunie,
889 3693 934 3802 jn
964 3692 1160 3777 honorem
1203 3695 1427 3776 beatissime
1464 3696 1586 3788 marie
1614 3691 1784 3802 virginis
1825 3691 1939 3774 dedi·
1990 3751 1994 3758 .

139 3823 249 3905 cata,
277 3806 468 3913 congruis
495 3805 741 3902 honoribus,
775 3821 818 3886 et
844 3804 1069 3887 deuocione
1099 3803 1240 3914 populi
1272 3806 1573 3915 frequentetur,
1602 3803 1802 3888 Omnibus
1843 3829 1938 3886 vere
2054 3891 2062 3910 x

140 3916 428 4000 confitentibus
454 3932 496 3998 et
523 3916 815 4027 confessisqui
830 3915 996 3997 eandem
1019 3916 1245 4013 ecclesiam,
1269 3915 1315 4023 jn
1342 3913 1952 4012 anniuersario‚,dedicaeionis·

141 4027 383 4138 dicipulus,
411 4043 451 4108 et
480 4054 607 4140 usque
634 4025 685 4108 nd
713 4037 809 4110 octo
837 4023 923 4108 dies
968 4043 1209 4136 sequentes,
1250 4029 1302 4107 Et
1339 4028 1383 4108 in
1418 4023 1607 4106 omnibus
1650 4021 1937 4111 festiuitatibut

140 4144 258 4223 beate
286 4139 471 4244 virginis,
500 4156 541 4219 et
571 4140 688 4220 beate
715 4139 840 4220 llario
882 4135 1135 4244 magdalene,
1163 4156 1204 4219 et
1233 4137 1350 4220 beate
1379 4133 1580 4241 buteriae,
1615 4137 1678 4242 Et
1706 4136 1747 4216 in
1776 4135 1936 4226 sollem-
1969 4212 1974 4219 ,

141 4250 334 4334 nitatibus
363 4249 575 4332 beatorum
605 4251 813 4358 augustini
837 4265 879 4332 et
907 4249 1109 4330 Dominiei
1146 4247 1437 4346 confessorum,
1475 4275 1521 4328 ac
1559 4247 1663 4328 beati
1694 4243 1805 4328 Petri
1833 4274 1936 4330 mar·

135 4365 264 4471 tysis,
289 4362 459 4444 Necnon
488 4364 531 4442 in
559 4359 733 4442 secunda
770 4359 836 4444 die
878 4359 1113 4447 Natiuitatis
1155 4362 1321 4442 domiui.
1359 4359 1508 4440 Pusulae
1547 4375 1587 4440 et
1631 4349 1936 4456 tentatores,

136 4501 229 4557 cuns
271 4473 504 4557 reuereacia
532 4489 573 4554 et
616 4473 772 4560 bonore
792 4472 1064 4563 ‚visitantum
1123 4473 1191 4564 De
1224 4471 1512 4582 omnipotentis
1553 4461 1621 4552 dei
1660 4464 1935 4552 misericordia

20 4630 28 4642 s
136 4584 289 4667 oorsfisi
326 4583 604 4692 Quadraginta
634 4581 720 4664 dies
746 4582 801 4664 de
828 4583 1020 4664 iniunctis
1057 4583 1136 4664 sibi
1179 4582 1419 4692 penitenciis
1460 4577 1775 4662 misericorditer
1815 4582 1934 4675 annis

136 4696 306 4804 singulis
334 4695 567 4776 relaxamus.
595 4691 816 4775 dummodo
845 4721 918 4804 per
946 4694 1214 4776 venerabilem
1259 4697 1414 4774 Patrem
1443 4692 1653 4772 dominum
1681 4683 1931 4802 upsalensem

134 4812 180 4890 in
210 4809 325 4888 cuius
351 4805 514 4916 dyocesi
543 4803 639 4886 dicti
668 4805 815 4886 fratres
835 4805 1009 4914 degunt,
1037 4805 1233 4886 ratificate
1250 4805 1400 4885 luerint
1416 4799 1674 4911 indulgencie
1701 4821 1930 4884 memorate.

134 4923 187 5000 lu
216 4913 331 5000 euius
360 4919 419 5000 rei
439 4916 731 5015 testimonium,
759 4915 946 5026 Sigillum
959 4933 1143 5010 nostrum
1158 4913 1411 5026 presentibus
1438 4928 1502 4996 cst
1528 4941 1755 5025 appensam
1782 4911 1933 4996 Datum
2063 4971 2068 4984 ,
