4317 5975
829 420 1249 523 ⁵¹05.-

13 878 15 927 ῑ
136 862 142 871 ’
221 870 348 955 Tilllgg
368 869 417 935 till
439 869 626 957 ldmglende
647 872 727 958 brer,
746 886 829 939 sumt
849 873 1109 963 ffirteckuingsspl
1129 873 1248 967 Upsnln
1269 874 1468 978 Domkyrlns
1487 872 1666 941 neussende
1686 872 1920 960 leidringen·

1566 1021 1815 1096 mserum

148 646 319 757 1032.
781 688 930 800 1291

12 1034 15 1143 l

274 1158 380 1239 Jtem
410 1155 454 1238 in
482 1156 675 1268 parochia
704 1160 905 1244 merchem
933 1161 1029 1246 villa
1057 1160 1188 1271 berby
1213 1162 1390 1245 contulit
1416 1188 1544 1244 sueno
1570 1150 1636 1242 sili
1663 1162 1706 1243 in
1729 1191 1803 1244 sun
1827 1178 1948 1244 testae

341 1284 480 1350 mento
516 1271 599 1351 ΝΙ.
634 1298 728 1355 oras
763 1290 882 1356 terre.
910 1273 1024 1385 quod
1040 1269 1337 1357 'testamentum
1364 1274 1516 1356 habent
1545 1273 1688 1354 fratres
1716 1275 1858 1355 sicton.
1895 1274 1946 1357 de

306 1375 309 1383 ’
338 1380 429 1571 {stis
466 1380 530 1465 Ν.
565 1408 659 1469 oras
694 1385 874 1497 possidet
909 1386 1062 1471 fabrica
1089 1386 1255 1471 ecclesie
1278 1403 1417 1467 nostre
1443 1392 1485 1468 &
1514 1414 1632 1469 unam
1659 1412 1773 1467 oram
1802 1385 1949 1470 fratres

239 1562 246 1569 .
370 1504 492 1575 roton.
886 1510 891 1526 ⁴

11 1728 12 1737 p
256 1630 319 1715 Ex
346 1650 464 1741 purte
493 1634 671 1719 Ecclesic
699 1634 835 1721 'debita
864 1638 1097 1750 recipienda
1133 1666 1245 1721 auno
1278 1636 1436 1722 domini
1467 1638 1542 1722 Μ’.
1559 1638 1680 1721 C·c·.
1697 1638 1788 1722 XC‘
1806 1640 1837 1721 Ι.
1872 1642 1950 1723 Jsti

11 1762 13 1839 ὲ
138 1742 389 1825 tenebantur
434 1746 606 1855 obligati
642 1750 795 1841 fabrine
828 1754 996 1833 ecclesie
1030 1750 1264 1859 upsalensis.
1299 1753 1477 1833 Primum
1514 1750 1670 1832 Olauus
1705 1752 1749 1831 in
1784 1748 1951 1831 seffium
2027 1774 2038 1813 ³

10 1850 13 1919 l
140 1882 225 1965 pro
255 1884 474 1938 annonona
503 1875 666 1968 recepta
696 1864 740 1942 in
767 1878 888 1973 tyerp
917 1879 998 1945 tres
1026 1891 1192 1944 marcas.
1221 1893 1313 1945 cum
1343 1891 1437 1945 una.
1465 1889 1539 1943 ora
1566 1860 1835 1945 denariorum.
1872 1890 1950 1972 pro

140 1966 222 2051 hiis
250 1968 560 2077 inpingnorauit
589 1974 633 2051 in
660 1972 826 2055 Sellium
853 1974 1027 2057 solidum
1057 1991 1177 2054 terre.

256 2081 454 2162 Dominus
480 2083 661 2165 Karolus
687 2084 900 2195 gpstafsuu
927 2086 1070 2171 ,XXX
1099 2086 1285 2170 Marchas
1311 2112 1390 2199 pro
1415 2100 1660 2167 testamento
1686 2082 1844 2195 dominj
1879 2087 1948 2165 Jo-

139 2188 291 2271 hannis
319 2190 525 2301 filippsun.
556 2231 558 2239 ·

256 2302 481 2384 Gilibertus
509 2306 553 2384 in
582 2304 735 2414 Stroby
762 2304 854 2389 XII·
882 2336 973 2389 oras
999 2306 1273 2389 denariorum.
2126 2386 2134 2402 ,

255 2416 431 2523 Asgotus
458 2431 574 2498 sutor
602 2418 839 2527 vpsaliensis
866 2420 971 2501 ‚llll
1008 2420 1166 2501 mareas
1206 2417 1361 2529 recepit
1403 2444 1481 2528 pro
1507 2418 1701 2528 operibus
1728 2416 1949 2527 inpingno·
2042 2414 2056 2432 ⁸

141 2525 256 2606 rauit
282 2523 424 2605 domos
450 2554 554 2607 suus.

259 2638 458 2718 Dominus
486 2638 659 2731 ildricus
701 2636 752 2721 de
798 2638 1122 2724 Solandntunum
1165 2638 1299 2723 XXX.
1340 2638 1510 2723 Marsas.
1557 2664 1684 2749 super
1725 2636 1789 2719 .Χ.
1830 2635 1948 2721 solid.

140 2764 253 2829 terre
276 2749 320 2827 in
347 2746 591 2831 Skieldinor.
669 2748 675 2763 '
982 2820 987 2825 .

256 2860 452 2940 nominas
480 2861 689 2971 philippus
721 2858 863 2956 finuidi
898 2860 1075 2970 primum
1115 2856 1281 2944 tenetur
1321 2861 1500 2944 Ecclesie
1545 2858 1648 2943 XIX
1688 2860 1810 2941 Marc.
1856 2870 1950 2940 cum

141 2969 311 3053 dimidia
340 2969 479 3053 denar.
509 3003 586 3083 pro
614 3000 777 3053 annona
806 2993 967 3082 receptu
995 2972 1067 3055 diu
1095 3003 1145 3057 u.
1173 2971 1340 3054 domino
1375 2976 1553 3056 Decano.
1582 2974 1688 3054 Jtem
1716 2987 1878 3051 tenetur
1906 2971 1951 3049 in

141 3083 237 3164 XII.
268 3083 390 3165 Marc.
418 3083 558 3166 denar.
587 3086 679 3168 Vll.
709 3085 780 3165 sol.
812 3087 943 3166 minus
981 3115 1058 3196 pro
1094 3113 1255 3167 annona
1292 3102 1455 3193 recepta
1493 3113 1516 3164 a
1550 3083 1717 3164 domino
1753 3079 1950 3163 briiuullo

145 3195 190 3276 in
220 3196 338 3303 garni
367 3196 471 3277 Jtem
498 3210 659 3278 tenetur
687 3197 728 3276 in
757 3197 818 3280 X.
847 3225 967 3278 mare.
996 3226 1075 3308 pro
1123 3223 1289 3277 annona
1332 3211 1494 3306 recepta
1530 3224 1553 3276 a
1589 3193 1757 3276 domino
1798 3189 1984 3272 andren=

143 3306 191 3416 jn
221 3303 406 3414 srdsvndj
432 3333 510 3416 pro
539 3307 617 3387 hiis
645 3307 953 3418 inpingnnrauit
983 3305 1172 3417 predium
1199 3335 1330 3387 suum.
1360 3309 1402 3389 in
1430 3307 1603 3390 Finzsta.
1639 3303 1823 3386 videlicet
1858 3301 1950 3386 XII.

145 3418 221 3498 sol.
250 3434 371 3500 terre.
400 3421 532 3500 minus
559 3420 620 3500 Ν.
647 3417 776 3500 denar
804 3436 921 3500 terre.
951 3421 1057 3502 Jtem
1085 3419 1190 3500 idem
1225 3415 1417 3502 dominus
1460 3433 1624 3499 tenetur
1666 3443 1742 3526 pro
1787 3425 1951 3495 annona

144 3545 311 3638 recepta
340 3531 383 3609 in
404 3528 564 3638 husa·by
592 3529 748 3610 arlandi
776 3558 853 3639 pro
882 3529 1047 3612 dimidia
1079 3529 1177 3611 lesta
1204 3546 1300 3611 octo
1341 3557 1461 3610 marc.
1501 3557 1626 3640 super
1668 3525 1855 3637 predium
1897 3531 1950 3608 si·

144 3639 295 3721 militer
323 3641 367 3721 in
395 3639 427 3718 F
430 3641 569 3722 inzsta.
597 3641 750 3723 scilicet
778 3641 1094 3724 .11.s01.&.X.
1123 3642 1264 3723 denar.
1291 3655 1411 3722 terre.

260 3752 368 3832 Jtem
397 3750 590 3834 botuidus
618 3754 661 3833 in
689 3751 854 3834 Sellium
883 3769 1044 3833 tenetur
1074 3783 1150 3863 pro
1178 3780 1341 3833 annona
1370 3753 1414 3832 in
1441 3749 1567 3861 valby
1593 3766 1676 3832 tres
1710 3749 1834 3832 Marc.
1872 3771 1949 3857 pro

146 3861 301 3975 quibus
329 3862 639 3972 inpingnorauit
666 3863 842 3945 solidum
870 3879 978 3945 terre
1007 3865 1048 3944 in
1077 3865 1254 3945 Sellium.

258 3975 367 4054 Jtem
401 3973 587 4056 Matheus
622 3975 665 4055 in
701 3975 959 4055 Striimistum
1005 3991 1167 4056 tenetur
1201 3975 1412 4084 antiquum
1449 3971 1631 4053 debitum
1673 3997 1750 4080 pro
1790 3997 1950 4051 annona

145 4079 253 4169 .ΙΙΙῙ.
284 4084 405 4166 Marc.
434 4084 743 4196 inpingnprauit
770 4081 945 4166 solidum
973 4104 1079 4166 terre
1110 4089 1150 4166 in
1184 4085 1443 4193 Strymistum
1479 4111 1573 4164 cum
1610 4083 1672 4165 Ν.
1707 4080 1797 4164 den.
1832 4098 1951 4163 terre.

8 4226 9 4250 ³
145 4199 252 4280 Jtem
282 4195 575 4304 Rangnualdus
601 4198 643 4276 in
674 4216 881 4307 pusetrum
908 4197 1012 4277 ‚IIIL
1042 4197 1163 4277 Marc.
1193 4196 1285 4278 den.
1315 4221 1392 4304 pro
1420 4221 1593 4275 annona.

108 4327 122 4346 “
259 4308 471 4414 Hospitale
501 4309 751 4418 Enicopense
779 4311 826 4389 in·
851 4305 1010 4388 duabus
1041 4307 1148 4388 lestis
1176 4335 1337 4402 annone
1375 4307 1436 4388 X.
1475 4305 1618 4387 modiis
1655 4305 1786 4387 minus
1823 4299 1952 4382 valuit

8 4511 9 4520 Ν
148 4439 247 4503 tunc
292 4416 449 4500 modius
488 4421 751 4532 Enicopensis
792 4447 907 4500 oram
949 4418 1211 4500 denariorum
1246 4420 1330 4500 erit
1371 4447 1469 4528 ergo
1511 4445 1665 4528 summa
1710 4415 1817 4497 illius
1859 4413 1952 4495 XX.

8 4559 9 4580 ¹
145 4531 270 4614 Marc.
297 4556 371 4611 ora
401 4533 544 4614 miuus.
979 4553 983 4559 ·

146 4749 426 4768 Ἥ

189 4847 216 4922 *)
237 4839 279 4904 dr
300 4842 372 4903 med
393 4862 431 4904 en
454 4862 554 4904 sunau
577 4833 661 4904 lisnd
682 4841 803 4905 skrilvit
824 4842 843 4903 d
864 4839 1015 4904 balsidcn
1036 4839 1073 4903 sl
1090 4838 1275 4921 lis'reglende
1296 4836 1376 4900 brer.
1438 4911 1447 4924 ,

309 4991 355 5044 sv.
384 4991 502 5063 upum.
528 4989 569 5043 11.
