4317 5975
677 394 1188 540 tasas-'-

97 630 390 745 ingratitudinis
417 634 522 715 vicio
565 584 749 715 laborabo
777 658 861 715 non
889 635 1089 716 immerito
1130 640 1381 717 censeantur.
1437 638 1704 745 Quapropter
1739 660 1791 715 nc
1820 634 1881 719 iu·

95 744 345 855 gratitudinis
372 745 604 827 huiusmodi
634 746 738 825 vicio
767 743 921 826 iudicer
949 744 1126 826 obnoxia
1155 743 1417 827 consideratis
1445 747 1647 829 immensis
1677 774 1724 828 ac
1745 740 1881 827 diuer-

95 863 143 941 sis
168 858 323 939 solnciis
352 884 432 966 que
461 841 829 957 dilectusmaritus
871 884 981 939 meus
1012 858 1180 938 dilectus
1205 853 1392 937 dominus
1410 857 1595 939 abernus
1621 874 1882 966 syxstensson
1978 894 1988 906 ·
2076 842 2081 857 ’

94 972 264 1079 milripcr
288 972 481 1070 officiam
495 968 718 1076 coniugalis
745 970 943 1050 'societatis
972 964 1212 1076 inpenderat
1226 984 1341 1074 grata
1356 967 1530 1078 quadam
1552 969 1882 1051 vicissitudine&

92 1081 462 1188 recompensacione
476 1096 601 1189 prout
629 1097 770 1163 teneor
798 1080 875 1161 sibi
890 1082 1011 1189 cupio
1029 1075 1274 1187 respondere
1288 1104 1339 1157 ex
1353 1100 1553 1162 consensu
1567 1087 1608 1161 8(
1622 1081 1881 1190 beneplacito
1941 1163 1948 1175 ,

89 1192 223 1277 dilecti
238 1192 401 1299 cognati
418 1193 494 1271 mei
524 1190 677 1273 domiui
706 1191 770 1273 Th
785 1192 1000 1279 Koutzson
1031 1189 1197 1271 illustris
1212 1191 1316 1295 regis
1337 1192 1506 1273 sweehie
1520 1196 1734 1286 marscalci
1747 1188 1880 1304 inquo
1978 1183 1982 1191 ’

89 1330 265 1410 magnam
281 1302 408 1391 habai
424 1300 605 1383 fiduciam
618 1308 657 1383 8(
665 1303 879 1413 predilecti
894 1302 1031 1385 fratris
1046 1303 1123 1382 mei
1135 1302 1309 1411 philippi
1319 1300 1458 1383 alfson
1472 1330 1518 1384 ac
1533 1306 1637 1412 petri
1648 1301 1880 1413 rangwatd

88 1442 160 1499 sou
176 1417 336 1521 cognati
351 1418 391 1493 8(
412 1414 654 1523 responsalis
669 1411 815 1497 dilecte
830 1415 909 1495 filie
925 1442 1010 1495 mee
1026 1413 1221 1521 birghitte
1242 1440 1339 1493 sana
1355 1441 1527 1522 corpore
1540 1442 1719 1525 sanaque
1750 1432 1880 1501 mente
1959 1493 1963 1500 .
2022 1502 2025 1510 ,

51 1614 58 1618 ,
90 1554 161 1607 uec
190 1524 320 1605 illecta
350 1550 424 1605 nec
446 1525 611 1607 inducta
628 1527 763 1608 verbis
777 1534 1039 1636 cuiuscunque
1064 1526 1183 1607 aede
1213 1584 1382 1606 .....
1409 1526 1656 1635 beraeplacito
1677 1555 1724 1611 ac
1755 1524 1880 1614 libera

90 1636 295 1717 voluntate
322 1634 489 1717 domiuo
516 1639 670 1719 aberno
700 1641 845 1720 marito
875 1666 963 1719 meo
991 1638 1141 1719 dilecto
1169 1637 1202 1716 si
1231 1636 1320 1745 ipso
1356 1641 1646 1744 superuiueute
1684 1664 1750 1725 tuo
1776 1638 1881 1725 mori

89 1748 300 1855 contigerit
328 1748 414 1829 sina
444 1748 558 1857 prole
586 1777 637 1832 ex
668 1750 787 1832 nobis
846 1750 1028 1858 rogauita
1058 1747 1274 1859 superstite
1303 1762 1402 1827 tunc
1429 1748 1516 1829 siue
1544 1776 1630 1829 non
1649 1750 1880 1835 curiasma·

88 1886 126 1939 as
152 1858 398 1967 subscriptas
435 1857 635 1941 ¹videlicet
677 1778 857 1943 clastadlr
885 1920 895 1941 .
924 1924 932 1941 .
961 1888 1051 1943 cam
1079 1867 1194 1968 agris
1216 1866 1347 1970 pratis
1373 1862 1486 1941 siluis
1514 1862 1671 1968 pascuis
1700 1860 1882 1969 piscariis

87 1970 238 2051 colonis
267 1975 307 2049 8(
334 1968 574 2052 molendinis
602 1971 644 2052 in
674 1970 872 2053 lindaiors
899 1999 946 2053 ac
975 1973 1186 2081 piscaturis
1214 1998 1306 2057 cum
1336 1971 1711 2057 ceterismobilibus
1739 1976 1780 2052 8(
1806 1972 1881 2052 im·

90 2080 303 2163 mobilibus
343 2081 394 2163 ad
439 2080 586 2164 dictam
615 2084 768 2165 curiam
805 2084 1120 2192 pertinentibus,
1162 2082 1386 2190 haroxtorp
1414 2141 1581 2165 .....
1619 2084 1765 2193 ‚agris
1786 2110 1881 2191 pra·
1971 2134 1980 2146 ·

89 2192 288 2275 sissituis
334 2194 495 2301 pascuis
540 2252 756 2277 ......
800 2195 901 2277 ortis
945 2193 1164 2277 mobilibus
1205 2220 1253 2275 ac
1295 2192 1569 2275 immobilibus
1613 2197 1671 2276 ad
1716 2196 1905 2277 eandem.

88 2310 253 2407 curiam,¹
279 2304 570 2414 pertinentibus
613 2364 789 2389 .....
830 2334 920 2387 cum
966 2303 1205 2409 molendinis
1233 2305 1274 2384 in
1304 2304 1499 2419 motalum
1528 2308 1568 2385 8(
1596 2307 1774 2413 piscariis
1802 2304 1880 2387 ibi·

86 2414 175 2497 dem
218 2415 389 2495 haranes
432 2444 523 2503 cum
565 2415 720 2497 colonis
762 2424 802 2499 8(
843 2419 1030 2499 omnibus
1080 2416 1257 2499 eiusdem
1299 2418 1412 2497 curie
1455 2416 1684 2498 attinenciis
1723 2422 1765 2497 8(
1806 2416 1880 2499 do·

89 2529 292 2609 racionem
335 2522 454 2637 qaam
497 2534 539 2609 in
580 2532 759 2621 crastino
800 2536 1036 2641 nupciarum
1077 2550 1307 2613 nostrarum
1352 2528 1573 2635 assignauit
1616 2558 1692 2639 que
1733 2530 1881 2609 anam

90 2639 392 2747 morglaongioef
433 2647 521 2723 iura
568 2642 730 2748 penitus
778 2670 827 2721 ac
878 2640 1202 2735 irreuocabiliter
1242 2637 1504 2747 possidendas
1530 2638 1798 2721 'transferens
1838 2640 1881 2723 itt

90 2753 216 2861 ipsum
258 2748 466 2858 dominum
495 2756 535 2830 8(
563 2748 730 2831 heredes
766 2751 892 2859 ipsius
921 2754 1166 2863 quicumque
1210 2751 1361 2833 luerint
1390 2749 1613 2831 dominium
1642 2752 1879 2860 septenam

91 2875 324 2970 potestatem
366 2892 434 2943 seu
475 2862 765 2971 proprietatem
809 2870 1044 2943 mimoratas
1088 2864 1221 2944 curias
1247 2866 1288 2942 8(
1316 2861 1422 2942 bona
1460 2860 1690 2969 possidendi
1717 2862 1884 2970 regendi

20 3045 24 3054 .
75 2974 358 3064 ,commutandi
390 2972 592 3056 vendendi
630 3033 681 3053 ..
713 3033 722 3054 .
753 2978 793 3054 8(
820 2973 1038 3057 ordinandi
1067 2972 1356 3057 adarbitrium
1386 2971 1801 3082 proprievoluntatis
1836 2968 1881 3052 si

90 3111 178 3166 vero
211 3083 364 3166 dictum
394 3083 600 3167 dominum
632 3111 782 3182 mcum,
812 3090 852 3165 8(
882 3089 1066 3168 maritum
1098 3085 1347 3166 karissimum
1377 3112 1439 3166 me
1466 3085 1754 3190 superui-uento
1776 3084 1881 3164 mori

91 3193 296 3303 contingai
337 3196 445 3281 bona
474 3202 607 3292 omnia
635 3215 977 3305 supermemorato
1019 3198 1115 3278 mihi
1148 3202 1192 3278 8(
1217 3192 1431 3276 heredibus
1473 3195 1569 3275 meis
1603 3195 1698 3275 volo
1725 3195 1880 3305 absque

91 3307 320 3418 calumpnia·
331 3328 371 3391 et
392 3309 648 3416 impeticione
662 3307 844 3418 qualibet
860 3311 1060 3408 retinere,
1103 3307 1168 3390 Ad
1200 3307 1322 3396 buius
1355 3307 1481 3412 igitur
1518 3304 1754 3388 donacionis
1793 3306 1879 3387 eui·

90 3417 263 3502 denaiam
311 3447 357 3506 ao
394 3419 552 3529 plenam
584 3425 622 3500 8(
651 3419 968 3527 irrefragabilem
1012 3420 1240 3501 firmitatem
1282 3415 1458 3526 sigillum
1503 3443 1653 3514 meum,
1681 3415 1881 3525 &sigilla

91 3529 407 3639 supradictorum
438 3528 625 3610 videlicet
652 3529 806 3616 domiai
846 3531 910 3612 Th
935 3532 1135 3612 knutsons
1179 3532 1345 3613 illustris
1372 3533 1639 3636 rogassem
1672 3532 1884 3611 marscalci
1938 3556 1969 3625 ῃ
2070 3534 2074 3543 ’

92 3642 256 3752 philippi
299 3641 472 3722 vllssons
500 3638 635 3721 dilecti
664 3639 800 3724 fratris
830 3645 904 3724 mei
934 3673 979 3724 ac
1009 3643 1173 3725 discreti
1201 3643 1276 3721 viri
1308 3640 1412 3750 petri
1441 3638 1766 3747 rangwaldssous
1787 3667 1880 3748 pre·

91 3756 268 3835 sentibus
295 3770 389 3842 sunt
416 3779 610 3862 appensa,
636 3752 824 3834 Ceterum
857 3768 901 3834 vt
930 3753 1004 3834 hec
1034 3783 1120 3834 mea
1148 3753 1322 3854 donacio
1351 3749 1626 3832 irreuocabilis
1666 3753 1880 3832 existat&
1963 3739 1971 3764 Χ

1 3899 2 3902 ¹
93 3884 324 3974 perpetuum
354 3864 481 3945 robur
510 3867 690 3972 optineat
707 3866 929 3971 firmitatis
952 3865 1120 3946 illustris
1134 3863 1286 3944 domini
1315 3861 1345 3941 B
1372 3890 1565 3942 siccorum
1578 3860 1878 3970 gothorumque
1962 3911 1973 3955 ς,
2103 3951 2143 3976 ‘⁴

92 3980 192 4086 regis
224 3977 379 4058 litteras
407 3975 609 4055 humiliter
638 3991 733 4082 peto
761 3977 802 4054 in
831 3971 981 4085 quibus
1010 3977 1096 4082 ipse
1123 3977 1226 4069 hanc
1255 3999 1380 4054 meam
1409 3967 1669 4054 donacionem
1695 3971 1879 4067 ratificat,

69 4091 128 4167 .&
154 4087 385 4184 confirmet,
414 4087 529 4168 cuius
568 4084 734 4166 interest
761 4085 982 4168 seeundum
1013 4087 1120 4194 leges
1148 4085 1263 4194 regni
1291 4084 1397 4164 iusta
1426 4081 1708 4164 moderacione
1736 4097 1879 4188 proes-
1950 4127 1960 4157 t

93 4196 177 4282 dere
205 4210 325 4282 casus
346 4204 393 4284 8(
419 4199 611 4280 aremulus
672 4227 817 4308 uosque
846 4199 886 4278 in
916 4223 1042 4308 regno
1070 4212 1319 4306 emergentes
1346 4210 1471 4304 prout
1497 4192 1577 4274 sibi
1604 4192 1810 4274 ridebitur
1836 4197 1878 4273 8(
1946 4223 1954 4238 .

94 4309 278 4420 expedire
320 4308 555 4392 dinoscatur
596 4227 783 4392 ordinare
811 4310 960 4394 Datum
989 4315 1029 4389 8(
1057 4328 1189 4391 actum
1218 4333 1328 4388 anno
1356 4303 1509 4386 domiui
1534 4303 1615 4402 Μ’,
1643 4304 1760 4402 CCQ.
1778 4302 1874 4386 XC·

94 4440 196 4504 sexto
226 4425 278 4502 Jn
307 4419 373 4502 die
401 4422 528 4502 sancti
555 4418 729 4504 siluestri
758 4447 864 4530 pape
893 4428 932 4502 8(
960 4419 1197 4531 confessoris
1225 4416 1492 4512 stokholmia„

215 4791 262 4846 ss.
279 4795 401 4869 aspa-s.
417 4795 459 4849 rr.
