4317 5975
963 393 1021 416 -
1107 349 1212 481 ese
1279 311 1379 416 ’-

272 579 418 659 fratres
446 571 499 656 ab
529 573 756 655 incursibus
786 571 1052 678 malignorum
1083 568 1306 655 defendatis
1335 571 1470 655 taliter
1503 569 1616 682 quod
1644 571 1880 656 ‘defensores
1914 567 2030 668 iusticie

176 731 180 739 ·
270 718 319 770 ac
348 687 506 795 pietatis
537 685 761 794 prebemini
803 700 1000 762 amatores
1036 682 1239 792 deumque
1282 684 1398 765 vobis
1444 684 1669 791 propicium
1716 703 1763 776 et
1783 711 1855 766 nos
1892 692 2030 778 reddatis

271 797 517 880 fauorabiles
545 813 585 874 et
614 795 810 904 benignos
840 797 986 874 Datum
1018 795 1207 875 Aninion.
1239 799 1366 875 tercio
1404 821 1530 874 nonas
1558 797 1796 904 septembris
1818 803 2032 908 pontificatus

183 918 187 924 ’
271 912 401 991 nostri
431 935 538 989 anno
565 911 641 1004 Δεο.
1593 919 1599 930 ·
1681 913 1689 925 ·

273 1297 450 1425 1634.
734 1380 738 1386 -
905 1296 1054 1442 1309
1102 1295 1150 1400 d.
1195 1337 1234 1452 9
1279 1291 1391 1400 Oct.
1518 1263 1519 1268 .
1567 1342 1572 1352 ·

290 1535 295 1546 .
354 1485 552 1550 Matalalben
574 1483 675 1546 Joban
700 1483 1147 1553 Kallsebia.Ceers1ssoch
1171 1485 1284 1548 henues
1306 1505 1375 1561 son,
1397 1485 1494 1566 ianoe
1516 1483 1618 1568 Ksus
1640 1484 1812 1568 uppldtelse
1837 1485 1873 1546 ei
1897 1486 1976 1550 deun
1998 1501 2042 1556 rttl

333 1590 335 1603 ¹
404 1571 498 1631 iden
521 1569 605 1651 jord,
629 1567 754 1648 betsgen
778 1569 817 1649 pt
840 1566 1099 1646 Laudamur-ken,
1138 1589 1202 1629 som
1225 1569 1372 1630 Deianeu
1395 1567 1497 1628 iuben
1531 1569 1613 1632 Kals
1639 1569 1715 1652 topi
1747 1568 1805 1630 oeb
1827 1569 1912 1650 gifvit
1934 1573 1972 1632 till
1998 1573 2041 1636 dea

406 1651 579 1739 prebende,
602 1649 726 1712 hvillen
748 1648 940 1734 irkebisiop
961 1649 1064 1712 tatob
1087 1651 1189 1712 stiltet
1210 1651 1257 1713 tor
1279 1651 1388 1731 lattige
1409 1651 1603 1712 moderanda.
1794 1729 1815 1785 B
1842 1750 1868 1788 Γ
1888 1733 1939 1790 156,

309 1856 311 1862 ’
384 1837 578 1917 Omnibus
615 1849 820 1941 presentes
850 1831 999 1913 litteras
1024 1834 1262 1940 inspecturis
1305 1835 1479 1915 Cecttts.
1512 1834 1646 1914 relicta
1678 1832 1882 1944 quondam
1924 1839 2044 1922 domini

271 1951 458 2062 johannis
487 1947 584 2026 dieti
614 1944 724 2024 tattf.
756 1944 920 2023 illustris
949 1946 1054 2048 regis
1083 1943 1277 2030 danorum
1309 1945 1548 2025 rnarskalehi
1578 1961 1619 2026 et
1642 1945 1746 2025 filius
1769 1975 1863 2028 suus
1885 1951 2043 2032 Jscotos.

273 2063 406 2144 dictus
434 2082 571 2138 nster.
629 2055 806 2136 Salutem
837 2055 877 2133 in
907 2053 1074 2135 domino
1102 2059 1386 2164 sempiternam
1416 2058 1617 2137 Nouerint
1647 2059 1823 2138 vntuersi
1862 2087 1936 2167 per
1974 2090 2043 2168 pre·

272 2189 402 2257 sentes
430 2167 541 2279 quod
560 2165 859 2247 terraslunrmae
887 2165 1001 2245 mark
1030 2168 1126 2245 sita's
1155 2196 1256 2277 quas
1284 2169 1470 2248 dominus
1499 2167 1696 2274 johannes
1725 2168 1857 2248 dietus
1885 2169 1980 2250 kalfi
1994 2169 2046 2251 de·
2111 2233 2112 2258 .

272 2311 397 2364 canus
431 2278 636 2359 lundensis
666 2277 773 2357 bone
803 2281 1004 2357 memorie.
1039 2279 1150 2384 justo
1188 2283 1326 2387 precio
1354 2283 1459 2360 emit.
1477 2275 1590 2389 “quas
1633 2282 1674 2384 in
1719 2281 1802 2358 vita
1838 2309 1926 2366 sua.
1966 2283 2046 2362 bona

271 2396 480 2474 voluntate
509 2419 555 2469 ae
583 2415 717 2468 amore
746 2386 979 2469 deuocionis
1008 2405 1223 2470 aecensus·
1246 2390 1493 2499 pauperibus
1521 2389 1745 2470 scolaribus
1772 2390 2047 2502 lundiseupiuit
2109 2407 2112 2514 l

271 2502 505 2587 condonare
533 2499 584 2580 ad
615 2499 842 2610 prebendas
871 2500 1075 2580 institutas
1106 2529 1177 2606 per
1208 2502 1472 2582 venerabilem
1498 2499 1704 2585 dominum
1721 2501 2047 2608 jaeobumarebie·
2111 2517 2112 2576 l

267 2618 483 2726 piscopum
516 2613 748 2694 lundensem
780 2612 1002 2691 reuereude
1047 2613 1243 2692 memorie.
1289 2628 1440 2722 partem
1486 2629 1661 2694 nostram
1693 2615 1732 2692 in
1782 2612 1930 2694 eisdem
1957 2617 2048 2694 terris
2111 2665 2112 2732 p

271 2717 463 2836 predictis
492 2724 715 2804 scolaribus
748 2750 794 2801 ac
829 2750 968 2802 eorum
1005 2724 1340 2831 procuratoribus
1382 2725 1454 2834 qui
1499 2752 1607 2804 nunc
1650 2742 1746 2806 sunt
1784 2723 1850 2804 vel
1893 2728 1961 2836 qui
1992 2751 2048 2834 pro

272 2856 455 2944 tempore
485 2836 635 2915 suerint
665 2862 741 2942 pro
771 2833 889 2913 libitu
918 2863 988 2914 sue
1015 2836 1233 2914 voluntatis
1271 2832 1539 2917 ordinandam
1581 2835 1830 2916 conserimus
1872 2866 1943 2945 per
1981 2863 2048 2944 pre
2111 2839 2112 2924 3

273 2963 403 3032 sentes
434 2951 482 3027 in
514 2949 629 3027 cuins
663 2949 718 3025 rei
748 2945 1019 3025 testimonium
1050 2945 1180 3054 sigilla
1213 2964 1348 3027 nostra
1380 2975 1457 3027 vna
1501 2976 1590 3028 eum
1619 2948 1753 3056 sigillo
1779 2945 1935 3030 domini
1957 2947 2049 3057 petri
2110 2959 2112 3015 ὲ

213 3056 221 3072 ’
271 3062 467 3142 nielesson
497 3059 547 3139 de
586 3057 781 3163 elliaerytb
819 3074 915 3137 sunt
942 3086 1129 3165 appensa.
1195 3060 1356 3139 Datum.
1386 3086 1496 3140 anno
1538 3062 1691 3142 domini
1734 3060 1773 3139 M
1802 3060 1906 3141 CCC
1952 3086 2046 3139 nono.
2110 3052 2112 3095 ³

144 3205 154 3221 ⁴
272 3173 337 3255 die
366 3173 574 3282 beatorum
606 3168 765 3249 dionisii
792 3184 833 3249 et
861 3171 1061 3249 sociorum
1092 3170 1176 3250 eius
1206 3172 1424 3252 martirum.
2108 3204 2112 3351 p

195 3500 201 3505 -
284 3562 451 3667 1635.
883 3559 1030 3703 1309¹
1072 3559 1119 3664 d.
1170 3518 1240 3667 28
1288 3557 1402 3665 Oet.
1630 3560 2049 3710 Carpentoratum.

354 3748 630 3809 perveneimus
652 3744 833 3821 VtsBulla‚
857 3746 926 3825 med
951 3748 1097 3808 ttttteom
1126 3768 1183 3810 roo
1204 3710 1315 3828 digere
1337 3746 1411 3810 ellat
1444 3749 1493 3810 m·
1514 3747 1601 3826 dem,
1632 3770 1696 3811 som
1730 3750 1801 3831 vilia
1837 3772 1949 3833 genum
1968 3746 2053 3831 gilmr

395 3830 525 3910 bidinga
548 3830 595 3890 till
618 3828 677 3890 den
700 3830 797 3889 under
819 3831 963 3913 byggnad
988 3832 1124 3893 verende
1146 3852 1206 3913 eye
1238 3832 1297 3893 acb
1333 3832 1477 3894 lostbers
1511 3832 1715 3915 Domiyrlan
1737 3836 1747 3895 i
1769 3834 1909 3919 Upsale,
1939 3828 2052 3915 gilliude
2109 3800 2112 3901 l

285 3951 288 3959 ·
395 3914 443 3975 liir
469 3933 505 3974 so
526 3914 572 3975 ir.

1870 3998 1904 4051 A.
1924 4016 1945 4050 r.

381 4101 573 4181 Genusus
602 4097 813 4205 episcopus
841 4124 982 4178 seruus
1009 4124 1219 4189 seruorum
1250 4096 1327 4179 dei.
1364 4100 1571 4181 Vniuersis
1600 4098 1740 4181 christi
1768 4100 1957 4183 fidelibus
1984 4123 2052 4205 pre·

270 4231 401 4297 sentes
432 4210 585 4289 litteras
614 4209 852 4317 inspecturis
881 4208 1056 4287 Salutem
1088 4226 1128 4288 et
1167 4210 1425 4317 apostolicam
1472 4208 1803 4293 benedictionem.
1883 4208 2050 4291 Ecclesia·

270 4354 360 4408 rum
390 4320 555 4402 fabricis
585 4348 744 4398 manum
775 4322 981 4427 porrigere
1010 4317 1246 4401 adiutricem
1277 4323 1386 4428 pium
1421 4320 1530 4431 apud
1574 4322 1731 4417 deum‚'
1755 4341 1794 4405 et
1825 4322 2051 4402 meritorium

270 4452 504 4545 reputantes
533 4430 764 4539 frequenter
793 4429 933 4509 cbristi
962 4428 1096 4510 fideles
1126 4428 1175 4509 ad
1206 4431 1531 4541 impendendum
1556 4433 1732 4543 eoelesijs
1775 4436 1897 4542 ipsis,
1938 4432 2050 4511 huius·

270 4548 379 4629 modi
408 4543 623 4638 auxilium,
653 4544 799 4623 nostris
833 4542 975 4623 litteris
1003 4540 1283 4639 exhortamur,
1326 4562 1365 4625 et
1394 4561 1441 4623 ut
1482 4544 1534 4624 ad
1563 4543 1604 4625 id
1632 4573 1680 4625 eo
1724 4544 1948 4625 feruentius
1983 4540 2050 4619 ani·
2111 4616 2112 4621 .

271 4674 432 4740 mentur
461 4683 544 4764 quo
576 4656 698 4762 magis
721 4682 769 4734 ex
805 4652 884 4733 hoe
924 4654 1147 4733 animarum
1189 4652 1399 4736 comodum
1444 4658 1697 4763 sperauerint
1739 4653 1930 4764 adipisci,
1969 4678 2051 4733 non·

270 4795 490 4876 numquam
522 4794 595 4874 pro
631 4766 709 4872 hijs
744 4764 1032 4871 temporalibus
1076 4764 1280 4871 suffragiis
1322 4766 1546 4873 spiritualia
1576 4768 1632 4847 eis
1675 4794 1840 4847 munera
1885 4762 2049 4846 uidelicet

270 4880 522 4963 remissiones
548 4893 590 4955 et
618 4876 888 4983 indulgentias
917 4875 1144 4983 elargimur.
1204 4878 1257 4955 Et
1284 4875 1447 4987 quidem
1481 4879 1727 4961 conueniens
1743 4896 1803 4959 est
1826 4894 1870 4958 et
1892 4876 2047 4982 dignun,

269 5010 315 5075 ut
343 4989 482 5074 fideles
509 4988 666 5088 christi,
697 4988 783 5070 loca
812 4985 954 5069 diuino
980 4986 1108 5068 cultui
1136 4989 1350 5098 deputata,
1377 4990 1597 5073 deuotione
1623 4980 1801 5100 congrua
1832 4998 2046 5073 uenerantes
