4317 5975
756 394 815 423 ...
926 352 1147 461 57=..

97 568 337 675 satiabo.
362 596 473 653 cum·
496 570 639 653 ceteris
663 568 822 677 *insulis
852 572 1230 656 circumiacentibus
1265 579 1306 656 8(
1340 598 1460 655 vnum
1497 599 1631 656 aream
1667 577 1711 657 in
1746 572 1871 684 Syn-³
1969 644 1977 651 .

96 686 247 774 dramalm
273 709 295 762 c
324 684 489 793 regione
517 681 681 764 claustri
709 682 885 764 fratrum
912 686 1114 765 Minorum
1142 684 1354 770 Stolrholm
1382 683 1435 765 ad
1470 684 1677 769 meridiem
1697 687 1852 769 Mona·

94 799 185 882 sterio
208 794 395 874 Sororum
423 793 568 875 Sancte
597 795 715 875 Clare
745 794 858 904 quod
890 794 1038 877 ibidem
1067 798 1110 877 in
1139 798 1433 904 presentiarum
1471 799 1722 879 construitur
1758 793 1853 908 pos·

93 904 221 993 ridenda
247 923 447 1014 perpetuo
475 907 692 987 contulisse
720 906 798 988 hac
825 904 1057 989 conditione
1087 905 1224 988 addita
1240 923 1285 989 ut
1301 909 1463 989 ecclesia
1480 912 1520 988 8(
1535 910 1647 991 locus
1661 909 1853 990 Fratrum

94 1024 253 1102 minorum
280 1014 380 1108 dicti
410 1017 488 1097 loci
524 1016 736 1098 Stotholm
772 1018 950 1099 habeant
986 1020 1028 1100 in
1063 1016 1182 1099 dictis
1217 1020 1358 1100 insulis
1393 1034 1592 1128 perpetuo
1628 1020 1754 1103 libere
1787 1021 1854 1099 c'e·

94 1148 232 1215 mentum
272 1128 402 1235 Ligna
444 1128 674 1210 cremabilia
715 1134 756 1210 8(
797 1129 981 1213 similiter
1017 1158 1094 1239 pro
1122 1128 1286 1212 edificiis
1314 1128 1366 1212 ad
1393 1156 1512 1212 usum
1543 1129 1713 1213 fratrum
1749 1131 1855 1212 inibi

94 1240 387 1325 commorantium
414 1268 505 1321 cum
535 1238 681 1320 familia
709 1240 787 1321 sibi
813 1242 1010 1323 attinente
1038 1240 1266 1350 inhibentes
1294 1270 1346 1321 ne
1374 1243 1467 1350 quis
1499 1269 1602 1321 ausu
1636 1242 1853 1351 temerario
1939 1307 1942 1312 .
2021 1293 2034 1305 =

93 1352 185 1435 dictas
209 1351 359 1432 insulas
386 1355 426 1431 8(
454 1378 585 1431 aream
622 1348 814 1433 inuadere
848 1353 912 1433 vel
951 1370 1149 1460 usurpare¹
1183 1378 1253 1433 seu
1290 1350 1497 1464 quomodo
1539 1352 1744 1434 libetnsuo
1773 1352 1861 1435 iuri.

92 1480 200 1547 contra
246 1463 548 1573 beneplacitum
591 1462 792 1545 abbatisse
836 1470 876 1545 8(
920 1480 1149 1545 conuentus
1186 1462 1264 1546 loci
1300 1462 1471 1573 predicti
1508 1461 1725 1544 uendicare
1759 1492 1853 1568 pre·

91 1591 191 1657 sumat
214 1601 282 1654 seu
313 1600 506 1683 personas
528 1576 577 1656 in
605 1572 723 1655 dietis
751 1573 849 1654 locis
878 1602 928 1655 ex
966 1591 1084 1684 parte
1120 1576 1296 1658 eiusdem
1333 1572 1569 1682 Monasterij
1602 1601 1854 1656 commoran-

91 1702 134 1767 tes
155 1702 285 1765 contra
315 1687 521 1767 libertates
555 1687 633 1794 ipsi
676 1687 921 1767 monasterio
945 1686 1124 1768 indultas
1159 1687 1223 1766 vel
1262 1684 1531 1792 indulgendas
1567 1686 1611 1765 in
1646 1703 1853 1795 posterum

92 1788 282 1909 aliqualiter
312 1798 524 1877 molestare
558 1800 662 1877 sicut
705 1794 881 1877 diuinam
925 1803 966 1878 8(
1006 1785 1184 1879 nostram
1227 1799 1397 1906 gratiam
1439 1796 1573 1904 diligit
1613 1794 1855 1877 inoffensam

91 1909 123 2015 jn
143 1909 239 1989 cuius
266 1910 328 1989 rei
357 1908 630 1989 testimonium
658 1910 835 2017 presenti
863 1910 1018 2018 scripto
1047 1928 1230 1990 nostrum
1265 1907 1442 2017 sigillum
1475 1936 1556 1987 vna
1592 1936 1683 1990 cum
1720 1905 1855 2015 sigillo

92 2020 250 2100 karissimi
279 2019 417 2101 fratris
459 2021 589 2099 nostri
630 2024 670 2100 8(
711 2020 837 2127 patris
879 2018 1121 2100 venerabilis
1162 2022 1327 2101 Domini
1355 2017 1559 2101 benedicti
1597 2019 1855 2127 lyncopensis

92 2132 233 2239 episcopi
260 2130 377 2212 ducis
406 2128 596 2249 finlandie
624 2147 685 2211 est
720 2158 944 2239 appensum
1004 2134 1155 2212 Datum
1184 2158 1292 2213 anno
1328 2129 1484 2212 domini
1520 2130 1705 2214 .M⁰.CC'.
1742 2145 1855 2211 octo-

91 2268 217 2349 gesimo.
244 2259 406 2322 octauo.

193 2382 334 2471 Sigillcn:
361 2384 399 2461 af
425 2404 435 2447 ι
462 2383 575 2466 Kougl.
596 2384 605 2443 i
627 2384 717 2460 grant
737 2380 799 2444 och
820 2402 839 2443 a
861 2382 1023 2464 Hertigens
1045 2384 1055 2443 i
1077 2382 1148 2445 rb'dt
1169 2404 1243 2461 vax,
1264 2382 1306 2466 pa
1327 2384 1400 2466 gula
1421 2382 1483 2448 och
1510 2382 1587 2446 roda
1613 2380 1723 2445 silkcs·

601 2464 717 2548 tradar,
740 2466 833 2537 fiores
854 2464 934 2531 blolt
955 2476 1000 2535 eft
1021 2467 1088 2535 litet
1108 2466 1215 2558 styckc
1236 2486 1324 2561 qvar.

93 2860 228 3048 973..
426 2902 429 2909 ’
701 2898 928 3047 (28δὰ
981 2899 1048 3006 16
1096 2850 1223 3046 Aug.
1707 2901 1858 3006 Paris.

35 3131 38 3138 '
149 3123 266 3186 Prioren
292 3123 489 3190 Wmssnrs'i
511 3125 597 3191 Paris
618 3125 713 3208 betyg
735 3134 780 3186 att
801 3121 938 3186 Caniken
960 3123 970 3183 i
991 3120 1157 3202 Strengnts
1176 3119 1276 3181 Ysarn
1298 3115 1441 3196 erhtllit,
1474 3116 1525 3179 (ὄν
1554 3126 1598 3180 att
1629 3115 1703 3179 med
1733 3118 1781 3202 sig
1809 3118 1859 3182 till

192 3207 321 3292 Sverige
340 3208 492 3289 bernlb‘ra,
515 3209 610 3292 nigra
632 3209 723 3272 alde
745 3209 755 3269 i
776 3207 852 3269 cern
875 3205 971 3268 funua
992 3205 1175 3287 Helgonben
1199 3202 1301 3282 (lemf.
1322 3200 1508 3284 lb'regaendc
1527 3203 1588 3264 Ntc
1607 3198 1714 3284 946).-

1503 3348 1723 3405 bamam

170 3493 380 3575 Uniuersis
415 3507 642 3602 presentem
677 3490 865 3601 paginam
881 3490 1143 3598 inspecturis,
1165 3487 1308 3568 Frater
1320 3484 1583 3567 Wilihelmus
1596 3485 1711 3593 prior
1724 3499 1861 3592 sancte

88 3605 189 3690 crach
216 3604 373 3686 ordinis
401 3602 511 3685 beati
540 3602 774 3710 Argustinj‚
803 3602 963 3710 parisiis
991 3617 1183 3710 totusque
1210 3614 1439 3680 conuentus
1474 3594 1628 3677 ordinis
1662 3593 1860 3693 eiusdem,

87 3709 231 3796 Salutem
260 3718 307 3796 in
335 3712 501 3796 domino
529 3717 825 3824 sempiternam,
853 3711 1059 3794 Noueritis
1088 3709 1201 3822 quod
1227 3737 1302 3791 nos
1329 3709 1461 3792 Ysaro
1488 3708 1684 3789 canonico
1697 3705 1862 3788 ecclesie

87 3822 381 3936 Strengienensis
409 3825 526 3936 regui
561 3827 706 3908 swecie
741 3824 968 3904 exhibitore
1005 3823 1258 3931 presencium
1294 3819 1511 3915 humiliter,
1547 3845 1596 3898 ac
1624 3815 1770 3898 deuote
1798 3818 1861 3899 in·

85 3949 212 4018 stanter
240 3936 490 4048 postulanti,
519 3935 692 4046 quedam
719 3933 769 4017 de
805 3933 964 4014 ossibus
998 3931 1157 4043 jodilie‚
1187 3933 1361 4011 Cristine
1390 3936 1430 4010 8(
1458 3931 1590 4028 imme
1626 3957 1674 4010 ac
1711 3952 1861 4038 corpus

85 4045 199 4131 basilie
226 4050 281 4131 de
311 4049 484 4157 collegio
512 4045 698 4131 undecim
727 4045 896 4126 millium
923 4046 1128 4153 virginum
1156 4042 1418 4124 existencium
1445 4068 1529 4150 que
1557 4037 1760 4120 confrater
1787 4067 1861 4119 no-

86 4151 159 4242 iter.
184 4161 314 4242 frater
341 4160 541 4244 lohannes
568 4157 700 4241 dictus
737 4155 924 4239 Nouelan
965 4157 1009 4239 in
1049 4155 1216 4237 ciuitate
1258 4152 1475 4232 Colonensi
1517 4147 1625 4234 infra
1667 4147 1871 4232 fossatum

127 4269 173 4350 od
199 4274 382 4382 propriis
409 4271 595 4353 manibus
629 4266 772 4350 effodit
791 4266 944 4375 ¹gracia
977 4263 1117 4351 diuina
1153 4264 1207 4344 ob
1247 4265 1388 4344 merita
1424 4261 1624 4344 dictarum
1658 4262 1862 4369 virginum

106 4383 203 4466 'nus
230 4402 296 4465 est
321 4385 507 4466 inuenire
534 4384 579 4462 in
606 4382 696 4464 loco
729 4378 800 4461 vbi
837 4377 1050 4485 collegium
1090 4392 1319 4459 sanctarum
1362 4373 1635 4482 predictarum
1677 4374 1719 4453 in
1759 4371 1864 4451 anti-

27 4551 28 4562 a
124 4496 372 4578 isscribitur
400 4492 608 4576 codicibus
638 4490 744 4573 felici
771 4488 967 4588 martirio
1004 4487 1056 4572 ad
1093 4486 1253 4570 celestia
1288 4485 1591 4593 transmigrasse
1628 4481 1758 4564 eidem
1793 4479 1863 4563 de-

85 4518 210 4704 dnus,
239 4605 297 4688 ad
326 4621 460 4715 partes
487 4631 580 4686 suas
608 4599 839 4700 deferenda,
867 4601 1071 4707 Rogantes
1100 4604 1141 4681 8(
1168 4611 1375 4680 monentes
1404 4598 1448 4676 in
1462 4593 1628 4677 domino
1653 4596 1863 4690 vniuersos

83 4716 316 4828 &singulos
345 4716 595 4826 baptismatis
623 4715 737 4798 fonte
769 4727 931 4793 renatos
958 4709 1011 4792 ad
1039 4739 1144 4822 quos
1169 4709 1244 4792 hec
1272 4726 1410 4792 sancta
1439 4733 1528 4788 ossa
1557 4702 1688 4787 delata
1709 4707 1864 4789 fuerint

84 4833 253 4934 quatinus
288 4828 343 4910 ob
377 4828 650 4914 reuerenciam
686 4825 753 4910 dei
781 4826 1079 4910 &sanctarum
1113 4819 1302 4908 undecim
1340 4819 1492 4902 milium
1530 4817 1733 5008 virgigum
1768 4845 1863 4904 con·

212 4972 264 5036 siv·
292 4971 413 5048 Dtpton
438 4969 481 5034 11,
544 5032 552 5042 ,
659 5023 662 5030 .
