4317 5975
935 280 1185 363 -du
1294 258 1426 365 ἕ-ι.

248 502 431 616 illudque
458 504 542 587 sois
567 500 761 590 cordibus
788 496 1082 611 imprimentes,
1109 516 1252 581 contra
1280 498 1500 583 infidelium
1529 490 1803 609 predictorum
1819 494 2003 615 'perfidiam

235 614 460 726 ,insurgant
488 613 660 698 uiriliter
687 630 728 695 et
757 615 961 721 negotium
991 614 1122 721 ipsum
1138 610 1342 691 irruenter
1369 628 1573 693 assumant
1601 628 1642 693 et
1671 614 1881 699 feruentior
1895 648 2005 728 prose·
2037 703 2044 711 ,

246 745 428 839 quantur
457 730 510 809 Et
538 743 583 808 ut
609 726 687 835 ipsi
717 720 853 805 fideles
882 740 996 804 tanto
1024 715 1219 804 libentius
1236 723 1423 831 premissa
1445 726 1638 835 prosequi
1657 725 1851 825 studeant,
1878 753 2007 839 quanm

161 940 163 946 Α
213 868 297 943 ⁴ex
325 842 408 921 suis
425 837 634 920 laboribus
646 844 846 945 potiorem
862 835 1030 943 gratiam
1044 860 1089 915 se
1103 836 1294 917 mouerint
1309 852 1586 943 percepturos.
1617 835 1702 917 Nos
1720 836 2011 950 deomuipotan-

243 954 297 1033 tis
325 950 391 1032 dci
420 944 691 1031 misericordia
720 965 762 1029 et
791 947 1003 1029 beatorum
1031 947 1140 1036 Petri
1168 963 1209 1026 et
1235 946 1348 1026 Pauli
1378 946 1665 1055 Apostolorum
1689 949 1775 1029 eius
1802 956 2009 1039 auctoritate
2044 958 2046 969 '

246 1062 385 1143 confisi
414 1078 455 1141 et
482 1060 550 1143 illa
610 1086 700 1142 uam
729 1059 847 1141 nobis
874 1056 974 1139 deus
1004 1056 1099 1159 licet
1126 1054 1302 1161 indignis
1331 1054 1481 1165 ligandi
1509 1074 1632 1169 atque
1657 1058 1840 1142 soluendi
1865 1066 2010 1151 contulit

244 1187 486 1283 potestatem
514 1090 662 1254 eisdem
696 1169 901 1267 fidelibus,
929 1169 1002 1279 qui
1034 1196 1126 1248 cum
1155 1166 1265 1250 dicta
1294 1186 1446 1249 armata
1479 1170 1544 1271 uel
1573 1168 2012 1263 aliasinsuccursumet

132 1318 138 1328 ·
243 1281 467 1365 subsidium
495 1283 805 1365 christianorum
821 1282 994 1391 partium
1018 1278 1211 1359 Romanis
1228 1280 1500 1386 predictarum
1515 1297 1658 1362 contra
1680 1279 1857 1363 infideles
1881 1284 2011 1369 eosdem

196 1390 203 1408 ⁸
244 1396 288 1477 in
317 1396 498 1505 personis
527 1393 708 1505 propriis
735 1410 776 1476 et
802 1393 1009 1503 exspensis
1036 1390 1122 1471 siue
1152 1416 1224 1497 per
1252 1406 1400 1471 terram
1428 1392 1514 1472 siue
1534 1420 1608 1500 per
1624 1418 1732 1474 mare
1761 1393 1861 1473 infra
1886 1392 2011 1481 dictum
2087 1450 2090 1458 ·

242 1505 481 1587 Triennium
497 1507 701 1589 abeodem
719 1506 822 1587 lesto
830 1504 1010 1604 omnium
1020 1518 1252 1582 sauctorum
1261 1501 1419 1582 inantea
1436 1530 1525 1583 com
1557 1504 1755 1586 utendum
1772 1502 1932 1613 proiecti
1945 1507 2011 1591 fue·
2029 1538 2032 1545 ·

243 1618 328 1699 riut
354 1637 395 1699 et
421 1644 496 1729 per
517 1644 641 1699 vnum
655 1620 816 1699 Annum
832 1615 1026 1698 continue
1050 1612 1116 1693 uel
1144 1612 1417 1721 interpolatim
1434 1532 1609 1695 eiusdem
1640 1632 1774 1697 tamen
1790 1616 1958 1726 Triennij
1979 1622 2011 1701 in

189 1802 195 1812 .
242 1728 344 1812 dicti
372 1730 657 1842 prosecutione
684 1726 838 1836 negotii
866 1725 1016 1807 luerint
1029 1725 1277 1820 commorati,
1307 1744 1380 1807 nec
1406 1752 1490 1806 non
1520 1742 1562 1807 et
1590 1725 1757 1839 illisqui
1785 1729 1826 1808 in
1854 1727 1942 1810 dicti
1960 1758 2012 1813 ne·

244 1838 347 1949 gotij
377 1841 659 1947 prosecutione
686 1837 930 1921 decesserint
957 1835 1024 1916 uel
1052 1837 1094 1915 in
1125 1838 1407 1943 prosecutione
1435 1837 1666 1921 huiusmodi
1681 1840 1880 1921 uulnerati
1893 1841 2012 1923 luerint

67 2050 75 2059 Ι
149 2027 151 2030 .
242 1953 363 2033 etiam
391 1952 424 2031 si
452 1949 549 2031 alibi
579 1950 814 2061 ubicunque
842 1978 891 2031 ex
920 1945 1071 2030 talibus
1113 1947 1351 2029 uulneribus
1379 1947 1574 2031 decedere
1602 1976 1671 2031 eos
1698 1956 1905 2061 contingat
1928 1952 2013 2033 illam

242 2090 408 2144 suorum
439 2062 714 2170 peccaminum
743 2064 795 2143 de
823 2060 972 2171 quibus
1001 2058 1198 2139 ueraciter
1221 2058 1372 2140 inerint
1400 2061 1524 2143 corde
1538 2063 1705 2143 contriti
1720 2079 1763 2144 et
1777 2076 1848 2143 ore
1874 2063 2013 2148 conlmsi

242 2174 403 2255 ueniam
431 2172 686 2280 indulgemus
713 2199 795 2281 que
823 2169 1059 2254 conceditur
1087 2168 1423 2253 tranfretantibus
1448 2174 1492 2252 in
1525 2172 1750 2255 subsidium
1773 2190 1877 2254 terre
1906 2192 2014 2257 sancte

241 2288 352 2367 etin
381 2284 689 2367 retributionem
720 2286 918 2365 iustorum
945 2280 1088 2365 salutis
1116 2298 1252 2364 eterne
1282 2282 1520 2392 pollicemur
1540 2300 1799 2395 augmentum
1829 2287 2014 2367 ementem

242 2399 315 2507 qui
344 2419 426 2477 non
455 2395 498 2476 in'
525 2396 709 2505 personis
737 2395 918 2503 proprijs
942 2392 1039 2475 illuc
1080 2394 1321 2476 accesserint
1347 2395 1484 2477 sedin
1511 2398 1595 2477 suis
1622 2394 1836 2479 dumtaxat
1863 2397 2016 2505 expensis

241 2513 352 2590 iuxta
381 2505 609 2588 facultatem
636 2523 678 2586 et
706 2506 939 2617 qualitatem
972 2530 1085 2585 suam
1114 2504 1331 2587 bellatores
1359 2504 1538 2617 ydoneos
1552 2505 1818 2611 destinabunt
1848 2536 1914 2617 per
1936 2525 2015 2589 ten·

241 2646 322 2728 pus
349 2616 461 2729 quod
487 2616 762 2727 supradicitur
788 2620 831 2698 in
859 2615 1092 2700 huiusmodi
1128 2618 1413 2725 prosecutione
1442 2619 1602 2727 negocij
1641 2634 1870 2709 moraturos
1896 2636 1933 2700 ct
1957 2616 2015 2701 illis

242 2730 427 2811 similiter
454 2731 527 2840 qui
556 2729 651 2810 licet
678 2732 721 2809 in
749 2730 891 2811 alienis
918 2729 1105 2837 expensis
1133 2729 1173 2809 in
1205 2728 1384 2837 proprijs
1413 2746 1545 2811 tamen
1575 2732 1759 2839 personis
1791 2730 1885 2811 illuc
1911 2756 2014 2811 acces

241 2841 368 2923 serint
396 2868 468 2950 per
497 2858 656 2949 tempus
698 2842 893 2921 moraturi
934 2838 1162 2948 predictum
1205 2868 1251 2920 ac
1284 2842 1339 2919 eis
1377 2840 1495 2921 etiam
1538 2844 1799 2951 quitantiam
1831 2840 2015 2949 prodictu

240 2952 407 3062 negotio
436 2952 487 3034 de'
517 2952 635 3034 bonis
663 2951 1146 3062 proprijserogaueriot,
1181 2968 1378 3061 quantum
1406 2969 1537 3036 essent
1572 2952 1669 3036 illuc
1710 2950 1847 3036 eundo
1873 2969 1913 3033 et
1937 2952 2015 3038 inibi

238 3059 316 3175 'per
343 3067 506 3144 Annum
534 3066 772 3145 continuum
803 3062 999 3164 morando
1027 3079 1069 3144 et
1098 3059 1307 3144 redeundo
1335 3065 1451 3145 etiam
1486 3068 1723 3175 expensum,
1753 3065 1918 3146 eandem
1944 3089 2015 3143 suo·

241 3205 333 3282 rurn
362 3175 622 3258 concedimus
649 3177 807 3254 ueniam
838 3192 1097 3283 peccatorum
1131 3173 1361 3256 huiusmodi
1390 3203 1554 3286 quoqne
1589 3178 1833 3258 remissionis
1861 3175 2016 3256 uolumus

240 3305 283 3368 et
311 3285 568 3367 concedimus
597 3313 682 3366 esse
710 3289 926 3397 participes
954 3287 1067 3366 iuxta
1097 3286 1367 3394 quantitatem
1404 3287 1575 3398 sulrsidij
1604 3309 1644 3370 et
1673 3289 1902 3372 deuotionis
1938 3285 2016 3366 alle·

241 3415 352 3478 ctum
381 3399 621 3508 omnesqui
649 3395 701 3476 ad
726 3396 1034 3478 subnentionem
1062 3394 1160 3477 dicti
1193 3398 1346 3504 negotij
1380 3397 1432 3478 de
1462 3397 1579 3479 bonis
1607 3402 1687 3480 suis
1715 3427 1896 3508 congrue
1921 3397 2017 3476 mini·

240 3505 434 3589 strabunt
462 3525 501 3588 et
530 3509 635 3588 circa
667 3507 847 3616 predicta
892 3507 1085 3587 auxilium
1123 3506 1188 3586 uel
1218 3509 1426 3590 consilinm
1473 3509 1740 3618 impenderint
1785 3526 2015 3618 oportunum.

241 3621 430 3713 Ceterum
461 3634 506 3697 ut
534 3617 765 3699 huiusmodi
806 3621 1014 3728 negotium
1055 3615 1149 3700 fidei
1192 3617 1346 3702 felicius
1392 3637 1664 3730 prosperetur.
1706 3621 1960 3704 uolumus-nt
1984 3620 2017 3698 in

240 3729 410 3836 singulis
439 3728 618 3838 ecclesijs
647 3745 872 3812 uestrarum
912 3731 1134 3810 Ciuitatum
1163 3745 1204 3810 et
1234 3727 1451 3813 diocesium
1501 3733 1650 3842 singuli
1694 3735 1832 3826 trunci
1874 3729 2016 3813 concam

240 3857 452 3952 ponantur
484 3841 637 3922 Tribus
665 3840 850 3923 clauibus
877 3841 1104 3948 consignati
1137 3842 1266 3951 prima
1305 3842 1492 3924 uidelicet
1534 3867 1657 3954 penes
1686 3841 2013 3926 lociordinarium

239 3951 419 4034 secunda
451 3979 576 4060 penes
604 3951 770 4032 ecclesie
797 3952 1058 4049 sacerdotem,
1085 3969 1126 4034 et
1151 3953 1184 4030 si
1214 3953 1254 4031 in
1289 3953 1523 4062 Collegiatis
1550 3955 1730 4064 ecclcsijs
1769 3955 1892 4037 fuerit
1920 3975 2016 4060 penes

139 4117 152 4124 —
240 4063 432 4144 maiorem
460 4061 511 4144 de
539 4061 731 4171 Capitulo
759 4064 895 4144 Tertia
924 4091 1024 4154 uero
1053 4091 1179 4174 penes
1204 4060 1257 4142 ali
1290 4093 1379 4145 uem
1416 4066 1585 4174 probate
1604 4069 1855 4149 uitelaicum
1884 4089 2017 4146 counr-

147 4267 152 4272 .
240 4176 409 4269 uendis,
438 4203 486 4254 ac
514 4177 555 4254 in
584 4178 640 4255 eis
669 4173 802 4254 fideles
830 4173 1003 4284 quilibet
1031 4177 1142 4257 iuxta
1172 4091 1285 4283 quod
1332 4175 1519 4258 dominus
1558 4201 1698 4258 eorum
1752 4177 2016 4260 mentibusin-

241 4287 577 4394 spiraueritsuas
606 4285 867 4366 helemosinas
907 4283 1112 4394 deponere
1157 4285 1198 4365 in
1243 4286 1512 4368 remissionem
1556 4313 1720 4370 suorum
1767 4287 2014 4398 peccaminum

241 4414 494 4478 moueantur.
525 4397 718 4477 volentes
745 4413 784 4475 et
812 4396 922 4476 illam
952 4399 1163 4504 pecuniam
1194 4425 1314 4506 quam
1354 4425 1426 4506 per
1452 4397 1597 4486 fideles,
1630 4401 1791 4482 eosdem
1835 4398 1961 4478 olierri
1984 4408 2015 4472 ct

239 4503 393 4614 deponi
425 4509 643 4615 contigerit
672 4510 714 4587 in
743 4511 899 4588 truncis
926 4505 1073 4589 eisdem
1104 4508 1307 4618 recipiatis
1336 4511 1542 4614 erogaturi
1558 4539 1643 4592 eam
1674 4540 1750 4621 pro
1775 4511 1889 4594 dicto
1916 4533 2014 4612 nego·

240 4617 389 4699 tio'ttti
419 4620 482 4696 nel
513 4619 591 4718 illis
625 4645 744 4729 quern
774 4619 842 4698 uel
883 4647 987 4728 quos
1018 4618 1071 4699 ad
1098 4621 1178 4701 hoc
1220 4615 1499 4728 deputandum
1544 4624 1779 4705 duxerimus
1825 4619 2012 4700 sanctiam

241 4726 518 4836 deputandus,
547 4757 595 4812 ac
613 4727 847 4827 'certificari
877 4757 952 4810 nos
980 4757 1053 4838 per
1068 4729 1219 4812 litteras
1250 4749 1403 4812 uestras
1430 4729 1481 4815 de
1512 4739 1683 4842 receptis
1709 4735 1752 4814 in
1782 4733 1928 4816 truncis
1952 4728 2012 4806 eis·

239 4837 333 4922 dem
361 4858 406 4922 et
429 4839 506 4952 lriJ's
526 4841 627 4954 'que
664 4839 901 4954 deputando
934 4842 999 4924 uel
1042 4840 1287 4954 deputandis
1328 4841 1522 4954 predictis
1564 4843 1759 4930 duxeritis
1801 4831 2011 4951 assignanda
