4317 5975
672 436 1364 537 ...349-

264 662 462 750 catholica
567 662 572 675 '
611 671 699 744 tota
713 658 941 772 penoibem
969 676 1108 746 saneta
1116 660 1339 747 confitetur
1351 652 1768 746 ecclesiasecundum
1782 654 1895 767 quod
1910 657 2073 771 atiquo-

189 876 193 879 ,
263 780 376 862 olens
398 688 849 893 qmdiiimpeecmsext
901 773 1039 855 ntibus
1060 772 1211 883 iulide
1224 789 1437 882 tepescant
1449 770 1525 855 hec
1537 766 1677 857 diuina
1694 768 1822 876 pietas
1833 788 2071 857 sanctorum

265 886 838 972 merniscctntenessiombos
851 888 978 996 signis
991 873 1244 997 &prodigiis
1258 898 1315 968 a'c.
1331 884 1539 967 celestium
1566 881 1783 989 spirituum
1817 926 1852 971 -,
1871 886 2074 967 suasioni·

265 994 528 1083 iussisset
548 994 820 1109 :freqtiencius
835 988 1201 1109 quamplurimum
1221 995 1474 1092 reformasse,
1496 1009 1727 1083 sauctorum
1743 994 1869 1101 igitur
1883 994 1972 1077 Reli
2035 998 2073 1082 ‘e'

263 1106 442 1224 quorum*
453 1100 887 1223 iniectumquieseunt
900 1111 1043 1194 anime
1054 1124 1105 1192 et·
1114 1107 1225 1218 apud
1240 1106 1359 1191 deum
1374 1106 1568 1189 sentimus
1580 1107 1805 1214 patrocinia
1820 1126 1914 1189 sunt
1928 1136 1987 1191 ac
2038 1112 2073 1190 i·

263 1214 502 1307 stiildelibus
539 1220 673 1333 dignis
700 1220 1047 1306 veneracionibus.
1084 1219 1273 1302 laudibus
1286 1220 1541 1330 &preconiis
1555 1215 1785 1299 excolende.
1813 1219 1925 1299 Cum
1930 1220 2075 1331 jaque

263 1326 401 1421 frater.
431 1330 626 1444 johannes
655 1332 788 1415 dictus
816 1333 996 1437 nouolan
1026 1334 1181 1415 ordinis
1206 1348 1347 1414 sancte
1375 1328 1506 1413 crucis
1541 1330 1657 1412 beati·
1686 1332 1893 1438 augustini
1923 1330 2073 1416 domus

263 1444 708 1557 tille‘parisiensissvir
736 1445 947 1553 religiosus
975 1446 1057 1525 vita
1086 1450 1144 1525 Βι-
1161 1445 1475 1528 abnuemacione
1509 1439 1704 1529 laudabili
1739 1442 1893 1550 Regula
1929 1448 1970 1523 8ι
1998 1445 2070 1525 ha·

262 1558 352 1638 bitu
381 1555 620 1665 approbatis
648 1557 863 1666 insignitus
892 1555 1134 1637 victualibus
1147 1562 1195 1635 ·8r
1208 1554 1432 1662 commodis
1456 1553 1619 1637 cenobii
1646 1554 1708 1634 sui
1735 1553 1981 1636 delioeocia
2002 1570 2072 1637 su'·

144 1718 146 1723 ·
199 1695 204 1707 ·
238 1660 665 1779 'peribrttm's'ttorum
693 1693 770 1777 pro
799 1666 1062 1779 exquirendis
1085 1670 1236 1747 extinto
1280 1666 1412 1750 laudis
1454 1665 1635 1774 reliqniis
1662 1681 1881 1773 corporum
1910 1664 1961 1750 de
1984 1668 2071 1749 col·

263 1768 625 1890 legio'sancta'rum
654 1776 849 1861 vndecinil
870 1778 1025 1860 milium
1052 1779 1257 1887 virginum
1285 1777 1487 1859 derelictis
1515 1777 1566 1857 ad
1604 1774 1764 1864 laudem
1801 1776 1868 1857 dei
1895 1794 1936 1859 et
1964 1777 2069 1885 ipsa·
2146 1795 2150 1806 ’

262 1901 356 1971 rum·
381 1888 666 2001 virginnmsse
683 1892 926 2001 paupertati
955 1908 997 1971 et
1023 1890 1275 1972 mendicitati
1303 1918 1412 1973 nuno
1439 1905 1485 1967 vt
1518 1887 1618 1967 alias
1644 1886 1694 1965 in
1731 1887 1897 1967 domino
1932 1887 2073 1972 decre»

262 2002 370 2083 uerit
396 1996 738 2085 submittendum.³
763 2005 874 2085 'Hec
903 2021 947 2085 vt
978 2000 1193 2083 didicimus
1222 2016 1356 2082 motus
1383 2000 1532 2109 spiritu
1560 1997 1914 2108 quodsicutanuo
1935 2019 2069 2108 prete·

261 2110 544 2223 rito-parisina
557 2110 832 2197 tenlsmns'in‘
848 2124 956 2195 trina
984 2116 1139 2196 visione
1159 2116 1403 2221 lleccperat'
1417 2142 1459 2193 se
1489 2112 1672 2198 futurum
1695 2126 1738 2193 vt
1759 2110 1853 2191 iecit
1868 2110 2069 2195 coloniam

263 2226 416 2332 etf‘trld
438 2216 608 2334 corpora
631 2226 828 2337 'quorum
872 2230 942 2309 vni
978 2254 1137 2306 nomen·
1168 2241 1240 2305 est.
1283 2226 1473 2305 Cristina.
1512 2223 1629 2303 alteri
1672 2222 1820 2303 basilis.
1863 2239 1904 2303 et
1933 2228 2071 2309 'tercie

261 2326 715 2448 ymnalltsttqttarum
745 2338 795 2421 de
822 2336 996 2447 collegio
1032 2336 1232 2418 dictarum
1261 2338 1476 2443 -virginum
1517 2334 1778 2442 jnuentarum
1817 2335 1930 2443 qnod
1973 2336 2069 2418 lacti

260 2442 762 2557 experiencla³=vtiscimus
789 2452 989 2533 veraciter
1018 2446 1360 2530 demonstrabat..
1390 2449 1503 2551 Quas
1531 2446 1721 2555 reliquias
1749 2444 1932 2527 deferens
1947 2448 1989 2527 in
2006 2448 2069 2529 di·

265 2562 394 2669 uersis
416 2552 847 2670 ecclesiis'collegiatis
875 2561 1096 2643 honorifice
1124 2567 1163 2642 &
1192 2560 1472 2669 sollempniter
1499 2558 1726 2639 collocauit.
1749 2560 1909 2637 iterato
1936 2560 1979 2638 in
1992 2587 2070 2640 suo

261 2672 811 2777 existens-'‘cenobio‘similes
838 2672 984 2783 de¹=jda
1012 2676 1052 2753 dr
1080 2671 1222 2781 jodilia
1250 2671 1482 2778 virginibus
1513 2668 1613 2751 dicti
1649 2667 1809 2776 collegii
1845 2670 2071 2779 Receperat

261 2769 647 2895 tisionesiffptopter
674 2786 792 2896 quod
822 2802 867 2865 vt
909 2786 1023 2894 ptius
1064 2786 1232 2865 veniens
1256 2783 1494 2865 :colloniam
1533 2795 1672 2863 earum
1712 2780 1923 2890 Reliquias,
1958 2782 2069 2869 inira

260 2893 467 3002 fossatum
483 2893 610 3006 qnod·
627 2888 804 3010 propriis
831 2896 979 2977 effodit
1001 2895 1193 2977 manibus
1221 2897 1368 3003 gracia
1399 2894 1544 2977 diuina
1581 2890 1636 2971 ob
1682 2893 1826 2979 merita
1865 2891 2069 2975 dictarum

259 3007 639 3116 ‘virginum‘dlgnus
667 3016 727 3088 est
756 3010 940 3087 inuenire
968 3007 1133 3114 jnloco
1162 3008 1233 3089 vbi
1262 3005 1417 3088 dictum
1442 3021 1625 3090 sanctum
1653 3004 1867 3114 collegium
1895 3007 1939 3086 in
1962 3009 2071 3090 auti·

256 3120 355 3228 quit!
375 3111 805 3198 conteienss'scribitur
822 3113 947 3198 ‘felici
982 3118 1168 3198 martirio
1195 3116 1246 3200 ad
1276 3120 1435 3200 celestia
1463 3117 1778 3231 transmigrasse.
1815 3117 1932 3197 Circa
1967 3144 2073 3230 quas

257 3228 463 3340 Reliquias
492 3245 538 3328 ut
571 3224 706 3337 ¹sepius
735 3233 871 3310 visum
892 3246 952 3310 est
979 3231 1023 3310 in
1046 3228 1138 3308 aliis
1161 3229 1346 3310 eiusdem·
1372 3229 1531 3338 collegii
1570 3234 1735 3312 iuuenta
1771 3243 1867 3308 suot
1905 3259 1998 3310 vasa
2027 3235 2070 3312 8ῑ

257 3325 443 3421 blenodia
472 3353 593 3420 arena
623 3342 669 3420 in·
693 3369 774 3450 qua
803 3337 971 3442 fuerunt
996 3341 1224 3424 Recondita
1249 3369 1387 3423 earum
1414 3341 1852 3448 sanguinecoherente.
1876 3339 2067 3452 jtaquod

257 3471 307 3533 ex
334 3451 601 3532 huiusmodi
637 3453 952 3534 circumstantiis
981 3469 1021 3532 et
1050 3452 1307 3534 aliis'odore
1347 3454 1583 3534 suauissimo
1617 3467 1659 3532 et
1697 3453 1865 3532 mirifico
1900 3450 1951 3532 de
1990 3455 2097 3538 eis-⁰

257 3561 349 3648 dem
377 3557 575 3674 Reliquus
600 3553 854 3674 Refragante‘
877 3565 1051 3645 firmiter·
1071 3564 1273 3646 credimus
1306 3595 1373 3646 eas
1401 3591 1484 3644 esse
1532 3564 1602 3645 de.
1624 3562 1797 3672 collegio
1838 3580 2068 3648 sanctarum

255 3674 471 3783 virginum·
490 3685 722 3758 memorato.
753 3678 848 3756 Dies
877 3693 1012 3756 autem
1055 3676 1317 3757 exaltaciouis
1358 3686 1400 3756 et
1439 3675 1741 3759 exhumacionis
1783 3673 2067 3784 Reliquiarum

255 3780 462 3868 dictaruni·
505 3787 584 3894 yde
626 3791 666 3866 &
707 3788 844 3896 odylie
897 3807 956 3869 est
997 3815 1105 3868 anno
1154 3788 1307 3869 domini
1357 3788 1544 3869 .M⁰.CC⁰.
1596 3789 1844 3894 octogesimo
1891 3792 2072 3894 septimo

174 3919 177 3927 ’
256 3895 440 3979 kalendis
489 3898 739 4006 septembris.
804 3899 1008 4008 Rogamus
1059 3901 1183 4007 igitur
1229 3913 1271 3980 et
1327 3899 1539 3980 hortamur
1588 3899 1628 3978 in
1686 3897 1850 3978 domino
1901 3903 2068 3980 vniuer·

254 4036 319 4088 sos
363 4008 441 4089 deo
490 4008 684 4090 deuotos.¹
701 4011 893 4120 quatinus
939 4010 1185 4121 Vbicumque
1206 4010 1364 4100 eedem
1409 4011 1594 4118 Reliquis
1616 4005 1768 4110 fdelate
1798 4009 1948 4087 luerint
1975 4009 2071 4119 dig·

252 4149 304 4216 ne
345 4122 400 4203 ob
444 4118 602 4199 laudern
644 4121 711 4202 dei
752 4141 791 4203 et
830 4138 1058 4202 sanctarum
1110 4123 1311 4231 virginum
1358 4137 1616 4202 venerentur.
1665 4136 1710 4198 vt
1757 4146 1806 4200 ex
1847 4118 1924 4199 hoc
1966 4150 2066 4202 suo·

252 4261 299 4312 ru
386 4233 661 4341 peccaminum
703 4235 862 4313 veniam
903 4250 944 4313 et
985 4251 1077 4343 post
1122 4235 1240 4322 huius
1283 4235 1365 4327 vite
1405 4260 1566 4314 cursum
1603 4257 1694 4311 cum
1735 4233 1832 4340 ipsis
1861 4234 1900 4308 8(
1923 4258 2068 4338 earum

149 4357 150 4362 '
252 4260 412 4423 uidistis
432 4341 639 4452 possidere
667 4345 851 4426 celestem
881 4347 1053 4453 patriam
1083 4340 1419 4455 mereanturirdus
1450 4345 1563 4424 cuius
1601 4344 1659 4422 rei
1696 4332 1975 4432 testimonium
1992 4347 2068 4444 ‹si-

251 4456 397 4564 gillum
417 4455 531 4537 curie
560 4455 787 4538 colonensis
823 4457 1079 4566 presentibus
1114 4474 1174 4548 est
1211 4483 1445 4567 appensum.
1477 4457 1798 4559 ,Datumauno
1845 4449 2071 4558 domini&

249 4564 319 4647 die
345 4567 546 4676 predictis.
1418 4615 1421 4622 -
1718 4601 1723 4610 ·

93 4789 101 4798 ἱ
268 4813 314 4900 *)
332 4807 427 4902 ‚Elisa
442 4831 479 4874 eu
495 4812 510 4876 i
531 4811 621 4878 Paris
641 4809 671 4872 d.
693 4811 714 4876 5
735 4811 887 4876 Februeri
920 4812 998 4886 1286
1016 4815 1118 4898 gilteu
1140 4811 1253 4907 cistelei
1268 4811 1466 4904 ¹viil-immicis.
1583 4902 1588 4922 .
1612 4889 1619 4898 ¹

267 4963 315 5008 t.-
412 4961 463 5016 ;;“;
531 4963 581 4997 ‘¹
