4317 5975
976 380 1034 404 -
1143 335 1226 436 sas
1333 299 1400 402 -'
1483 268 1527 466 Ἰ

171 655 177 667 .
282 589 363 675 qtae
386 561 483 644 emit
518 560 667 671 hospes
694 587 718 640 a
746 555 942 655 rutheno,
971 584 1018 638 ea
1045 559 1243 640 ruthenus
1270 553 1597 665 presentabit-ad
1621 553 1765 641 libram
1784 557 1866 641 sine
1885 572 2028 672 expensis

236 721 241 730 ·
280 676 473 786 hospitis,
515 672 597 757 sed.
618 672 766 781 hospes
799 667 914 750 dabit
942 667 1207 779 ponderatori
1234 669 1304 751 IX.
1322 668 1445 750 schin
1471 689 1550 776 pro
1575 695 1672 778 eap,
1700 693 1785 750 non
1814 669 1908 779 plus.
1955 679 2029 780 Qui.

282 813 456 897 cumque
486 781 733 894 ponderator
761 783 1047 878 constituetur,
1084 781 1128 862 in
1157 807 1413 892 quacumque
1442 779 1547 860 libra
1577 777 1839 890 ponderabit,
1870 786 2029 871 osculabi-

280 912 349 978 tur
377 925 557 992 crucem,
586 894 698 1004 quod
727 893 893 1003 cuillb'et
929 921 979 974 ex
1015 908 1189 1002 utraque
1225 908 1338 1001 parte
1375 891 1572 1002 equaliter
1602 890 1767 999 pondet.
1824 895 2030 984 Ponderator

280 1009 439 1116 argenti
468 1005 697 1116 hospitibus
725 1002 917 1113 predictis
945 1002 1192 1113 ponderabit
1225 1005 1310 1084 sine
1340 1004 1489 1111 precio.
1546 1003 1753 1114 Quicquid
1790 1008 1934 1112 argenti
1963 1035 2031 1092 exa·

280 1120 457 1200 minator
485 1119 683 1227 receperit
712 1115 763 1197 ad
791 1115 1110 1211 comburendum
1139 1112 1189 1194 de
1223 1113 1403 1223 hospite,
1445 1117 1813 1224 superposieionem
1855 1113 2033 1228 deenmpu·

144 1237 156 1265 '
281 1231 387 1312 tabit
413 1227 464 1310 de
492 1229 563 1313 tali
592 1243 780 1338 argento,
808 1226 930 1336 quale
958 1227 1011 1307 ab
1038 1219 1277 1335 eo'recepit.
1306 1227 1409 1306 Cum
1440 1225 1585 1335 hospes
1606 1243 1819 1334 argentum
1842 1231 2036 1316 suumlacit

281 1337 522 1452 ponderari,
558 1365 636 1420 vna
665 1337 907 1448 ponderatio
934 1336 1055 1418 debet
1083 1338 1169 1418 fieri
1198 1339 1240 1427 in
1269 1365 1351 1418 una
1379 1338 1515 1434 scala,
1543 1354 1584 1418 et
1611 1336 1787 1418 secunda
1817 1337 2036 1447 ponderatio,

282 1458 316 1534 si
344 1453 479 1562 placet
506 1453 670 1559 hospiti.
726 1449 769 1528 Si
795 1450 942 1558 aliquis
969 1448 1357 1555 hospesargentum
1385 1443 1616 1530 uendiderit
1645 1450 1901 1530 examinatori
1926 1479 2036 1560 argen-

261 1566 337 1660 'ti,
364 1579 423 1661 et,
452 1561 564 1674 quod
593 1564 632 1643 ei
659 1559 908 1669 ponderator
936 1560 1094 1668 argenti
1124 1558 1394 1666 expenderat,
1423 1559 1509 1657 ille,
1548 1563 1620 1669 qui
1641 1561 1803 1670 recipit,
1832 1589 1912 1641 nou
1931 1591 2037 1672 repor-

282 1691 365 1773 tat;
394 1701 517 1782 super
543 1674 622 1755 hoc
650 1669 934 1780 nogardienses
960 1668 1281 1778 respondebunt.
1337 1667 1504 1784 (Stator)
1540 1669 1651 1771 lode,
1687 1674 1760 1783 qui
1797 1670 1939 1754 dieitur
1968 1703 2038 1784 cap,

252 1783 408 1868 'debet
435 1788 478 1866 iu
506 1786 708 1894 grauitate
736 1785 944 1866 continere
973 1783 1082 1864 VIlI.
1111 1781 1285 1864 liuouica
1311 1781 1478 1882 talenta.

258 1903 291 1944 ’·
335 1987 338 1994 ,
396 1898 499 1978 Item
528 1925 601 2004 per
630 1897 769 1976 funem
797 1895 926 1976 saneti
954 1895 1061 2003 petri
1088 1890 1209 1976 debet
1237 1893 1382 2003 hospes
1411 1920 1642 1976 mensurare
1670 1892 1778 1975 bona
1806 1921 1908 1974 sua.-

394 2008 495 2089 Cum
532 2009 711 2117 hospites
744 2006 946 2111 hyemales
980 2005 1047 2086 uel
1084 2005 1269 2085 estiuales
1305 1999 1476 2099 exierint
1511 2033 1533 2084 a
1572 2004 1683 2086 curia
1719 2021 1760 2086 et
1803 2007 1986 2096 venerint.
2006 2009 2041 2092 ad

285 2120 449 2216 vorsch,
491 2136 609 2216 tuuc,
650 2119 684 2198 si
711 2117 876 2215 uolunt,
920 2118 1119 2225 accipient
1147 2144 1271 2198 vuum
1301 2118 1512 2199 ductorem
1545 2117 1698 2198 seilicet
1738 2115 1962 2216 vorscbkel,
1996 2125 2041 2202 eui

225 2286 258 2310 ,ι
284 2231 441 2314 dabunt
468 2230 578 2311 VIII.
606 2231 738 2338 capita
768 2246 1035 2310 martarorum
1063 2246 1103 2308 et
1133 2255 1256 2308 vuum
1286 2255 1441 2337 panem.
1590 2230 1596 2242 '
2108 2321 2110 2324 ¹

395 2343 653 2450 Quicumque
682 2339 861 2447 hospites
889 2356 984 2444 sunt
1020 2341 1059 2421 in
1092 2343 1200 2419 curia
1242 2340 1425 2430 estiuales
1459 2334 1785 2444 uelhyemales,
1829 2353 1871 2418 et
1904 2338 2042 2421 habeant
2108 2325 2110 2412 l

169 2467 174 2474 '
284 2481 430 2563 equos,
459 2454 515 2533 eis
542 2467 714 2534 utantur
742 2449 850 2532 bona
878 2480 967 2551 sua,
997 2451 1062 2532 uel
1092 2450 1227 2532 fratris
1255 2453 1337 2549 sui,
1379 2450 1505 2532 libere
1532 2447 1773 2543 adducendo
1806 2465 1849 2530 et
1883 2447 2043 2532 deducen·

204 2569 209 2574 ’
285 2564 340 2648 do
369 2591 460 2646 cum
489 2564 572 2646 suis
599 2565 724 2674 equis.
1059 2575 1063 2581 '
1874 2572 1879 2580 '
2109 2651 2110 2656 p

292 2676 295 2681 ⁴
396 2677 518 2757 Curia
547 2676 773 2782 gotensium
803 2701 895 2753 cum
924 2673 1088 2758 ecclesia
1117 2689 1158 2753 et
1186 2673 1590 2756 cimiterium'saneti
1623 2667 1732 2752 olaui
1760 2688 1802 2752 et
1833 2689 1943 2782 prata
1967 2671 2044 2754 adia·
2107 2709 2110 2838 p

130 2881 142 2904 r
284 2787 417 2872 centia
445 2787 489 2866 iu
517 2785 706 2868 omnibus
733 2784 860 2866 libera
890 2802 1013 2866 eruut
1040 2785 1260 2868 seeundum
1289 2787 1484 2866 iusticiam
1513 2784 1691 2866 habitam
1721 2783 1773 2864 ab
1804 2783 1984 2893 antiquis.

397 2897 477 2978 Uia
504 2925 528 2977 a
554 2899 667 2978 curia
696 2897 921 3007 gotensium
951 2913 1065 2981 trans
1093 2899 1247 2978 curiam
1275 2899 1379 3007 regis
1416 2923 1544 3008 usque
1579 2893 1631 2976 ad
1669 2895 1803 2976 forum
1844 2896 1964 2978 libera
1992 2898 2045 2978 erit
2107 2875 2110 3031 l

285 3029 328 3122 et
355 3008 533 3101 edificiis·
562 3010 820 3119 inoccupata,
849 3008 1053 3105 libertate,
1097 3037 1218 3118 quam
1238 3037 1309 3091 rex
1338 3007 1467 3089 edidit
1493 3008 1782 3089 constantinus.
1846 3011 1946 3089 Item
1969 3008 2045 3089 eirea
2109 3040 2110 3087 l

286 3124 438 3205 curiam
467 3120 696 3203 eorumdem
735 3122 980 3229 goteusium,
1015 3120 1237 3203 secuudum
1273 3122 1468 3202 iusticiam
1504 3121 1712 3229 antiquam
1747 3120 1802 3201 ad
1841 3120 1947 3200 VIII.
1983 3146 2046 3229 pas·
2109 3136 2110 3141 ‘

215 3270 218 3273 ·
285 3260 355 3315 sus
395 3232 550 3315 edificia
594 3232 691 3342 poni
734 3259 818 3313 non
856 3231 1027 3329 debent,
1087 3260 1160 3314 nec
1202 3232 1404 3339 lignorum
1448 3234 1656 3340 congeries
1692 3231 1962 3341 circumponi,
1995 3258 2046 3311 uec

148 3369 150 3371 ·
287 3342 443 3455 aliquid
471 3346 515 3423 in
541 3371 588 3425 ea
616 3343 703 3430 fieri
729 3343 854 3425 debet
882 3360 1017 3458 preter
1044 3345 1224 3452 ipsorum
1253 3342 1512 3428 voluntatem.
1620 3373 1627 3385 ·

398 3457 499 3534 Item
537 3457 691 3536 curiam
733 3453 861 3561 gilde,
902 3480 1025 3561 quam
1061 3452 1180 3536 iidem
1218 3474 1401 3562 gotenses
1438 3452 1724 3550 vendiderunt,
1769 3482 1857 3536 non
1894 3420 2047 3538 teuentu
2106 3440 2110 3631 1

60 3560 70 3573 ’
156 3605 162 3611 ·
287 3566 552 3649 renouatione
580 3567 715 3673 pontis
742 3565 998 3673 aliquatenus
1026 3590 1256 3672 procurare.

398 3678 495 3757 Jura
524 3688 565 3757 et
593 3676 797 3756 libertates
827 3676 1090 3783 prescriptos,
1117 3700 1219 3784 quas
1247 3674 1426 3785 hospites
1455 3690 1696 3761 mercatores
1723 3674 1805 3756 sihi
1833 3678 1878 3759 in
1908 3678 2048 3762 dominio

288 3789 394 3895 regis
422 3801 464 3867 et
492 3786 817 3891 nogardIensium
847 3784 924 3865 sibi
959 3786 1046 3866 fieri
1083 3785 1309 3893 postulant,
1344 3787 1510 3869 heodem
1548 3786 1750 3868 libertates
1788 3805 1831 3869 et
1868 3793 1952 3872 iura
1982 3793 2049 3899 ipsis
2108 3806 2110 3919 4

288 3897 627 4008 nogardiensibus
664 3925 757 3978 cum
778 3899 834 3977 -in
870 3896 1120 4002 gotlandiam
1148 3900 1334 3981 uenerint
1367 3900 1411 3980 in
1439 3898 1627 3981 omnibus
1654 3897 1944 4009 impendantur
1968 3901 2048 3985 laus
2109 3924 2110 3963 t

202 4111 206 4119 ⁴
287 4010 470 4094 rabiliter
497 4026 539 4090 et
566 4010 751 4130 benigne.
806 4014 948 4091 Amen.
1024 4062 1028 4084 .

184 4322 188 4331 ·
301 4328 514 4549 r709.''
599 4322 605 4333 ·
833 4349 1467 4531 ,1252d24'Mdrs

233 4614 238 4624 “
310 4658 313 4663 ,
372 4590 571 4654 Grefvinuan
591 4588 799 4669 Mauoraerrs
821 4582 883 4647 och
903 4586 1046 4653 Grefvcu
1066 4590 1183 4657 Gomos
1204 4590 1243 4653 ef
1257 4588 1418 4655 Flunderu
1439 4591 1518 4656 Bref
1535 4612 1589 4656 om
1608 4541 1649 4655 de
1669 4575 1864 4670 ffirmdner,
1884 4588 1985 4652 hvitta
2001 4584 2055 4649 ttr-

414 4676 463 4735 vit
481 4671 757 4735 Gottlaudsfarare
778 4670 964 4735 lb'runuede.
1372 4698 1382 4709 ·
2074 4699 2076 4707 ’

1790 4756 1828 4813 tt.
1839 4728 1873 4814 ¹v.
1894 4754 1949 4810 ὑλ

336 4849 340 4853 ’
403 4856 489 4936 Nos
523 4857 797 4954 mesanum,
841 4840 1028 4938 Flahdrie
1062 4875 1102 4941 et
1139 4858 1324 4940 Hanovie
1358 4858 1579 4957 eomitissa,
1626 4874 1667 4940 et
1700 4886 1774 4941 nos
1809 4860 1946 4961 Gvroo
1976 4854 2055 4938 filius

168 4989 173 5005 “
292 4968 395 5069 eius,
422 4993 556 5054 eomes
582 4965 772 5051 Flandrie
800 4983 841 5051 et
869 4968 1073 5069 Hanovie,
1108 4970 1360 5055 notificamus
1388 4971 1576 5055 omnibus
1610 4986 1652 5053 et
1686 4972 1856 5083 singulis
1893 4965 2054 5083 presenti·
