4317 5975
888 430 1001 514 ⁵-
1113 444 1367 549 278,-

264 664 346 749 tam
389 665 558 775 posteris
599 692 718 775 quam
748 662 1002 773 presentibus
1030 640 1246 759 vniuersis,
1274 658 1398 766 Quod
1429 685 1501 740 nos
1528 650 1764 739 auctoritate
1806 652 2071 764 presencium·

27 762 30 773 ¹
168 848 174 857 .
197 841 201 853 .
265 797 348 859 tam
378 805 429 885 err
454 792 570 885 parte
599 793 734 855 nostra
762 804 882 884 quam
912 803 960 855 ex
982 793 1105 883 'parte
1120 777 1245 882 patris
1261 773 1408 866 nostri,
1423 768 1569 853 andree
1584 786 1714 850 towae.
1735 795 1820 849 son.
1840 769 2055 876 plenariam

145 988 149 995 Ι
264 968 267 977 ,
297 905 501 970 otestatem
531 886 817 967 committimus
845 884 1032 966 skotondi
1064 885 1202 965 Nobili
1231 887 1319 963 viro
1347 880 1514 961 domino
1549 877 1803 987 Rangwaldo
1829 878 1946 961 dieto
1974 879 2056 961 Mu·

267 918 334 1095 leo,
362 1014 446 1079 eta
475 996 592 1077 nobis
621 1015 661 1077 et
696 995 912 1081 heredibus
942 1000 1108 1091 nostris,
1137 1011 1178 1075 et
1205 997 1332 1104 patris
1356 995 1506 1088 nostri,
1535 988 1756 1086 alienandi,
1784 989 1955 1069 Curiam
1992 1015 2059 1071 no·
2112 1063 2117 1087 ,

173 1139 182 1161 ·
263 1124 389 1222 ,stram
418 1108 462 1215 jn
497 1097 668 1202 slaedini,
698 1108 796 1185 Crm
826 1107 996 1215 colonijs
1013 1105 1172 1188 ibidem
1202 1123 1243 1185 et
1263 1102 1453 1187 omnibus
1481 1104 1564 1183 suis
1593 1100 1853 1210 pertinenciis
1876 1099 2059 1207 jutrese·

267 1246 337 1329 pes
365 1235 405 1299 et
434 1234 567 1313 extra,
604 1246 681 1297 vna
712 1246 802 1297 oum
833 1218 1063 1298 molendino
1092 1216 1136 1324 jn
1166 1216 1324 1312 olfrud,
1352 1230 1393 1294 et
1421 1212 1654 1295 molendino
1682 1211 1930 1319 jntbengini
1953 1211 2060 1318 quod

266 1330 445 1441 possedit
458 1356 627 1436 magnus
642 1328 730 1411 dux.
751 1354 836 1407 son.
894 1332 945 1408 Et
974 1328 1050 1409 hoc
1078 1328 1266 1409 omnibus
1293 1352 1467 1435 quorum
1481 1326 1650 1436 juterest
1665 1322 1919 1430 intimamus,
1948 1321 2058 1429 Sigil-

267 1442 350 1521 lum
388 1458 566 1519 nostrum
612 1436 863 1545 presentibus
889 1454 1153 1548 apponentes.
1209 1441 1358 1519 Datum
1386 1438 1573 1536 Dimmu.
1647 1438 1769 1516 Auno
1797 1434 1964 1514 Domini
1993 1434 2059 1528 Μ’,

142 1547 147 1557 ’
268 1539 371 1647 CC',
401 1552 493 1631 XC⁹
524 1550 652 1633 V111·.
682 1548 856 1669 secunda
894 1548 959 1630 die
988 1549 1141 1631 Natalis
1169 1546 1353 1629 domini·

275 1706 277 1709 ⁵
718 1723 842 1825 sigillet
872 1722 1020 1803 sicdadt,
1041 1724 1082 1812 pt
1105 1744 1144 1787 eu
1167 1746 1206 1788 ur
1227 1724 1352 1789 brelvet
1373 1723 1479 1815 llippt
1500 1719 1620 1787 remea,-

226 1979 228 1987 ’
285 1957 449 2099 1259.
910 1954 1157 2099 1298d.
1205 1962 1283 2071 28.
1323 1958 1463 2061 Deo,
1795 1928 2058 2111 -Dymmu

354 2156 508 2271 Bislopeu
542 2174 696 2237 Bernoms
718 2176 728 2234 i
750 2174 849 2238 Slera
870 2174 944 2237 beel
963 2177 1003 2321 pi
1025 2196 1062 2237 en
1084 2176 1163 2257 glrd
1185 2179 1194 2237 i
1217 2178 1331 2254 Wem,
1351 2199 1418 2240 som
1441 2176 1558 2239 lemnae
1584 2173 1685 2238 stara
1711 2170 1904 2254 Domkyrlo
1925 2172 1936 2231 i
1956 2178 2058 2234 emitt-

261 2265 263 2273 '
329 2278 330 2285 ¹
406 2277 480 2339 mng
504 2256 553 2319 fiir
574 2258 743 2339 Teagened
767 2279 886 2341 qvero,
909 2258 1037 2321 brilen
1061 2258 1125 2321 hen
1147 2260 1256 2323 eistltt
1277 2262 1325 2324 till
1348 2259 1514 2343 Reguvcld
1540 2258 1639 2323 Mule.
1698 2338 1860 2395 ΗΜ

385 2472 586 2552 Omnibus
615 2490 819 2580 presentes
848 2473 999 2553 litteras
1027 2474 1282 2584 jospecturis.
1311 2476 1355 2566 Β.
1394 2474 1457 2557 dei
1501 2476 1636 2584 gracia
1664 2474 1859 2557 scarensis
1902 2470 2057 2579 Episeo·
2142 2501 2143 2546 1

275 2608 372 2693 pus,
402 2581 577 2663 Salutem
607 2584 651 2690 jn
667 2582 830 2664 domino
845 2585 1140 2692 sempiternam.
1183 2586 1343 2667 Tenore
1358 2589 1607 2695 presencium
1624 2602 1764 2665 notum
1781 2582 1967 2677 lecimus,
1980 2582 2058 2659 vni·

274 2694 401 2773 uersis
429 2708 511 2772 tarn
539 2695 710 2799 posteris
738 2723 859 2804 quarn
889 2697 1164 2803 presentibus,
1200 2697 1332 2805 quod,
1362 2700 1459 2808 quia
1485 2695 1669 2778 dedimus
1697 2694 1839 2776 Nobili
1868 2696 1956 2774 viro
1994 2689 2058 2771 do·

275 2805 388 2907 mino
429 2804 671 2913 rangwaldo
713 2806 823 2886 dicto
853 2805 970 2885 mulae
999 2835 1076 2914 pro
1104 2806 1228 2889 rebus
1254 2810 1331 2890 sibi
1368 2838 1442 2918 per
1470 2808 1634 2888 fratrem
1666 2824 1851 2886 nostrum
1880 2830 2056 2910 magnum

275 2914 420 3023 ablatis
442 2914 724 2996 'molendinum
753 2913 917 2998 ecclesie
946 2915 1145 3000 sltarensis
1172 2920 1292 3001 situm
1322 2919 1366 3028 jn
1395 2920 1599 3029 therrgini,
1627 2917 1740 3029 quod
1762 2912 1941 3027 possedit
1961 2940 2056 3022 mag·

276 3054 353 3106 nus
380 3026 585 3132 dum-son.
615 3053 688 3105 nos
704 3028 829 3134 ipsius
851 3028 1016 3110 ecclesie
1044 3028 1330 3138 indempnitati
1358 3029 1567 3112 consulere
1582 3031 1773 3125 volentes,
1802 3030 1966 3110 Curiam
1993 3053 2056 3105 no·

276 3154 397 3217 stram
425 3151 644 3242 maternam
672 3135 714 3242 jn
744 3165 868 3231 wem,
897 3139 1173 3224 Crmoolooia
1197 3149 1238 3223 8(
1266 3140 1498 3224 molendino
1525 3140 1688 3239 ibidem,
1719 3167 1766 3221 ee
1795 3134 2057 3221 omnibusbo·

276 3249 338 3326 nis
368 3246 639 3350 mobilibus&
667 3246 949 3353 J'nmobilibus‚
977 3251 1096 3357 agris,
1125 3257 1261 3359 pratis,
1288 3253 1541 3348 nemoribus,
1570 3281 1615 3332 ae
1643 3253 1786 3351 ceteris
1841 3246 2057 3351 ertinenoijs

277 3357 384 3466 jntra
414 3361 596 3465 sepes&
624 3375 755 3454 extra,
782 3357 826 3464 jn
847 3364 1261 3468 recompensacionem
1285 3390 1362 3472 pro
1390 3361 1500 3444 dicto
1515 3361 1746 3448 molendino
1760 3280 1890 3442 eidiem
1908 3359 2056 3439 ecclesie
2084 3358 2086 3361 ’

164 3525 171 3550 .
277 3466 458 3548 skarensi
499 3466 748 3552 refundimus
784 3469 1463 3580 ¹81irreuocubiliterassignemus.
1527 3475 1828 3555 Renunciantes
1855 3469 1975 3576 omni
1987 3468 2057 3578 juri
2101 3511 2107 3530 ·

277 3576 391 3689 quod
434 3575 553 3658 nobis
594 3576 657 3660 vel
690 3577 908 3661 heredibus
950 3584 1099 3663 nostris
1125 3583 1171 3691 jn
1209 3583 1316 3665 dicta
1345 3577 1466 3665 curie
1486 3584 1723 3694 eompeoijt,
1752 3583 1817 3663 vel
1845 3599 2056 3688 competere

275 3704 415 3798 posset
442 3683 493 3768 de
521 3685 612 3795 jure
640 3688 703 3768 vel
726 3687 777 3770 de
806 3689 926 3771 laeto.
954 3693 1006 3772 ,ΙΝ
1034 3695 1148 3776 cuius
1176 3697 1450 3777 testimonium
1483 3697 1659 3806 sigillum
1686 3711 1873 3777 nostrum
1909 3716 2055 3800 presen-

164 3865 198 3902 .,
278 3801 388 3882 tibus
417 3814 476 3878 est
519 3825 752 3906 appensum.
808 3803 956 3880 Datum
987 3803 1164 3902 Dimmu
1192 3805 1312 3889 Auno
1339 3804 1491 3888 domini
1518 3809 1592 3905 Μ’,
1620 3806 1724 3905 CC',
1764 3805 1988 3902 xc·V111·,
2018 3797 2055 3909 jn

277 3909 344 3994 die
372 3927 598 3996 sanctorum
641 3909 931 4017 innocencium.
1185 3983 1188 3990 .

679 4019 802 4104 sigillet
823 4017 986 4124 bortiellet
1006 4019 1077 4091 frio
1099 4021 1159 4085 den
1182 4045 1222 4087 ur
1242 4025 1366 4089 brelret
1386 4026 1511 4116 llippte
1538 4047 1670 4093 mser.

290 4329 457 4441 1260.
950 4313 953 4320 Ι
1027 4378 1183 4488 1299
1230 4342 1364 4452 odat
1452 4260 1457 4270 Ι
1863 4331 2053 4450 Tribelt.
2142 4442 2143 4475 ³

276 4525 279 4533 ·
360 4488 510 4585 lustrem
531 4486 570 4548 ei
584 4486 721 4574 Myreby
741 4491 831 4575 iotyg
853 4513 905 4554 om
927 4493 986 4560 deo
1009 4494 1134 4578 stuttg·
1156 4497 1488 4581 diverenslommeloe,
1509 4519 1576 4562 som
1607 4498 1775 4564 Benedicta
1792 4483 1975 4564 ‘Holmstem
1991 4486 2054 4551 ‹tot-

413 4581 462 4668 ter
484 4570 585 4667 rngdtt
606 4571 677 4634 med
698 4575 765 4636 siue
786 4573 955 4660 sltgtiogar
975 4578 1048 4641 med
1068 4579 1214 4660 elseende
1234 4583 1277 4665 pt
1297 4582 1389 4646 deras
1415 4581 1631 4668 arlrausprlk,
1656 4584 1751 4647 innuo
1774 4581 1838 4646 boo
1861 4580 1929 4644 tter
1957 4575 2055 4639 uuum

414 4673 425 4713 t
446 4651 603 4736 Skemnge
624 4654 756 4738 kloster,
778 4668 858 4752 tamt
870 4660 971 4722 under
988 4661 1075 4724 lived
1096 4662 1204 4726 rilkor
1224 4663 1289 4726 boo
1313 4664 1363 4728 till
1383 4665 1474 4728 detto
1495 4666 1613 4729 kloster
1633 4665 1746 4729 slflolt
1764 4669 1832 4729 sine
1864 4662 1947 4747 gode·

415 4849 615 4934 Omnibus
644 4873 850 4965 presentes
878 4857 1031 4942 litteras
1059 4864 1203 4945 visuris
1232 4849 1296 4966 vel
1316 4864 1517 4949 audituris
1544 4780 1895 4948 timidiorem
1918 4870 2052 4942 rmum
2103 4949 2108 4957 Ι

171 5049 177 5058 ,
281 4958 332 5044 de
360 4958 509 5072 Myrby
542 4963 731 5046 Salutem·
747 4969 789 5050 in
803 4966 968 5051 domino
995 4975 1290 5083 sempiternam.
1347 4979 1454 5083 Quia
1483 4980 1561 5061 rite
1588 4983 1628 5061 u
1655 4974 1953 5083 racionabiliter
1975 4974 2052 5045 ecit*
