4317 5975
981 394 1040 415 ···
1148 348 1230 454 ‹le
1339 394 1399 417 .-

149 498 207 705 .ἱ
301 589 468 697 1505.
913 578 1066 721 '1306
1111 546 1296 684 d..1'6'
1328 581 1457 685 Juui.
1657 724 1662 731 .
1804 580 2039 730 'Tynnelso

372 803 509 951 nopae
530 804 660 948 seseq
680 794 881 945 spumet
894 798 945 861 m
963 798 1075 881 rogas
1093 798 1213 861 trem
1233 770 1244 859 i
1264 796 1471 880 mseras-pen
1491 794 1528 858 ar
1545 769 1677 875 ruste,
1697 816 1764 859 ωω
1785 798 1886 882 sege
1903 804 2042 893 rupe„

448 900 472 952 rt
493 899 641 951 testamen
656 906 708 948 ere
1455 912 1458 927 ,
1541 910 1544 919 f
1760 895 1770 903 -

459 961 464 969 ”
1832 964 1943 1022 nst.

404 1103 605 1187 Btnossus
633 1100 699 1183 dei
726 1100 861 1211 gracia
899 1124 1102 1181 sweorum
1143 1098 1359 1207 gothorum
1394 1123 1474 1206 que
1503 1096 1610 1196 Rex,
1653 1096 1851 1180 Omnibus
1881 1121 2046 1211 presentes

292 1214 447 1299 litteras
474 1214 717 1325 jnspecturis
745 1212 914 1292 salutem
943 1211 986 1289 in
1013 1208 1189 1291 domino.
1247 1208 1476 1291 Constitute
1519 1209 1562 1289 in
1605 1209 1809 1319 presencia
1851 1230 1971 1293 nostra
1993 1216 2047 1295 do·

291 1329 401 1407 mina
429 1327 632 1408 abbatissa
646 1321 696 1405 de
712 1320 841 1416 fodhp
870 1338 1097 1429 conquesta
1121 1334 1181 1399 est
1210 1321 1359 1399 curiam
1388 1317 1606 1427 Tbygbyle
1634 1348 1753 1429 quem
1785 1321 1955 1430 birgerus
1983 1324 2048 1433 phi·

291 1439 504 1548 lippusson
531 1434 864 1518 testamentaliter
906 1432 1081 1512 contulit
1125 1430 1241 1511 dicto
1273 1432 1516 1511 monasterio
1545 1458 1635 1511 cum
1665 1430 1915 1539 pertinenciis
1940 1440 2048 1517 ceteris

290 1566 491 1661 perpetuo
520 1544 800 1657 possidendam
839 1570 916 1652 pro
958 1570 1000 1623 se
1040 1558 1082 1620 et
1123 1538 1365 1623 dominabus
1407 1537 1555 1621 ibidem
1600 1543 1642 1621 in
1682 1544 1934 1652 pertinenciis
1957 1575 2049 1655 quan

199 1734 203 1746 .
272 1661 513 1773 'plurimum
542 1654 746 1765 impediri,
789 1653 955 1763 dignum
984 1656 1110 1761 igitur
1138 1652 1550 1764 arbitrantesjomnes
1576 1668 1618 1733 et
1644 1654 1827 1761 singulos
1854 1672 1893 1734 ct
1918 1658 2050 1739 maxine

152 1772 156 1780 ’
292 1799 459 1880 sponsas
488 1768 628 1849 christi
657 1766 709 1849 ad
740 1766 938 1875 justiciam
967 1763 1187 1844 confouere
1223 1761 1372 1844 dictam
1416 1760 1566 1843 curiam
1595 1791 1684 1843 cum
1714 1767 1962 1872 pertinenciis
1985 1770 2050 1877 qui·

291 1880 470 1963 buslibet
502 1882 607 1960 sicut
636 1880 721 1987 ipse
751 1878 937 1987 birgerus
965 1876 1092 1983 ipsam
1122 1872 1263 1955 habuit
1291 1875 1395 1953 etin
1428 1891 1666 1955 testamento
1694 1878 1931 1973 continetur,
1959 1877 2049 1959 libere

292 1987 574 2102 possidendam
602 1988 899 2070 sentencialiter
926 1987 1225 2082 confirmamus,
1269 1984 1533 2093 prohibentes
1568 1987 1733 2067 firmiter
1761 2003 1804 2067 et
1832 1988 1994 2070 districte
2016 2016 2051 2069 ne

292 2104 385 2213 quis
413 2100 541 2182 dictas
568 2097 750 2181 dominas
778 2115 849 2177 aut
877 2115 1162 2205 procuratores
1191 2122 1329 2175 earum
1365 2124 1487 2204 super
1516 2094 1623 2177 dicta
1652 2100 1764 2179 curis
1795 2117 1875 2185 aut,
1891 2099 2053 2209 aliquibus

293 2216 376 2293 suis
404 2212 663 2321 pertinenciis
681 2208 839 2290 'audeat
866 2206 1075 2315 impedire,
1105 2232 1245 2287 verum
1274 2208 1308 2286 si
1337 2208 1482 2317 aliquis
1524 2208 1586 2287 ius
1628 2226 1698 2289 sut
1740 2212 1937 2290 racionem
1960 2236 2052 2317 appe

180 2347 184 2361 ·
293 2320 406 2405 tendi
436 2322 585 2403 dictam
614 2321 765 2401 curiam
796 2334 866 2398 aut
893 2318 1068 2428 aliquam
1099 2315 1149 2397 de
1179 2319 1438 2425 pertinenciis
1465 2320 1548 2398 suis
1576 2346 1660 2399 esse
1682 2321 1758 2401 sibi
1780 2320 1941 2419 viderit,
1965 2346 2053 2427 super

158 2439 163 2452 '
293 2436 375 2515 hoc
404 2434 522 2514 nobis
550 2446 824 2541 conqueratur
853 2456 927 2509 nec
971 2428 1042 2537 alij
1071 2428 1261 2537 cuiquam
1305 2430 1399 2538 quia
1435 2456 1595 2511 omnem
1637 2430 1929 2539 impeticioneur
1967 2430 2053 2510 buius

295 2573 414 2627 cause
442 2559 580 2625 nostre
608 2541 901 2623 examinacioni
935 2556 976 2619 et
1003 2536 1206 2619 sentencie
1243 2535 1494 2621 decreuimus
1536 2540 1844 2639 reserandam,
1888 2546 1935 2622 Jn
1972 2543 2054 2621 cuius

176 2707 180 2715 ss
296 2658 357 2737 rei
384 2655 656 2737 testimonium
685 2652 860 2759 sigillum
891 2667 1072 2731 nostrum
1103 2651 1354 2759 presentibus
1398 2668 1457 2731 est
1502 2679 1727 2759 appensum
1778 2654 1926 2735 Datum
1951 2652 2053 2761 Thyn·

296 2767 402 2861 nilsol
430 2794 536 2849 anno
564 2763 737 2871 domini,
764 2760 976 2859 M⁰,CCC',
1003 2776 1138 2857 sexto,
1165 2760 1274 2841 XVI.
1303 2761 1491 2843 kalendas
1519 2762 1621 2871 julij.

673 2904 926 2990 Pesrtmetan:
946 2902 1052 2966 littera
1073 2902 1194 2965 domiui
1215 2902 1334 2988 bit-geri
1354 2905 1435 2986 regis
1455 2906 1564 2967 swecie
1585 2904 1722 2990 Tybille.

730 3022 851 3105 sigillet
869 3019 979 3099 berta,
1000 3019 1092 3103 jemte
1113 3017 1173 3082 den
1194 3039 1232 3082 ur
1253 3019 1375 3086 breivet
1397 3019 1515 3106 lllppte
1536 3041 1667 3085 remean-

226 3470 229 3479 ’
311 3471 478 3578 1506.
684 3465 688 3475 ¹
931 3468 1082 3574 1306
1129 3468 1179 3572 d.
1231 3469 1297 3574 13
1344 3465 1456 3573 Juli.
1785 3467 2058 3574 Kettastrite

382 3689 457 3754 Oen
478 3686 671 3750 nemeen
690 3675 957 3750 silverlltelsebrei
973 3686 1023 3749 till
1043 3686 1170 3772 Regner
1192 3688 1231 3772 pl
1253 3689 1297 3751 sin
1320 3687 1445 3752 hostros
1465 3688 1542 3768 gods
1562 3685 1635 3762 dire
1656 3687 1765 3754 Walle
1788 3689 1832 3774 pt
1848 3691 1970 3767 Sciatis,
1987 3687 2060 3749 lbrstt

361 3789 364 3792 ’
433 3771 470 3834 el
487 3772 621 3853 Magnus
641 3771 817 3832 Merioeson
837 3767 898 3832 ocb
920 3771 994 3854 lnge
1015 3769 1257 3852 Regnweldsson
1280 3774 1340 3834 sins
1362 3771 1493 3837 emellau
1516 3771 1578 3857 lile
1600 3772 1742 3835 lb'rdelas.

1851 3857 1962 3909 nee

409 3987 609 4070 Omnibus
638 4015 802 4096 presens
829 3987 1026 4096 scriptum
1057 3989 1342 4087 cernentibus‚·
1365 4013 1552 4082 osraenos
1587 4011 1832 4088 nthJsssou
1860 3990 2010 4072 salutem
2029 3983 2058 4062 in
2114 4016 2115 4029 ³

302 4101 471 4209 virginis
499 4098 583 4179 filio
611 4099 805 4207 gloriose,
845 4115 987 4180 tenore
1028 4101 1279 4206 presencium
1308 4118 1493 4182 constare
1522 4097 1615 4180 volo
1644 4091 1855 4184 euidenter
1883 4127 1939 4182 me
1964 4090 2059 4176 nobil

197 4215 203 4226 '
302 4213 393 4290 viro
421 4236 594 4319 ragnero
622 4208 805 4318 predium
834 4207 947 4320 quod
973 4236 1075 4292 vxor
1099 4240 1186 4291 mee
1215 4210 1256 4292 in
1277 4213 1366 4321 yfra
1391 4211 1678 4322 vallumapud
1705 4213 1781 4294 sila
1807 4211 1961 4332 posedit
1983 4221 2060 4286 tots·

300 4321 394 4402 liter
421 4318 633 4420 dimisisse,
670 4319 757 4401 'lsta
798 4336 933 4402 temen
971 4321 1210 4403 condicione
1245 4340 1369 4432 prout
1410 4321 1574 4406 discreti
1609 4325 1686 4402 viri
1714 4321 1902 4406 dominus
1928 4337 2059 4424 magnus

300 4435 456 4514 marina
485 4461 562 4514 sun
591 4450 633 4512 et
663 4430 849 4513 dominus
877 4431 977 4540 jugo
1005 4434 1267 4538 ragualdsson
1303 4439 1504 4517 intereos
1533 4433 1731 4544 equaliter
1760 4435 1910 4517 fuerint
1936 4432 2060 4536 dispen-

301 4544 405 4642 suri,
434 4548 485 4624 Jn
512 4543 628 4625 cuius
657 4545 716 4623 rei
743 4543 1013 4623 testimonium
1042 4545 1215 4650 sigillum
1245 4574 1375 4627 meum
1407 4545 1661 4656 presentibus
1681 4563 1742 4627 est
1757 4572 1980 4656 appensum,
2002 4539 2060 4618 Da·

302 4669 389 4733 tum
418 4655 663 4738 kattastraete
691 4681 799 4735 enno
827 4652 981 4736 domini
1008 4655 1066 4736 M·
1087 4657 1315 4754 ccc·V1·‚
1343 4655 1420 4737 ΙΙΙο
1451 4655 1544 4739 idus
1571 4657 1690 4754 Julii,
1717 4657 1848 4746 valete
1871 4661 1910 4740 in
1930 4651 2058 4736 christo.

620 4797 755 4880 sigillet,
777 4805 884 4860 elstan
903 4797 1071 4881 osbededt,
1092 4800 1208 4882 benger
1228 4799 1269 4884 pt
1290 4819 1329 4863 en
1350 4819 1388 4862 ur
1409 4799 1530 4863 brefret
1551 4799 1653 4886 klippt
1674 4817 1782 4864 remae.
