<?xml version="1.0" encoding="UTF-8"?>
<!DOCTYPE html PUBLIC "-//W3C//DTD XHTML 1.0 Transitional//EN"
    "http://www.w3.org/TR/xhtml1/DTD/xhtml1-transitional.dtd">
<html xmlns="http://www.w3.org/1999/xhtml" xml:lang="en" lang="en">
 <head>
  <title>
</title>
<meta http-equiv="Content-Type" content="text/html;charset=utf-8" />
  <meta name='ocr-system' content='tesseract 3.04.00' />
  <meta name='ocr-capabilities' content='ocr_page ocr_carea ocr_par ocr_line ocrx_word'/>
</head>
<body>
  <div class='ocr_page' id='page_1' title='image "./svensktdiplomat01swegoog/svensktdiplomat01swegoog_0084.png"; bbox 0 0 4317 5975; ppageno 0'>
   <div class='ocr_carea' id='block_1_1' title="bbox 789 432 1180 565">
    <p class='ocr_par' dir='ltr' id='par_1_1' title="bbox 789 432 1180 565">
     <span class='ocr_line' id='line_1_1' title="bbox 789 432 1180 565; baseline -0.003 -34"><span class='ocrx_word' id='word_1_1' title='bbox 789 432 1180 565; x_wconf 45' lang='grc' dir='ltr'><strong><em>ψῃ..-</em></strong></span> 
     </span>
    </p>
   </div>
   <div class='ocr_carea' id='block_1_2' title="bbox 1 666 2154 1907">
    <p class='ocr_par' dir='ltr' id='par_1_2' title="bbox 1 666 2154 1907">
     <span class='ocr_line' id='line_1_2' title="bbox 87 666 1890 783; baseline 0.001 -26"><span class='ocrx_word' id='word_1_2' title='bbox 87 670 200 757; x_wconf 91' lang='lat' dir='ltr'><strong>uobis</strong></span> <span class='ocrx_word' id='word_1_3' title='bbox 229 669 498 755; x_wconf 77' lang='lat' dir='ltr'><strong>successerint</strong></span> <span class='ocrx_word' id='word_1_4' title='bbox 522 666 654 753; x_wconf 88' lang='lat' dir='ltr'><strong>locum</strong></span> <span class='ocrx_word' id='word_1_5' title='bbox 682 670 808 753; x_wconf 82' lang='lat' dir='ltr'><strong>eciam</strong></span> <span class='ocrx_word' id='word_1_6' title='bbox 837 673 971 782; x_wconf 92' lang='lat' dir='ltr'><strong>ipsum</strong></span> <span class='ocrx_word' id='word_1_7' title='bbox 1006 678 1048 755; x_wconf 75' lang='lat' dir='ltr'><strong>tr</strong></span> <span class='ocrx_word' id='word_1_8' title='bbox 1082 674 1194 757; x_wconf 81' lang='lat' dir='ltr'><strong>bona</strong></span> <span class='ocrx_word' id='word_1_9' title='bbox 1225 689 1359 755; x_wconf 89' lang='lat' dir='ltr'><strong>uestra</strong></span> <span class='ocrx_word' id='word_1_10' title='bbox 1424 700 1478 755; x_wconf 91' lang='lat' dir='ltr'><strong>ue</strong></span> <span class='ocrx_word' id='word_1_11' title='bbox 1510 675 1556 760; x_wconf 90' lang='lat' dir='ltr'><strong>in</strong></span> <span class='ocrx_word' id='word_1_12' title='bbox 1590 676 1890 783; x_wconf 79' lang='lat' dir='ltr'>presenciarum</span> 
     </span>
     <span class='ocr_line' id='line_1_3' title="bbox 1 700 1890 893; baseline 0.001 -26"><span class='ocrx_word' id='word_1_13' title='bbox 1 748 3 867; x_wconf 90' lang='lat' dir='ltr'><strong>l</strong></span> <span class='ocrx_word' id='word_1_14' title='bbox 87 784 241 869; x_wconf 81' lang='lat' dir='ltr'><strong>bebetis</strong></span> <span class='ocrx_word' id='word_1_15' title='bbox 263 788 311 864; x_wconf 24' lang='lat' dir='ltr'><strong>x&amp;</strong></span> <span class='ocrx_word' id='word_1_16' title='bbox 337 783 382 863; x_wconf 93' lang='lat' dir='ltr'><strong>in</strong></span> <span class='ocrx_word' id='word_1_17' title='bbox 411 796 618 893; x_wconf 88' lang='lat' dir='ltr'><strong>posterum</strong></span> <span class='ocrx_word' id='word_1_18' title='bbox 647 782 755 889; x_wconf 90' lang='lat' dir='ltr'><strong>iusto</strong></span> <span class='ocrx_word' id='word_1_19' title='bbox 782 784 907 865; x_wconf 91' lang='lat' dir='ltr'><strong>titulo</strong></span> <span class='ocrx_word' id='word_1_20' title='bbox 935 785 1128 867; x_wconf 86' lang='lat' dir='ltr'><strong>habiture</strong></span> <span class='ocrx_word' id='word_1_21' title='bbox 1160 786 1257 869; x_wconf 89' lang='lat' dir='ltr'><strong>estis</strong></span> <span class='ocrx_word' id='word_1_22' title='bbox 1297 700 1485 868; x_wconf 85' lang='lat' dir='ltr'><strong>Familias</strong></span> <span class='ocrx_word' id='word_1_23' title='bbox 1525 804 1687 867; x_wconf 71' lang='lat' dir='ltr'><strong>nerum</strong></span> <span class='ocrx_word' id='word_1_24' title='bbox 1708 786 1890 869; x_wconf 85' lang='lat' dir='ltr'><strong>vbicum·</strong></span> 
     </span>
     <span class='ocr_line' id='line_1_4' title="bbox 1 886 1890 1011; baseline 0.005 -32"><span class='ocrx_word' id='word_1_25' title='bbox 1 886 3 947; x_wconf 80' lang='lat' dir='ltr'><strong>l</strong></span> <span class='ocrx_word' id='word_1_26' title='bbox 139 924 162 979; x_wconf 90' lang='lat' dir='ltr'><strong>e</strong></span> <span class='ocrx_word' id='word_1_27' title='bbox 191 896 412 977; x_wconf 83' lang='lat' dir='ltr'><strong>existentes</strong></span> <span class='ocrx_word' id='word_1_28' title='bbox 439 893 516 977; x_wconf 91' lang='lat' dir='ltr'><strong>sub</strong></span> <span class='ocrx_word' id='word_1_29' title='bbox 544 894 779 999; x_wconf 80' lang='lat' dir='ltr'><strong>apostolice</strong></span> <span class='ocrx_word' id='word_1_30' title='bbox 793 894 900 977; x_wconf 89' lang='lat' dir='ltr'><strong>sedis</strong></span> <span class='ocrx_word' id='word_1_31' title='bbox 927 902 969 979; x_wconf 76' lang='lat' dir='ltr'><strong>ssc</strong></span> <span class='ocrx_word' id='word_1_32' title='bbox 995 914 1135 979; x_wconf 87' lang='lat' dir='ltr'><strong>nostra</strong></span> <span class='ocrx_word' id='word_1_33' title='bbox 1164 897 1419 1006; x_wconf 87' lang='lat' dir='ltr'><strong>protectione</strong></span> <span class='ocrx_word' id='word_1_34' title='bbox 1454 898 1619 1006; x_wconf 89' lang='lat' dir='ltr'><strong>speciali</strong></span> <span class='ocrx_word' id='word_1_35' title='bbox 1654 896 1890 1011; x_wconf 71' lang='lat' dir='ltr'><strong>inhibentes</strong></span> 
     </span>
     <span class='ocr_line' id='line_1_5' title="bbox 86 924 2154 1117; baseline -0.004 -26"><span class='ocrx_word' id='word_1_36' title='bbox 86 924 308 1091; x_wconf 66' lang='lat' dir='ltr'><strong>dinianica</strong></span> <span class='ocrx_word' id='word_1_37' title='bbox 336 1032 389 1087; x_wconf 92' lang='lat' dir='ltr'><strong>ne</strong></span> <span class='ocrx_word' id='word_1_38' title='bbox 411 1006 503 1116; x_wconf 92' lang='lat' dir='ltr'><strong>quis</strong></span> <span class='ocrx_word' id='word_1_39' title='bbox 530 1005 650 1088; x_wconf 87' lang='lat' dir='ltr'><strong>uobis</strong></span> <span class='ocrx_word' id='word_1_40' title='bbox 678 1007 745 1089; x_wconf 91' lang='lat' dir='ltr'><strong>uel</strong></span> <span class='ocrx_word' id='word_1_41' title='bbox 784 1008 877 1092; x_wconf 91' lang='lat' dir='ltr'><strong>loco</strong></span> <span class='ocrx_word' id='word_1_42' title='bbox 912 1026 1068 1106; x_wconf 85' lang='lat' dir='ltr'><strong>uestro,</strong></span> <span class='ocrx_word' id='word_1_43' title='bbox 1103 1010 1223 1091; x_wconf 91' lang='lat' dir='ltr'><strong>bonis</strong></span> <span class='ocrx_word' id='word_1_44' title='bbox 1249 1030 1327 1089; x_wconf 78' lang='lat' dir='ltr'><strong>&#39;sen</strong></span> <span class='ocrx_word' id='word_1_45' title='bbox 1363 1009 1565 1117; x_wconf 86' lang='lat' dir='ltr'><strong>personis,</strong></span> <span class='ocrx_word' id='word_1_46' title='bbox 1583 1006 1654 1099; x_wconf 78' lang='lat' dir='ltr'><strong>ad</strong></span> <span class='ocrx_word' id='word_1_47' title='bbox 1689 1026 1892 1091; x_wconf 86' lang='lat' dir='ltr'><strong>monaste-</strong></span> <span class='ocrx_word' id='word_1_48' title='bbox 2134 1014 2154 1114; x_wconf 57' lang='lat'><strong>13</strong></span> 
     </span>
     <span class='ocr_line' id='line_1_6' title="bbox 86 1116 2149 1229; baseline 0 -27"><span class='ocrx_word' id='word_1_49' title='bbox 86 1122 189 1202; x_wconf 87' lang='lat' dir='ltr'><strong>rium</strong></span> <span class='ocrx_word' id='word_1_50' title='bbox 219 1134 404 1200; x_wconf 88' lang='lat' dir='ltr'><strong>uestrum</strong></span> <span class='ocrx_word' id='word_1_51' title='bbox 431 1117 710 1228; x_wconf 80' lang='lat' dir='ltr'><strong>spectantibus</strong></span> <span class='ocrx_word' id='word_1_52' title='bbox 737 1120 959 1203; x_wconf 83' lang='lat' dir='ltr'><strong>molestiam</strong></span> <span class='ocrx_word' id='word_1_53' title='bbox 987 1119 1110 1204; x_wconf 84' lang='lat' dir='ltr'><strong>faciat</strong></span> <span class='ocrx_word' id='word_1_54' title='bbox 1126 1140 1208 1203; x_wconf 76' lang='lat' dir='ltr'><strong>&#39;aut</strong></span> <span class='ocrx_word' id='word_1_55' title='bbox 1235 1118 1482 1200; x_wconf 87' lang='lat' dir='ltr'><strong>uiolenciam</strong></span> <span class='ocrx_word' id='word_1_56' title='bbox 1501 1116 1802 1229; x_wconf 82' lang='lat' dir='ltr'><strong>dampnabilem</strong></span> <span class='ocrx_word' id='word_1_57' title='bbox 1829 1122 1893 1202; x_wconf 92' lang='lat' dir='ltr'><strong>in·</strong></span> <span class='ocrx_word' id='word_1_58' title='bbox 1952 1129 1954 1132; x_wconf 81' lang='grc'><strong>’</strong></span> <span class='ocrx_word' id='word_1_59' title='bbox 2044 1133 2049 1137; x_wconf 76' lang='grc'><strong><em>’</em></strong></span> <span class='ocrx_word' id='word_1_60' title='bbox 2128 1124 2149 1171; x_wconf 82' lang='lat'><strong>·&#39;·</strong></span> 
     </span>
     <span class='ocr_line' id='line_1_7' title="bbox 84 1222 2084 1342; baseline -0.001 -23.077"><span class='ocrx_word' id='word_1_61' title='bbox 84 1230 185 1313; x_wconf 84' lang='lat' dir='ltr'><strong>feret</strong></span> <span class='ocrx_word' id='word_1_62' title='bbox 229 1231 337 1313; x_wconf 88' lang='lat' dir='ltr'><strong>sicut</strong></span> <span class='ocrx_word' id='word_1_63' title='bbox 378 1223 714 1339; x_wconf 84' lang='lat' dir='ltr'><strong>indignacionem¹</strong></span> <span class='ocrx_word' id='word_1_64' title='bbox 743 1228 808 1313; x_wconf 86' lang='lat' dir='ltr'><strong>dei</strong></span> <span class='ocrx_word' id='word_1_65' title='bbox 850 1233 1213 1342; x_wconf 86' lang='lat' dir='ltr'><strong>omnipotentis&amp;</strong></span> <span class='ocrx_word' id='word_1_66' title='bbox 1247 1229 1527 1340; x_wconf 89' lang='lat' dir='ltr'><strong>apostolorum</strong></span> <span class='ocrx_word' id='word_1_67' title='bbox 1571 1235 1660 1313; x_wconf 91' lang='lat' dir='ltr'><strong>eius</strong></span> <span class='ocrx_word' id='word_1_68' title='bbox 1701 1230 1813 1311; x_wconf 89' lang='lat' dir='ltr'><strong>Petri</strong></span> <span class='ocrx_word' id='word_1_69' title='bbox 1852 1237 1894 1317; x_wconf 85' lang='lat'>&amp;</span> <span class='ocrx_word' id='word_1_70' title='bbox 2063 1222 2084 1241; x_wconf 71' lang='grc'><strong>“’</strong></span> 
     </span>
     <span class='ocr_line' id='line_1_8' title="bbox 1 1336 2154 1462; baseline -0.002 -35"><span class='ocrx_word' id='word_1_71' title='bbox 1 1398 2 1415; x_wconf 40' lang='grc' dir='ltr'>ι</span> <span class='ocrx_word' id='word_1_72' title='bbox 84 1341 199 1427; x_wconf 82' lang='lat' dir='ltr'><strong>Pauli</strong></span> <span class='ocrx_word' id='word_1_73' title='bbox 225 1369 305 1425; x_wconf 91' lang='lat' dir='ltr'><strong>nec</strong></span> <span class='ocrx_word' id='word_1_74' title='bbox 332 1366 418 1425; x_wconf 91' lang='lat' dir='ltr'><strong>non</strong></span> <span class='ocrx_word' id='word_1_75' title='bbox 445 1357 627 1423; x_wconf 86' lang='lat' dir='ltr'><strong>nostram</strong></span> <span class='ocrx_word' id='word_1_76' title='bbox 653 1344 835 1425; x_wconf 89' lang='lat' dir='ltr'><strong>uoluerit</strong></span> <span class='ocrx_word' id='word_1_77' title='bbox 860 1345 1018 1427; x_wconf 87' lang='lat' dir='ltr'><strong>euitare</strong></span> <span class='ocrx_word' id='word_1_78' title='bbox 1042 1344 1303 1462; x_wconf 83' lang='lat' dir='ltr'><strong>Quicumque</strong></span> <span class='ocrx_word' id='word_1_79' title='bbox 1336 1368 1438 1423; x_wconf 90' lang='lat' dir='ltr'><strong>uero</strong></span> <span class='ocrx_word' id='word_1_80' title='bbox 1475 1340 1679 1425; x_wconf 84' lang='lat' dir='ltr'><strong>maliciose</strong></span> <span class='ocrx_word' id='word_1_81' title='bbox 1713 1336 1893 1424; x_wconf 80' lang='lat' dir='ltr'><strong>eontrai·</strong></span> <span class='ocrx_word' id='word_1_82' title='bbox 1941 1445 1943 1448; x_wconf 16' lang='grc' dir='ltr'>Ι</span> <span class='ocrx_word' id='word_1_83' title='bbox 2068 1358 2085 1437; x_wconf 67' lang='lat' dir='ltr'><em>j</em></span> <span class='ocrx_word' id='word_1_84' title='bbox 2125 1351 2154 1444; x_wconf 62' lang='lat' dir='ltr'><strong>jlj</strong></span> 
     </span>
     <span class='ocr_line' id='line_1_9' title="bbox 85 1452 2079 1568; baseline -0.002 -30"><span class='ocrx_word' id='word_1_85' title='bbox 85 1481 126 1538; x_wconf 90' lang='lat' dir='ltr'><strong>re</strong></span> <span class='ocrx_word' id='word_1_86' title='bbox 161 1452 477 1565; x_wconf 82' lang='lat' dir='ltr'><strong>presumpserit,</strong></span> <span class='ocrx_word' id='word_1_87' title='bbox 518 1456 683 1537; x_wconf 87' lang='lat' dir='ltr'><strong>nouerit</strong></span> <span class='ocrx_word' id='word_1_88' title='bbox 722 1454 853 1568; x_wconf 78' lang='lat' dir='ltr'><strong>quod.¹</strong></span> <span class='ocrx_word' id='word_1_89' title='bbox 877 1472 1020 1538; x_wconf 88' lang='lat' dir='ltr'><strong>contra</strong></span> <span class='ocrx_word' id='word_1_90' title='bbox 1062 1482 1155 1539; x_wconf 87' lang='lat' dir='ltr'><strong>eum</strong></span> <span class='ocrx_word' id='word_1_91' title='bbox 1196 1457 1410 1537; x_wconf 89' lang='lat' dir='ltr'><strong>seueritate</strong></span> <span class='ocrx_word' id='word_1_92' title='bbox 1451 1453 1720 1552; x_wconf 82' lang='lat' dir='ltr'><strong>ecclesiastica</strong></span> <span class='ocrx_word' id='word_1_93' title='bbox 1758 1453 1893 1540; x_wconf 77' lang='lat' dir='ltr'><strong>acrius</strong></span> <span class='ocrx_word' id='word_1_94' title='bbox 2075 1541 2079 1554; x_wconf 57' lang='grc'><em>,</em></span> 
     </span>
     <span class='ocr_line' id='line_1_10' title="bbox 1 1563 2045 1677; baseline -0 -30"><span class='ocrx_word' id='word_1_95' title='bbox 1 1593 2 1598; x_wconf 42' lang='lat'>¹</span> <span class='ocrx_word' id='word_1_96' title='bbox 84 1563 349 1677; x_wconf 83' lang='lat' dir='ltr'><strong>procedemus</strong></span> <span class='ocrx_word' id='word_1_97' title='bbox 387 1564 536 1646; x_wconf 85' lang='lat' dir='ltr'><strong>Datum</strong></span> <span class='ocrx_word' id='word_1_98' title='bbox 578 1564 757 1677; x_wconf 86' lang='lat' dir='ltr'><strong>lincopie</strong></span> <span class='ocrx_word' id='word_1_99' title='bbox 783 1592 893 1650; x_wconf 86' lang='lat' dir='ltr'><strong>anno</strong></span> <span class='ocrx_word' id='word_1_100' title='bbox 920 1568 1089 1666; x_wconf 88' lang='lat' dir='ltr'><strong>domini,</strong></span> <span class='ocrx_word' id='word_1_101' title='bbox 1115 1567 1327 1651; x_wconf 88' lang='lat' dir='ltr'><strong>Millesimo</strong></span> <span class='ocrx_word' id='word_1_102' title='bbox 1355 1565 1631 1651; x_wconf 87' lang='lat' dir='ltr'><strong>ducentesimo</strong></span> <span class='ocrx_word' id='word_1_103' title='bbox 1644 1564 1892 1675; x_wconf 85' lang='lat' dir='ltr'><strong>octogesimo</strong></span> <span class='ocrx_word' id='word_1_104' title='bbox 1930 1593 1933 1598; x_wconf 58' lang='lat'><strong><em>¹</em></strong></span> <span class='ocrx_word' id='word_1_105' title='bbox 2041 1649 2045 1661; x_wconf 64' lang='grc'><strong>,</strong></span> 
     </span>
     <span class='ocr_line' id='line_1_11' title="bbox 86 1674 1269 1785; baseline 0 -25"><span class='ocrx_word' id='word_1_106' title='bbox 86 1703 194 1761; x_wconf 89' lang='lat' dir='ltr'><strong>nono</strong></span> <span class='ocrx_word' id='word_1_107' title='bbox 222 1676 355 1759; x_wconf 84' lang='lat' dir='ltr'><strong>Nonis</strong></span> <span class='ocrx_word' id='word_1_108' title='bbox 383 1674 536 1785; x_wconf 74' lang='lat' dir='ltr'><strong>aprilis:</strong></span> <span class='ocrx_word' id='word_1_109' title='bbox 582 1684 586 1689; x_wconf 82' lang='grc'><strong>’</strong></span> <span class='ocrx_word' id='word_1_110' title='bbox 793 1696 797 1703; x_wconf 84' lang='grc'><strong>“</strong></span> <span class='ocrx_word' id='word_1_111' title='bbox 1265 1723 1269 1729; x_wconf 93' lang='grc'><strong>-</strong></span> 
     </span>
     <span class='ocr_line' id='line_1_12' title="bbox 717 1816 1263 1907; baseline 0.004 -24"><span class='ocrx_word' id='word_1_112' title='bbox 717 1816 774 1883; x_wconf 77' lang='lat' dir='ltr'><strong>En</strong></span> <span class='ocrx_word' id='word_1_113' title='bbox 795 1816 902 1905; x_wconf 70' lang='lat' dir='ltr'><strong>atycke</strong></span> <span class='ocrx_word' id='word_1_114' title='bbox 923 1819 960 1884; x_wconf 80' lang='lat' dir='ltr'><strong>cf</strong></span> <span class='ocrx_word' id='word_1_115' title='bbox 975 1818 1097 1905; x_wconf 68' lang='lat' dir='ltr'><strong>sigillet</strong></span> <span class='ocrx_word' id='word_1_116' title='bbox 1116 1828 1152 1885; x_wconf 80' lang='lat' dir='ltr'><strong>tr</strong></span> <span class='ocrx_word' id='word_1_117' title='bbox 1173 1840 1263 1907; x_wconf 78' lang='lat' dir='ltr'><strong>qrar.</strong></span> 
     </span>
    </p>
   </div>
   <div class='ocr_carea' id='block_1_3' title="bbox 97 2144 1893 2429">
    <p class='ocr_par' dir='ltr' id='par_1_3' title="bbox 97 2144 1893 2429">
     <span class='ocr_line' id='line_1_13' title="bbox 97 2144 1893 2429; baseline -0.002 -120"><span class='ocrx_word' id='word_1_118' title='bbox 97 2199 224 2349; x_wconf 80' lang='lat'><strong>989.</strong></span> <span class='ocrx_word' id='word_1_119' title='bbox 722 2144 1266 2355; x_wconf 48' lang='lat' dir='ltr'><strong>12&#39;85n1&#39;7npr.</strong></span> <span class='ocrx_word' id='word_1_120' title='bbox 1477 2331 1487 2429; x_wconf 55' lang='lat'><em>)</em></span> <span class='ocrx_word' id='word_1_121' title='bbox 1598 2196 1893 2347; x_wconf 82' lang='lat' dir='ltr'><strong>Karlsbcrg.</strong></span> 
     </span>
    </p>
   </div>
   <div class='ocr_carea' id='block_1_4' title="bbox 168 2385 1897 2590">
    <p class='ocr_par' dir='ltr' id='par_1_4' title="bbox 1 2385 1897 2590">
     <span class='ocr_line' id='line_1_14' title="bbox 168 2385 1897 2567; baseline -0.002 -81.352"><span class='ocrx_word' id='word_1_122' title='bbox 168 2420 301 2567; x_wconf 57' lang='lat' dir='ltr'><strong>espen</strong></span> <span class='ocrx_word' id='word_1_123' title='bbox 333 2417 543 2483; x_wconf 66' lang='lat' dir='ltr'><strong>snmus</strong></span> <span class='ocrx_word' id='word_1_124' title='bbox 572 2416 923 2524; x_wconf 63' lang='lat' dir='ltr'><strong>erasisse-ornus</strong></span> <span class='ocrx_word' id='word_1_125' title='bbox 952 2420 1072 2513; x_wconf 67' lang='lat' dir='ltr'><strong>upon</strong></span> <span class='ocrx_word' id='word_1_126' title='bbox 1104 2422 1169 2487; x_wconf 77' lang='lat' dir='ltr'><strong>nan</strong></span> <span class='ocrx_word' id='word_1_127' title='bbox 1199 2420 1259 2487; x_wconf 74' lang='lat' dir='ltr'><strong>na</strong></span> <span class='ocrx_word' id='word_1_128' title='bbox 1292 2420 1342 2486; x_wconf 84' lang='lat' dir='ltr'><strong>nu</strong></span> <span class='ocrx_word' id='word_1_129' title='bbox 1371 2420 1508 2486; x_wconf 66' lang='lat' dir='ltr'><strong>curves·</strong></span> <span class='ocrx_word' id='word_1_130' title='bbox 1539 2430 1606 2484; x_wconf 72' lang='lat' dir='ltr'><strong>mot</strong></span> <span class='ocrx_word' id='word_1_131' title='bbox 1635 2418 1795 2524; x_wconf 53' lang='lat' dir='ltr'><strong>macena</strong></span> <span class='ocrx_word' id='word_1_132' title='bbox 1826 2385 1897 2482; x_wconf 83' lang='lat' dir='ltr'><strong>nac</strong></span> 
     </span>
     <span class='ocr_line' id='line_1_15' title="bbox 251 2500 1855 2590; baseline -0.001 -23"><span class='ocrx_word' id='word_1_133' title='bbox 251 2500 411 2567; x_wconf 77' lang='lat' dir='ltr'><strong>eidos-sons</strong></span> <span class='ocrx_word' id='word_1_134' title='bbox 430 2504 540 2586; x_wconf 77' lang='lat' dir='ltr'><strong>trgrrd</strong></span> <span class='ocrx_word' id='word_1_135' title='bbox 566 2506 665 2569; x_wconf 71' lang='lat' dir='ltr'><strong>simtu</strong></span> <span class='ocrx_word' id='word_1_136' title='bbox 691 2502 890 2573; x_wconf 72' lang='lat' dir='ltr'><strong>dmbetsman</strong></span> <span class='ocrx_word' id='word_1_137' title='bbox 910 2527 922 2570; x_wconf 83' lang='grc' dir='ltr'>ι</span> <span class='ocrx_word' id='word_1_138' title='bbox 942 2503 1129 2573; x_wconf 77' lang='lat' dir='ltr'><strong>Stockbolm</strong></span> <span class='ocrx_word' id='word_1_139' title='bbox 1149 2506 1223 2572; x_wconf 84' lang='lat' dir='ltr'><strong>med</strong></span> <span class='ocrx_word' id='word_1_140' title='bbox 1243 2514 1289 2572; x_wconf 80' lang='lat' dir='ltr'><strong>etl</strong></span> <span class='ocrx_word' id='word_1_141' title='bbox 1307 2504 1464 2570; x_wconf 74' lang='lat' dir='ltr'><strong>dersttdcs</strong></span> <span class='ocrx_word' id='word_1_142' title='bbox 1481 2505 1534 2568; x_wconf 70' lang='lat' dir='ltr'><strong>lor</strong></span> <span class='ocrx_word' id='word_1_143' title='bbox 1557 2502 1666 2568; x_wconf 72' lang='lat' dir='ltr'><strong>omen</strong></span> <span class='ocrx_word' id='word_1_144' title='bbox 1687 2506 1767 2590; x_wconf 79' lang='lat' dir='ltr'><strong>lopt</strong></span> <span class='ocrx_word' id='word_1_145' title='bbox 1786 2504 1855 2567; x_wconf 86' lang='lat' dir='ltr'><strong>bus.</strong></span> 
     </span>
    </p>
   </div>
   <div class='ocr_carea' id='block_1_5' title="bbox 1583 2646 1762 2709">
    <p class='ocr_par' dir='ltr' id='par_1_5' title="bbox 1583 2646 1762 2709">
     <span class='ocr_line' id='line_1_16' title="bbox 1583 2646 1762 2709; baseline -0.006 -1"><span class='ocrx_word' id='word_1_146' title='bbox 1583 2646 1762 2709; x_wconf 52' lang='lat' dir='ltr'><strong>Asca</strong></span> 
     </span>
    </p>
   </div>
   <div class='ocr_carea' id='block_1_6' title="bbox 1 2783 2153 5132">
    <p class='ocr_par' dir='ltr' id='par_1_6' title="bbox 195 2783 2052 2889">
     <span class='ocr_line' id='line_1_17' title="bbox 195 2783 2052 2889; baseline -0.002 -19"><span class='ocrx_word' id='word_1_147' title='bbox 195 2790 250 2870; x_wconf 85' lang='lat' dir='ltr'><strong>Jn</strong></span> <span class='ocrx_word' id='word_1_148' title='bbox 294 2787 457 2870; x_wconf 88' lang='lat' dir='ltr'><strong>nomine</strong></span> <span class='ocrx_word' id='word_1_149' title='bbox 498 2785 653 2871; x_wconf 92' lang='lat' dir='ltr'><strong>domini</strong></span> <span class='ocrx_word' id='word_1_150' title='bbox 672 2862 675 2876; x_wconf 78' lang='grc'><em>,</em></span> <span class='ocrx_word' id='word_1_151' title='bbox 694 2817 823 2889; x_wconf 85' lang='lat' dir='ltr'><strong>amen,</strong></span> <span class='ocrx_word' id='word_1_152' title='bbox 864 2794 987 2875; x_wconf 81' lang='lat' dir='ltr'><strong>Auno</strong></span> <span class='ocrx_word' id='word_1_153' title='bbox 1028 2790 1220 2876; x_wconf 87' lang='lat' dir='ltr'><strong>eiusdem.</strong></span> <span class='ocrx_word' id='word_1_154' title='bbox 1248 2788 1786 2881; x_wconf 60' lang='lat' dir='ltr'><strong>Maccatxxxlmva</strong></span> <span class='ocrx_word' id='word_1_155' title='bbox 1814 2783 1903 2869; x_wconf 55' lang='lat' dir='ltr'><strong>kal,</strong></span> <span class='ocrx_word' id='word_1_156' title='bbox 2044 2790 2052 2803; x_wconf 73' lang='grc'><em>’</em></span> 
     </span>
    </p>

    <p class='ocr_par' dir='ltr' id='par_1_7' title="bbox 1 2862 2153 3232">
     <span class='ocr_line' id='line_1_18' title="bbox 1 2862 2153 3020; baseline -0.002 -39"><span class='ocrx_word' id='word_1_157' title='bbox 1 2862 3 3020; x_wconf 71' lang='lat' dir='ltr'><strong>l</strong></span> <span class='ocrx_word' id='word_1_158' title='bbox 88 2898 195 3011; x_wconf 72' lang='lat' dir='ltr'><strong>Maii,</strong></span> <span class='ocrx_word' id='word_1_159' title='bbox 225 2902 315 3010; x_wconf 87' lang='lat' dir='ltr'><strong>Ego</strong></span> <span class='ocrx_word' id='word_1_160' title='bbox 344 2898 470 2981; x_wconf 86' lang='lat' dir='ltr'><strong>frater</strong></span> <span class='ocrx_word' id='word_1_161' title='bbox 483 2900 744 2983; x_wconf 73' lang='lat' dir='ltr'><strong>Lnnssnnus</strong></span> <span class='ocrx_word' id='word_1_162' title='bbox 767 2904 882 3012; x_wconf 88' lang='lat' dir='ltr'><strong>prior</strong></span> <span class='ocrx_word' id='word_1_163' title='bbox 897 2902 1088 3015; x_wconf 84' lang='lat' dir='ltr'><strong>indignus</strong></span> <span class='ocrx_word' id='word_1_164' title='bbox 1102 2903 1273 2986; x_wconf 83' lang='lat' dir='ltr'><strong>fratrum</strong></span> <span class='ocrx_word' id='word_1_165' title='bbox 1290 2899 1591 3011; x_wconf 86' lang='lat' dir='ltr'><strong>predicatorum</strong></span> <span class='ocrx_word' id='word_1_166' title='bbox 1606 2902 1754 2984; x_wconf 88' lang='lat' dir='ltr'><strong>sictun.</strong></span> <span class='ocrx_word' id='word_1_167' title='bbox 1768 2894 1896 3007; x_wconf 69' lang='lat' dir='ltr'><strong>upsal.</strong></span> <span class='ocrx_word' id='word_1_168' title='bbox 2148 2922 2153 2931; x_wconf 62' lang='lat'><strong>⁴</strong></span> 
     </span>
     <span class='ocr_line' id='line_1_19' title="bbox 88 3007 1897 3121; baseline -0.002 -28"><span class='ocrx_word' id='word_1_169' title='bbox 88 3007 271 3112; x_wconf 67' lang='lat' dir='ltr'><strong>diocesis</strong></span> <span class='ocrx_word' id='word_1_170' title='bbox 300 3009 501 3121; x_wconf 83' lang='lat' dir='ltr'><strong>fidedigna</strong></span> <span class='ocrx_word' id='word_1_171' title='bbox 530 3011 806 3097; x_wconf 86' lang='lat' dir='ltr'><strong>insinuacione</strong></span> <span class='ocrx_word' id='word_1_172' title='bbox 834 3012 978 3114; x_wconf 88' lang='lat' dir='ltr'><strong>didici,</strong></span> <span class='ocrx_word' id='word_1_173' title='bbox 1009 3013 1222 3099; x_wconf 87' lang='lat' dir='ltr'><strong>dominum</strong></span> <span class='ocrx_word' id='word_1_174' title='bbox 1244 3013 1365 3105; x_wconf 80' lang='lat' dir='ltr'><strong>¹anb</strong></span> <span class='ocrx_word' id='word_1_175' title='bbox 1400 3010 1622 3095; x_wconf 86' lang='lat' dir='ltr'><strong>keldorsun</strong></span> <span class='ocrx_word' id='word_1_176' title='bbox 1659 3010 1826 3092; x_wconf 89' lang='lat' dir='ltr'><strong>militem</strong></span> <span class='ocrx_word' id='word_1_177' title='bbox 1854 3025 1897 3090; x_wconf 88' lang='lat' dir='ltr'><strong>et</strong></span> 
     </span>
     <span class='ocr_line' id='line_1_20' title="bbox 90 3120 1899 3232; baseline -0.003 -25"><span class='ocrx_word' id='word_1_178' title='bbox 90 3122 353 3207; x_wconf 85' lang='lat' dir='ltr'><strong>castellanum</strong></span> <span class='ocrx_word' id='word_1_179' title='bbox 379 3122 736 3221; x_wconf 85' lang='lat' dir='ltr'><strong>stocholmensem,</strong></span> <span class='ocrx_word' id='word_1_180' title='bbox 764 3125 862 3207; x_wconf 89' lang='lat' dir='ltr'><strong>mihi</strong></span> <span class='ocrx_word' id='word_1_181' title='bbox 881 3131 931 3208; x_wconf 66' lang='lat'><strong>,&amp;</strong></span> <span class='ocrx_word' id='word_1_182' title='bbox 967 3125 1248 3207; x_wconf 87' lang='lat' dir='ltr'><strong>communitati</strong></span> <span class='ocrx_word' id='word_1_183' title='bbox 1290 3123 1464 3205; x_wconf 86' lang='lat' dir='ltr'><strong>fratrum</strong></span> <span class='ocrx_word' id='word_1_184' title='bbox 1504 3140 1643 3204; x_wconf 90' lang='lat' dir='ltr'><strong>nostre</strong></span> <span class='ocrx_word' id='word_1_185' title='bbox 1684 3120 1899 3232; x_wconf 87' lang='lat' dir='ltr'><strong>prouincie</strong></span> 
     </span>
    </p>

    <p class='ocr_par' dir='ltr' id='par_1_8' title="bbox 52 3230 2149 5132">
     <span class='ocr_line' id='line_1_21' title="bbox 52 3230 1899 3346; baseline -0.002 -30"><span class='ocrx_word' id='word_1_186' title='bbox 52 3262 256 3346; x_wconf 30' lang='lat' dir='ltr'><strong>,paoem</strong></span> <span class='ocrx_word' id='word_1_187' title='bbox 278 3235 465 3316; x_wconf 89' lang='lat' dir='ltr'><strong>iniuriam</strong></span> <span class='ocrx_word' id='word_1_188' title='bbox 482 3235 688 3318; x_wconf 81' lang='lat' dir='ltr'><strong>intulisse.</strong></span> <span class='ocrx_word' id='word_1_189' title='bbox 719 3235 821 3318; x_wconf 87' lang='lat' dir='ltr'><strong>Cum</strong></span> <span class='ocrx_word' id='word_1_190' title='bbox 857 3238 964 3320; x_wconf 88' lang='lat' dir='ltr'><strong>enim</strong></span> <span class='ocrx_word' id='word_1_191' title='bbox 999 3234 1053 3319; x_wconf 91' lang='lat' dir='ltr'><strong>ad</strong></span> <span class='ocrx_word' id='word_1_192' title='bbox 1090 3235 1229 3318; x_wconf 77' lang='lat' dir='ltr'><strong>villam</strong></span> <span class='ocrx_word' id='word_1_193' title='bbox 1263 3233 1598 3316; x_wconf 88' lang='lat' dir='ltr'><strong>stocbolmensem</strong></span> <span class='ocrx_word' id='word_1_194' title='bbox 1632 3233 1712 3314; x_wconf 87' lang='lat' dir='ltr'><strong>iam</strong></span> <span class='ocrx_word' id='word_1_195' title='bbox 1747 3230 1899 3314; x_wconf 86' lang='lat' dir='ltr'><strong>dictam</strong></span> 
     </span>
     <span class='ocr_line' id='line_1_22' title="bbox 92 3342 1901 3458; baseline -0.002 -31"><span class='ocrx_word' id='word_1_196' title='bbox 92 3345 283 3457; x_wconf 81' lang='lat' dir='ltr'><strong>frequens</strong></span> <span class='ocrx_word' id='word_1_197' title='bbox 310 3346 364 3427; x_wconf 88' lang='lat' dir='ltr'><strong>sit</strong></span> <span class='ocrx_word' id='word_1_198' title='bbox 390 3342 566 3427; x_wconf 88' lang='lat' dir='ltr'><strong>fratrum</strong></span> <span class='ocrx_word' id='word_1_199' title='bbox 594 3361 825 3429; x_wconf 90' lang='lat' dir='ltr'><strong>nostrorum</strong></span> <span class='ocrx_word' id='word_1_200' title='bbox 853 3351 1049 3446; x_wconf 84' lang='lat' dir='ltr'><strong>accessus,</strong></span> <span class='ocrx_word' id='word_1_201' title='bbox 1085 3364 1173 3440; x_wconf 91' lang='lat' dir='ltr'><strong>tum</strong></span> <span class='ocrx_word' id='word_1_202' title='bbox 1209 3346 1303 3458; x_wconf 89' lang='lat' dir='ltr'><strong>quia</strong></span> <span class='ocrx_word' id='word_1_203' title='bbox 1341 3374 1418 3454; x_wconf 87' lang='lat' dir='ltr'><strong>per</strong></span> <span class='ocrx_word' id='word_1_204' title='bbox 1451 3373 1539 3429; x_wconf 91' lang='lat' dir='ltr'><strong>eam</strong></span> <span class='ocrx_word' id='word_1_205' title='bbox 1574 3347 1618 3426; x_wconf 92' lang='lat' dir='ltr'><strong>in</strong></span> <span class='ocrx_word' id='word_1_206' title='bbox 1654 3362 1780 3454; x_wconf 88' lang='lat' dir='ltr'><strong>portu</strong></span> <span class='ocrx_word' id='word_1_207' title='bbox 1815 3370 1901 3424; x_wconf 57' lang='lat' dir='ltr'><strong>mra-x</strong></span> 
     </span>
     <span class='ocr_line' id='line_1_23' title="bbox 92 3451 2147 3567; baseline -0.003 -27"><span class='ocrx_word' id='word_1_208' title='bbox 92 3456 146 3540; x_wconf 88' lang='lat' dir='ltr'><strong>ris</strong></span> <span class='ocrx_word' id='word_1_209' title='bbox 173 3459 292 3538; x_wconf 87' lang='lat' dir='ltr'><strong>sitam</strong></span> <span class='ocrx_word' id='word_1_210' title='bbox 320 3456 397 3565; x_wconf 87' lang='lat' dir='ltr'><strong>ipsi</strong></span> <span class='ocrx_word' id='word_1_211' title='bbox 426 3452 628 3540; x_wconf 91' lang='lat' dir='ltr'><strong>dedomo</strong></span> <span class='ocrx_word' id='word_1_212' title='bbox 656 3457 709 3542; x_wconf 85' lang='lat' dir='ltr'><strong>ad</strong></span> <span class='ocrx_word' id='word_1_213' title='bbox 738 3456 901 3544; x_wconf 84' lang='lat' dir='ltr'><strong>domum</strong></span> <span class='ocrx_word' id='word_1_214' title='bbox 931 3477 1154 3558; x_wconf 88' lang='lat' dir='ltr'><strong>transeunt,</strong></span> <span class='ocrx_word' id='word_1_215' title='bbox 1182 3474 1268 3540; x_wconf 91' lang='lat' dir='ltr'><strong>tum</strong></span> <span class='ocrx_word' id='word_1_216' title='bbox 1296 3459 1422 3538; x_wconf 91' lang='lat' dir='ltr'><strong>eciam</strong></span> <span class='ocrx_word' id='word_1_217' title='bbox 1449 3458 1545 3567; x_wconf 86' lang='lat' dir='ltr'><strong>quia</strong></span> <span class='ocrx_word' id='word_1_218' title='bbox 1573 3451 1633 3536; x_wconf 90' lang='lat' dir='ltr'><strong>ibi</strong></span> <span class='ocrx_word' id='word_1_219' title='bbox 1659 3483 1731 3538; x_wconf 91' lang='lat' dir='ltr'><strong>sua</strong></span> <span class='ocrx_word' id='word_1_220' title='bbox 1759 3478 1899 3536; x_wconf 86' lang='lat' dir='ltr'><strong>neees-</strong></span> <span class='ocrx_word' id='word_1_221' title='bbox 1943 3547 1967 3551; x_wconf 7' lang='grc' dir='ltr'><strong>,Α</strong></span> <span class='ocrx_word' id='word_1_222' title='bbox 2105 3495 2108 3500; x_wconf 93' lang='grc'>-</span> <span class='ocrx_word' id='word_1_223' title='bbox 2140 3469 2147 3478; x_wconf 85' lang='grc'><strong>’</strong></span> 
     </span>
     <span class='ocr_line' id='line_1_24' title="bbox 92 3564 1900 3684; baseline -0.002 -33"><span class='ocrx_word' id='word_1_224' title='bbox 92 3569 194 3651; x_wconf 89' lang='lat' dir='ltr'><strong>saria</strong></span> <span class='ocrx_word' id='word_1_225' title='bbox 222 3564 473 3650; x_wconf 89' lang='lat' dir='ltr'><strong>commodius</strong></span> <span class='ocrx_word' id='word_1_226' title='bbox 500 3567 658 3650; x_wconf 85' lang='lat' dir='ltr'><strong>venalia</strong></span> <span class='ocrx_word' id='word_1_227' title='bbox 692 3570 814 3680; x_wconf 84' lang='lat' dir='ltr'><strong>ipsos</strong></span> <span class='ocrx_word' id='word_1_228' title='bbox 843 3568 896 3652; x_wconf 94' lang='lat' dir='ltr'><strong>de</strong></span> <span class='ocrx_word' id='word_1_229' title='bbox 939 3571 1145 3684; x_wconf 91' lang='lat' dir='ltr'><strong>pluribus·</strong></span> <span class='ocrx_word' id='word_1_230' title='bbox 1168 3569 1437 3650; x_wconf 90' lang='lat' dir='ltr'><strong>conuentibus</strong></span> <span class='ocrx_word' id='word_1_231' title='bbox 1486 3583 1655 3677; x_wconf 36' lang='lat' dir='ltr'><strong>oportet,</strong></span> <span class='ocrx_word' id='word_1_232' title='bbox 1690 3567 1900 3678; x_wconf 84' lang='lat' dir='ltr'><strong>requirere</strong></span> 
     </span>
     <span class='ocr_line' id='line_1_25' title="bbox 90 3677 1966 3790; baseline -0.003 -28"><span class='ocrx_word' id='word_1_233' title='bbox 90 3696 132 3762; x_wconf 89' lang='lat' dir='ltr'><strong>ct</strong></span> <span class='ocrx_word' id='word_1_234' title='bbox 159 3680 214 3762; x_wconf 91' lang='lat' dir='ltr'><strong>ob</strong></span> <span class='ocrx_word' id='word_1_235' title='bbox 241 3696 457 3790; x_wconf 73' lang='lat' dir='ltr'><strong>atramque</strong></span> <span class='ocrx_word' id='word_1_236' title='bbox 484 3678 630 3762; x_wconf 86' lang='lat' dir='ltr'><strong>harum</strong></span> <span class='ocrx_word' id='word_1_237' title='bbox 646 3707 869 3768; x_wconf 70' lang='lat' dir='ltr'><strong>oausarum</strong></span> <span class='ocrx_word' id='word_1_238' title='bbox 900 3682 1059 3766; x_wconf 86' lang='lat' dir='ltr'><strong>diucius</strong></span> <span class='ocrx_word' id='word_1_239' title='bbox 1086 3677 1290 3764; x_wconf 87' lang='lat' dir='ltr'><strong>interdum</strong></span> <span class='ocrx_word' id='word_1_240' title='bbox 1332 3678 1482 3761; x_wconf 89' lang='lat' dir='ltr'><strong>ibidem</strong></span> <span class='ocrx_word' id='word_1_241' title='bbox 1525 3679 1734 3787; x_wconf 79' lang='lat' dir='ltr'><strong>nauigium</strong></span> <span class='ocrx_word' id='word_1_242' title='bbox 1778 3703 1902 3786; x_wconf 82' lang='lat' dir='ltr'><strong>expe·</strong></span> <span class='ocrx_word' id='word_1_243' title='bbox 1963 3684 1966 3692; x_wconf 88' lang='lat'>&#39;</span> 
     </span>
     <span class='ocr_line' id='line_1_26' title="bbox 92 3787 2149 3904; baseline -0.002 -30"><span class='ocrx_word' id='word_1_244' title='bbox 92 3807 215 3889; x_wconf 83' lang='lat' dir='ltr'><strong>ctare,</strong></span> <span class='ocrx_word' id='word_1_245' title='bbox 274 3793 342 3872; x_wconf 87' lang='lat' dir='ltr'><strong>uia</strong></span> <span class='ocrx_word' id='word_1_246' title='bbox 371 3792 415 3872; x_wconf 91' lang='lat' dir='ltr'><strong>in</strong></span> <span class='ocrx_word' id='word_1_247' title='bbox 442 3787 581 3880; x_wconf 86' lang='lat' dir='ltr'><strong>eadem</strong></span> <span class='ocrx_word' id='word_1_248' title='bbox 610 3790 763 3874; x_wconf 87' lang='lat' dir='ltr'><strong>forensi</strong></span> <span class='ocrx_word' id='word_1_249' title='bbox 792 3793 888 3875; x_wconf 86' lang='lat' dir='ltr'><strong>villa</strong></span> <span class='ocrx_word' id='word_1_250' title='bbox 920 3819 1002 3904; x_wconf 94' lang='lat' dir='ltr'><strong>que</strong></span> <span class='ocrx_word' id='word_1_251' title='bbox 1046 3792 1153 3902; x_wconf 86' lang='lat' dir='ltr'><strong>jofra</strong></span> <span class='ocrx_word' id='word_1_252' title='bbox 1197 3818 1351 3900; x_wconf 85' lang='lat' dir='ltr'><strong>paucos</strong></span> <span class='ocrx_word' id='word_1_253' title='bbox 1396 3817 1526 3875; x_wconf 87' lang='lat' dir='ltr'><strong>annos</strong></span> <span class='ocrx_word' id='word_1_254' title='bbox 1568 3789 1773 3901; x_wconf 88' lang='lat' dir='ltr'><strong>plerisque</strong></span> <span class='ocrx_word' id='word_1_255' title='bbox 1814 3787 1904 3870; x_wconf 89' lang='lat' dir='ltr'><strong>aliis</strong></span> <span class='ocrx_word' id='word_1_256' title='bbox 1953 3795 1958 3802; x_wconf 87' lang='lat'>&#39;</span> <span class='ocrx_word' id='word_1_257' title='bbox 2026 3823 2032 3845; x_wconf 69' lang='lat'><strong><em>¹</em></strong></span> <span class='ocrx_word' id='word_1_258' title='bbox 2087 3801 2092 3810; x_wconf 89' lang='lat'>&#39;</span> <span class='ocrx_word' id='word_1_259' title='bbox 2140 3799 2149 3814; x_wconf 69' lang='grc'>“</span> 
     </span>
     <span class='ocr_line' id='line_1_27' title="bbox 91 3820 2118 4015; baseline -0.004 -29"><span class='ocrx_word' id='word_1_260' title='bbox 91 3820 330 3986; x_wconf 85' lang='lat' dir='ltr'><strong>ciuitatibus</strong></span> <span class='ocrx_word' id='word_1_261' title='bbox 358 3918 466 3983; x_wconf 89' lang='lat' dir='ltr'><strong>terre</strong></span> <span class='ocrx_word' id='word_1_262' title='bbox 493 3921 632 3984; x_wconf 88' lang='lat' dir='ltr'><strong>nostre</strong></span> <span class='ocrx_word' id='word_1_263' title='bbox 661 3905 902 4015; x_wconf 88' lang='lat' dir='ltr'><strong>populosior</strong></span> <span class='ocrx_word' id='word_1_264' title='bbox 929 3904 1073 3988; x_wconf 78' lang='lat' dir='ltr'><strong>effecta</strong></span> <span class='ocrx_word' id='word_1_265' title='bbox 1101 3923 1172 4000; x_wconf 89' lang='lat' dir='ltr'><strong>est,</strong></span> <span class='ocrx_word' id='word_1_266' title='bbox 1201 3903 1346 3982; x_wconf 88' lang='lat' dir='ltr'><strong>fratres</strong></span> <span class='ocrx_word' id='word_1_267' title='bbox 1376 3901 1505 3981; x_wconf 87' lang='lat' dir='ltr'><strong>nostri</strong></span> <span class='ocrx_word' id='word_1_268' title='bbox 1533 3899 1690 3983; x_wconf 90' lang='lat' dir='ltr'><strong>ordinis</strong></span> <span class='ocrx_word' id='word_1_269' title='bbox 1721 3926 1902 3982; x_wconf 92' lang='lat' dir='ltr'><strong>conuen-</strong></span> <span class='ocrx_word' id='word_1_270' title='bbox 1970 3901 1974 3912; x_wconf 89' lang='lat'><em>&#39;</em></span> <span class='ocrx_word' id='word_1_271' title='bbox 2114 3891 2118 3899; x_wconf 76' lang='grc'><strong>’</strong></span> 
     </span>
     <span class='ocr_line' id='line_1_28' title="bbox 91 4006 2081 4126; baseline -0.004 -30"><span class='ocrx_word' id='word_1_272' title='bbox 91 4029 180 4096; x_wconf 86' lang='lat' dir='ltr'><strong>tum</strong></span> <span class='ocrx_word' id='word_1_273' title='bbox 209 4041 295 4095; x_wconf 92' lang='lat' dir='ltr'><strong>non</strong></span> <span class='ocrx_word' id='word_1_274' title='bbox 326 4010 489 4094; x_wconf 86' lang='lat' dir='ltr'><strong>habent.</strong></span> <span class='ocrx_word' id='word_1_275' title='bbox 520 4011 670 4094; x_wconf 87' lang='lat' dir='ltr'><strong>ibidem</strong></span> <span class='ocrx_word' id='word_1_276' title='bbox 698 4043 719 4094; x_wconf 80' lang='lat' dir='ltr'><strong>e</strong></span> <span class='ocrx_word' id='word_1_277' title='bbox 750 4013 926 4126; x_wconf 88' lang='lat' dir='ltr'><strong>quadam</strong></span> <span class='ocrx_word' id='word_1_278' title='bbox 955 4013 1078 4098; x_wconf 81' lang='lat' dir='ltr'><strong>vidua</strong></span> <span class='ocrx_word' id='word_1_279' title='bbox 1116 4011 1280 4096; x_wconf 84' lang='lat' dir='ltr'><strong>domina</strong></span> <span class='ocrx_word' id='word_1_280' title='bbox 1322 4006 1544 4111; x_wconf 67' lang='lat' dir='ltr'><strong>Elisabeth</strong></span> <span class='ocrx_word' id='word_1_281' title='bbox 1586 4011 1726 4093; x_wconf 89' lang='lat' dir='ltr'><strong>relicta</strong></span> <span class='ocrx_word' id='word_1_282' title='bbox 1798 4036 1902 4089; x_wconf 89' lang='lat' dir='ltr'><strong>uon·</strong></span> <span class='ocrx_word' id='word_1_283' title='bbox 2073 4095 2081 4111; x_wconf 21' lang='grc' dir='ltr'>ι</span> 
     </span>
     <span class='ocr_line' id='line_1_29' title="bbox 89 4039 2005 4232; baseline -0.004 -24"><span class='ocrx_word' id='word_1_284' title='bbox 89 4123 187 4208; x_wconf 87' lang='lat' dir='ltr'><strong>dam</strong></span> <span class='ocrx_word' id='word_1_285' title='bbox 212 4125 369 4207; x_wconf 86' lang='lat' dir='ltr'><strong>domini</strong></span> <span class='ocrx_word' id='word_1_286' title='bbox 397 4110 590 4206; x_wconf 82' lang='lat' dir='ltr'><strong>Godeche</strong></span> <span class='ocrx_word' id='word_1_287' title='bbox 618 4123 669 4207; x_wconf 91' lang='lat' dir='ltr'><strong>de</strong></span> <span class='ocrx_word' id='word_1_288' title='bbox 698 4125 905 4207; x_wconf 84' lang='lat' dir='ltr'><strong>Memmele</strong></span> <span class='ocrx_word' id='word_1_289' title='bbox 933 4153 1025 4208; x_wconf 92' lang='lat' dir='ltr'><strong>cum</strong></span> <span class='ocrx_word' id='word_1_290' title='bbox 1047 4150 1260 4224; x_wconf 70' lang='lat' dir='ltr'><strong>,consensu</strong></span> <span class='ocrx_word' id='word_1_291' title='bbox 1282 4123 1540 4232; x_wconf 84' lang='lat' dir='ltr'><strong>primogeniti</strong></span> <span class='ocrx_word' id='word_1_292' title='bbox 1567 4123 1629 4204; x_wconf 90' lang='lat' dir='ltr'><strong>sui</strong></span> <span class='ocrx_word' id='word_1_293' title='bbox 1657 4119 1743 4232; x_wconf 83' lang='lat' dir='ltr'><strong>filij,</strong></span> <span class='ocrx_word' id='word_1_294' title='bbox 1768 4039 1900 4201; x_wconf 71' lang='lat' dir='ltr'><strong>domi·</strong></span> <span class='ocrx_word' id='word_1_295' title='bbox 2002 4165 2005 4168; x_wconf 89' lang='lat'><strong>·</strong></span> 
     </span>
     <span class='ocr_line' id='line_1_30' title="bbox 88 4230 1901 4346; baseline -0.003 -28"><span class='ocrx_word' id='word_1_296' title='bbox 88 4239 138 4319; x_wconf 90' lang='lat' dir='ltr'><strong>ni</strong></span> <span class='ocrx_word' id='word_1_297' title='bbox 169 4234 366 4319; x_wconf 86' lang='lat' dir='ltr'><strong>lobannis</strong></span> <span class='ocrx_word' id='word_1_298' title='bbox 394 4238 564 4317; x_wconf 84' lang='lat' dir='ltr'><strong>rectoris</strong></span> <span class='ocrx_word' id='word_1_299' title='bbox 599 4235 763 4319; x_wconf 89' lang='lat' dir='ltr'><strong>ecclesie</strong></span> <span class='ocrx_word' id='word_1_300' title='bbox 805 4236 902 4346; x_wconf 69' lang='lat' dir='ltr'><strong>logo</strong></span> <span class='ocrx_word' id='word_1_301' title='bbox 947 4265 1024 4346; x_wconf 89' lang='lat' dir='ltr'><strong>pro</strong></span> <span class='ocrx_word' id='word_1_302' title='bbox 1066 4232 1254 4318; x_wconf 81' lang='lat' dir='ltr'><strong>habendo</strong></span> <span class='ocrx_word' id='word_1_303' title='bbox 1282 4234 1478 4317; x_wconf 88' lang='lat' dir='ltr'><strong>fratribus</strong></span> <span class='ocrx_word' id='word_1_304' title='bbox 1520 4231 1693 4343; x_wconf 85' lang='lat' dir='ltr'><strong>hospicij</strong></span> <span class='ocrx_word' id='word_1_305' title='bbox 1721 4230 1901 4343; x_wconf 87' lang='lat' dir='ltr'><strong>refugio,</strong></span> 
     </span>
     <span class='ocr_line' id='line_1_31' title="bbox 90 4340 1904 4462; baseline -0.003 -32"><span class='ocrx_word' id='word_1_306' title='bbox 90 4349 278 4460; x_wconf 86' lang='lat' dir='ltr'><strong>ipsorum</strong></span> <span class='ocrx_word' id='word_1_307' title='bbox 305 4346 479 4428; x_wconf 86' lang='lat' dir='ltr'><strong>fratrum</strong></span> <span class='ocrx_word' id='word_1_308' title='bbox 506 4347 670 4429; x_wconf 88' lang='lat' dir='ltr'><strong>nomine</strong></span> <span class='ocrx_word' id='word_1_309' title='bbox 699 4347 778 4429; x_wconf 89' lang='lat' dir='ltr'><strong>emi</strong></span> <span class='ocrx_word' id='word_1_310' title='bbox 805 4347 1014 4462; x_wconf 76' lang='lat' dir='ltr'><strong>quoddam</strong></span> <span class='ocrx_word' id='word_1_311' title='bbox 1044 4349 1267 4429; x_wconf 88' lang='lat' dir='ltr'><strong>manerium</strong></span> <span class='ocrx_word' id='word_1_312' title='bbox 1296 4343 1470 4446; x_wconf 81' lang='lat' dir='ltr'><strong>fundum</strong></span> <span class='ocrx_word' id='word_1_313' title='bbox 1498 4343 1688 4426; x_wconf 82' lang='lat' dir='ltr'><strong>videlicet</strong></span> <span class='ocrx_word' id='word_1_314' title='bbox 1716 4372 1807 4426; x_wconf 88' lang='lat' dir='ltr'><strong>cum</strong></span> <span class='ocrx_word' id='word_1_315' title='bbox 1828 4340 1904 4427; x_wconf 89' lang='lat' dir='ltr'><strong>do·</strong></span> 
     </span>
     <span class='ocr_line' id='line_1_32' title="bbox 90 4453 1905 4568; baseline -0.004 -24"><span class='ocrx_word' id='word_1_316' title='bbox 90 4459 228 4544; x_wconf 86' lang='lat' dir='ltr'><strong>mibus</strong></span> <span class='ocrx_word' id='word_1_317' title='bbox 254 4459 377 4540; x_wconf 89' lang='lat' dir='ltr'><strong>situm</strong></span> <span class='ocrx_word' id='word_1_318' title='bbox 405 4459 513 4542; x_wconf 85' lang='lat' dir='ltr'><strong>circa</strong></span> <span class='ocrx_word' id='word_1_319' title='bbox 540 4473 705 4568; x_wconf 86' lang='lat' dir='ltr'><strong>pontem</strong></span> <span class='ocrx_word' id='word_1_320' title='bbox 733 4457 951 4542; x_wconf 85' lang='lat' dir='ltr'><strong>australem</strong></span> <span class='ocrx_word' id='word_1_321' title='bbox 979 4455 1160 4544; x_wconf 89' lang='lat' dir='ltr'><strong>eiusdem</strong></span> <span class='ocrx_word' id='word_1_322' title='bbox 1193 4455 1503 4540; x_wconf 88' lang='lat' dir='ltr'><strong>stocbolmensis</strong></span> <span class='ocrx_word' id='word_1_323' title='bbox 1538 4454 1654 4554; x_wconf 86' lang='lat' dir='ltr'><strong>ville,</strong></span> <span class='ocrx_word' id='word_1_324' title='bbox 1681 4481 1775 4536; x_wconf 86' lang='lat' dir='ltr'><strong>arra</strong></span> <span class='ocrx_word' id='word_1_325' title='bbox 1809 4453 1905 4536; x_wconf 84' lang='lat' dir='ltr'><strong>data</strong></span> 
     </span>
     <span class='ocr_line' id='line_1_33' title="bbox 92 4565 1905 4679; baseline -0.003 -25"><span class='ocrx_word' id='word_1_326' title='bbox 92 4576 138 4654; x_wconf 84' lang='lat'>&amp;</span> <span class='ocrx_word' id='word_1_327' title='bbox 166 4570 352 4654; x_wconf 88' lang='lat' dir='ltr'><strong>adhibito</strong></span> <span class='ocrx_word' id='word_1_328' title='bbox 381 4571 614 4651; x_wconf 88' lang='lat' dir='ltr'><strong>testimonio</strong></span> <span class='ocrx_word' id='word_1_329' title='bbox 644 4567 912 4653; x_wconf 85' lang='lat' dir='ltr'><strong>discretorum</strong></span> <span class='ocrx_word' id='word_1_330' title='bbox 941 4632 952 4656; x_wconf 88' lang='lat'><strong>.</strong></span> <span class='ocrx_word' id='word_1_331' title='bbox 980 4570 1037 4652; x_wconf 84' lang='lat' dir='ltr'><strong>ite</strong></span> <span class='ocrx_word' id='word_1_332' title='bbox 1066 4569 1298 4666; x_wconf 83' lang='lat' dir='ltr'><strong>dumtaxat,</strong></span> <span class='ocrx_word' id='word_1_333' title='bbox 1330 4565 1444 4679; x_wconf 92' lang='lat' dir='ltr'><strong>quod</strong></span> <span class='ocrx_word' id='word_1_334' title='bbox 1477 4567 1521 4653; x_wconf 93' lang='lat' dir='ltr'><strong>in</strong></span> <span class='ocrx_word' id='word_1_335' title='bbox 1557 4567 1688 4676; x_wconf 86' lang='lat' dir='ltr'><strong>prima</strong></span> <span class='ocrx_word' id='word_1_336' title='bbox 1724 4593 1905 4648; x_wconf 88' lang='lat' dir='ltr'><strong>conuen-</strong></span> 
     </span>
     <span class='ocr_line' id='line_1_34' title="bbox 92 4677 1907 4790; baseline -0.003 -25"><span class='ocrx_word' id='word_1_337' title='bbox 92 4685 215 4766; x_wconf 86' lang='lat' dir='ltr'><strong>cione</strong></span> <span class='ocrx_word' id='word_1_338' title='bbox 242 4710 314 4764; x_wconf 86' lang='lat' dir='ltr'><strong>sex</strong></span> <span class='ocrx_word' id='word_1_339' title='bbox 340 4695 517 4766; x_wconf 70' lang='lat' dir='ltr'><strong>tantum.</strong></span> <span class='ocrx_word' id='word_1_340' title='bbox 568 4697 707 4764; x_wconf 82' lang='lat' dir='ltr'><strong>reone·</strong></span> <span class='ocrx_word' id='word_1_341' title='bbox 729 4699 935 4790; x_wconf 85' lang='lat' dir='ltr'><strong>presentes</strong></span> <span class='ocrx_word' id='word_1_342' title='bbox 964 4683 1186 4779; x_wconf 81' lang='lat' dir='ltr'><strong>extitimus,</strong></span> <span class='ocrx_word' id='word_1_343' title='bbox 1212 4709 1290 4790; x_wconf 82' lang='lat' dir='ltr'><strong>ego</strong></span> <span class='ocrx_word' id='word_1_344' title='bbox 1316 4679 1470 4761; x_wconf 89' lang='lat' dir='ltr'><strong>scilicet</strong></span> <span class='ocrx_word' id='word_1_345' title='bbox 1490 4704 1584 4760; x_wconf 90' lang='lat' dir='ltr'><strong>cum</strong></span> <span class='ocrx_word' id='word_1_346' title='bbox 1610 4679 1738 4777; x_wconf 91' lang='lat' dir='ltr'><strong>socio,</strong></span> <span class='ocrx_word' id='word_1_347' title='bbox 1777 4677 1907 4761; x_wconf 86' lang='lat' dir='ltr'><strong>Mater</strong></span> 
     </span>
     <span class='ocr_line' id='line_1_35' title="bbox 94 4789 2018 4906; baseline -0.005 -28"><span class='ocrx_word' id='word_1_348' title='bbox 94 4799 138 4878; x_wconf 70' lang='lat' dir='ltr'><strong>bt</strong></span> <span class='ocrx_word' id='word_1_349' title='bbox 167 4791 271 4875; x_wconf 85' lang='lat' dir='ltr'><strong>filius</strong></span> <span class='ocrx_word' id='word_1_350' title='bbox 301 4790 488 4903; x_wconf 88' lang='lat' dir='ltr'><strong>predicti,</strong></span> <span class='ocrx_word' id='word_1_351' title='bbox 545 4792 729 4876; x_wconf 86' lang='lat' dir='ltr'><strong>omicella&#39;</strong></span> <span class='ocrx_word' id='word_1_352' title='bbox 755 4790 928 4906; x_wconf 86' lang='lat' dir='ltr'><strong>quedam</strong></span> <span class='ocrx_word' id='word_1_353' title='bbox 957 4791 1137 4876; x_wconf 86' lang='lat' dir='ltr'><strong>eiusdem</strong></span> <span class='ocrx_word' id='word_1_354' title='bbox 1171 4789 1486 4875; x_wconf 86' lang='lat' dir='ltr'><strong>Matrisfamilias</strong></span> <span class='ocrx_word' id='word_1_355' title='bbox 1518 4789 1642 4896; x_wconf 44' lang='lat' dir='ltr'><strong>filias</strong></span> <span class='ocrx_word' id='word_1_356' title='bbox 1658 4817 1743 4903; x_wconf 92' lang='lat' dir='ltr'><strong>que</strong></span> <span class='ocrx_word' id='word_1_357' title='bbox 1775 4813 1906 4872; x_wconf 89' lang='lat' dir='ltr'><strong>annos</strong></span> <span class='ocrx_word' id='word_1_358' title='bbox 2010 4801 2018 4816; x_wconf 89' lang='lat'><em>&#39;</em></span> 
     </span>
     <span class='ocr_line' id='line_1_36' title="bbox 91 4898 1908 5013; baseline -0.004 -25"><span class='ocrx_word' id='word_1_359' title='bbox 91 4902 546 4988; x_wconf 73' lang='lat' dir='ltr'><strong>ducoeeionishahens</strong></span> <span class='ocrx_word' id='word_1_360' title='bbox 567 4905 688 5011; x_wconf 83' lang='lat' dir='ltr'><strong>etiam</strong></span> <span class='ocrx_word' id='word_1_361' title='bbox 715 4921 956 4990; x_wconf 87' lang='lat' dir='ltr'><strong>consensum</strong></span> <span class='ocrx_word' id='word_1_362' title='bbox 983 4903 1184 5002; x_wconf 83' lang='lat' dir='ltr'><strong>adhibuit,</strong></span> <span class='ocrx_word' id='word_1_363' title='bbox 1210 4907 1252 4985; x_wconf 88' lang='lat'>&amp;</span> <span class='ocrx_word' id='word_1_364' title='bbox 1278 4898 1446 5013; x_wconf 90' lang='lat' dir='ltr'><strong>quidam</strong></span> <span class='ocrx_word' id='word_1_365' title='bbox 1478 4898 1674 5013; x_wconf 82' lang='lat' dir='ltr'><strong>honestus</strong></span> <span class='ocrx_word' id='word_1_366' title='bbox 1707 4915 1908 4984; x_wconf 88' lang='lat' dir='ltr'><strong>mercator</strong></span> 
     </span>
     <span class='ocr_line' id='line_1_37' title="bbox 91 5008 2129 5132; baseline -0.005 -31"><span class='ocrx_word' id='word_1_367' title='bbox 91 5015 304 5102; x_wconf 71' lang='lat' dir='ltr'><strong>lohannes</strong></span> <span class='ocrx_word' id='word_1_368' title='bbox 331 5017 501 5100; x_wconf 81' lang='lat' dir='ltr'><strong>wcs&#39;lere</strong></span> <span class='ocrx_word' id='word_1_369' title='bbox 536 5018 889 5129; x_wconf 80' lang='lat' dir='ltr'><strong>consanguinitate</strong></span> <span class='ocrx_word' id='word_1_370' title='bbox 915 5019 1091 5105; x_wconf 88' lang='lat' dir='ltr'><strong>attinens</strong></span> <span class='ocrx_word' id='word_1_371' title='bbox 1117 5012 1374 5128; x_wconf 86' lang='lat' dir='ltr'><strong>supradictis.</strong></span> <span class='ocrx_word' id='word_1_372' title='bbox 1399 5015 1620 5132; x_wconf 76' lang='lat' dir='ltr'><strong>luterens</strong></span> <span class='ocrx_word' id='word_1_373' title='bbox 1651 5015 1789 5124; x_wconf 91' lang='lat' dir='ltr'><strong>itaque</strong></span> <span class='ocrx_word' id='word_1_374' title='bbox 1824 5008 1907 5094; x_wconf 89' lang='lat' dir='ltr'><strong>fori</strong></span> <span class='ocrx_word' id='word_1_375' title='bbox 1941 5082 1943 5085; x_wconf 90' lang='lat'><em>.</em></span> <span class='ocrx_word' id='word_1_376' title='bbox 2001 5028 2004 5032; x_wconf 75' lang='grc'><em>’</em></span> <span class='ocrx_word' id='word_1_377' title='bbox 2045 5037 2049 5043; x_wconf 75' lang='grc'>’</span> <span class='ocrx_word' id='word_1_378' title='bbox 2083 5041 2089 5048; x_wconf 75' lang='grc'><strong><em>’</em></strong></span> <span class='ocrx_word' id='word_1_379' title='bbox 2126 5018 2129 5027; x_wconf 85' lang='grc'><strong>“</strong></span> 
     </span>
    </p>
   </div>
   <div class='ocr_carea' id='block_1_7' title="bbox 0 0 2169 5972">
    <p class='ocr_par' dir='ltr' id='par_1_9' title="bbox 0 0 2169 5972">
     <span class='ocr_line' id='line_1_38' title="bbox 0 0 2169 5972; baseline 0 0"><span class='ocrx_word' id='word_1_380' title='bbox 0 0 2169 5972; x_wconf 95' lang='lat' dir='ltr'><strong> </strong></span> 
     </span>
    </p>
   </div>
  </div>
 </body>
</html>
