4317 5975
838 301 1398 450 '-sn-

282 583 543 713 prepositni‘e
564 575 766 668 scarentis'
788 572 921 678 longis
942 515 1161 654 retroidtit
1178 569 1453 680 temporibus,
1469 567 1583 650 'odeo
1614 535 1802 680 diminuti
1823 591 1859 654 et
1882 589 2034 696 atnnnsq'

285 718 382 783 sunt
421 686 788 807 paulatim,.qnod
827 686 1058 794 prepositus
1089 684 1165 793 ‘qui
1200 708 1277 790 pre
1316 689 1496 787 tempore
1528 681 1654 765 fuerit
1689 683 1900 764 secundum
1930 691 2039 794 deneg.

284 814 389 893 niam
417 785 636 890 statns⁸sui
664 803 764 881 sine-
782 791 1011 878 reddituum
1042 794 1363 899 remnegracione
1393 793 1559 874 honeste
1589 821 1670 874 uon
1700 796 1850 904 poterit
1869 823 1906 878 se
1925 815 2040 904 tenera,
2069 871 2071 876 ,

216 921 220 927 ’
284 923 373 1005 Nos
415 914 729 1002 diminucionern
772 927 1045 1018 prouentnnm
1080 903 1312 986 huiusmodi
1354 906 1455 984 sient
1492 906 1570 984 iuri
1601 907 1701 984 ¹sutis
1751 923 1812 988 est
1852 934 2042 1016 consonum,

284 1030 409 1117 modo
444 1050 529 1140 quo
570 1044 778 1134 possumne
811 1020 1002 1130 sngipiere
1038 1018 1238 1112 volentes,
1270 1019 1326 1096 ‘de
1360 1015 1528 1096 consilio
1548 1032 1596 1098 ‘et
1625 1020 1965 1127 assense‘eapitnli
1989 1054 2043 1107 nn

284 1149 382 1240 stri,
425 1137 640 1223 Ecclesiam
675 1135 720 1242 jn
749 1131 984 1240 stiaeslroglr,
1026 1127 1282 1237 parochianis
1318 1125 1494 1207 eiusdem
1528 1127 1694 1233 ecclesie
1728 1133 2045 1235 consencientibn

284 1255 395 1340 dicte
433 1251 688 1364 prepositure
723 1246 882 1324 vuinus
915 1259 956 1322 et
991 1243 1242 1322 annectimus
1271 1239 1392 1347 pleno
1420 1240 1519 1334 iure,
1576 1241 1787 1346 designata
1818 1242 1960 1322 vicario
1977 1250 2046 1352 peri

185 1419 192 1430 ·
285 1381 412 1479 petuo
439 1391 559 1475 quem
588 1357 736 1439 ibidem
765 1353 1030 1462 instituimus,
1073 1352 1156 1432 ta'm
1186 1349 1238 1431 de
1268 1347 1493 1430 redditibus
1523 1354 1784 1460 prepositure
1814 1379 1925 1460 qnam
1951 1357 2047 1438 eccle

286 1482 363 1569 sie,
405 1472 702 1585 predictarum,
743 1492 924 1572 congruo
961 1483 1001 1544 et
1030 1461 1253 1568 ‘sufficienti
1287 1464 1503 1570 porcione,
1538 1464 1644 1564 sicut
1680 1465 1722 1543 in
1763 1462 1900 1544 litteris
1935 1472 2049 1550 nostris

285 1617 408 1697 super
435 1586 514 1667 hoc
542 1580 767 1690 specialiter
794 1577 1007 1668 coniectis,
1035 1600 1224 1682 expresse
1252 1576 1493 1668 continetur,
1549 1574 1611 1653 Ne
1645 1575 1774 1679 igitur
1810 1601 1926 1681 super
1957 1606 2051 1659 anne·

285 1704 409 1780 xione
436 1724 508 1777 seu
536 1696 684 1772 unione
714 1689 910 1797 predicta,
947 1686 1082 1794 aliqua
1115 1686 1242 1794 possit
1271 1684 1314 1791 jn
1344 1703 1550 1793 posterum
1579 1683 1764 1766 dubietas
1802 1687 1983 1794 suboriri,
2012 1691 2070 1770 si·'

203 1821 209 1829 ’
286 1811 427 1921 gilium
458 1823 638 1887 nostrum
668 1817 710 1880 et
736 1796 910 1909 sigilium
944 1796 1112 1903 capituli
1150 1798 1276 1878 nostri
1313 1795 1568 1903 presentibus
1593 1811 1690 1876 sunt
1718 1821 1894 1904 appensa
1921 1797 1965 1878 ad
1987 1805 2050 1880 eui·

283 1922 469 2003 denciam
491 1918 726 2026 pleniorem.
785 1913 935 1990 Datum
963 1909 1243 2016 bognaetlrorp.
1268 1931 1384 1988 'anno
1411 1905 1577 1987 domiui.
1607 1907 1675 1989 lli⁰.
1694 1909 1829 1988 CGC0.
1862 1909 1988 2006 Nono,
2010 1939 2052 1991 se·

284 2031 421 2116 nunde
447 2029 511 2112 die
538 2020 697 2125 sinodi.

640 2165 689 2229 Pt
699 2163 897 2246 frinsriden:
927 2161 976 2222 De
996 2159 1165 2241 aetlaescogb
1187 2158 1322 2243 qualiter
1344 2159 1383 2220 sit
1404 2181 1522 2220 snnexa
1545 2160 1744 2244 prepositure.

943 2290 1073 2376 Stgttten
1094 2291 1269 2378 obetydlisst
1290 2289 1436 2360 dedaste.

137 2485 274 2567 'n

271 2618 449 2772 ulios..
960 2660 1107 2814 1309
1152 2655 1199 2762 d.
1250 2694 1276 2801 7
1326 2659 1434 2764 Jan.
1802 2601 2056 2806 Risebcrga.

370 2855 476 2915 iseum
503 2852 754 2912 nrnsutnorrrns
783 2847 1044 2908 testamentarius
1072 2845 1247 2925 snordning
1273 2847 1310 2906 si
1326 2845 1450 2927 girdeu
1473 2848 1527 2908 Μο
1548 2844 1608 2906 och
1629 2847 1675 2906 sin
1698 2823 1790 2908 andei
1812 2849 1823 2908 i
1846 2847 2007 2910 Honestum
2025 2850 2057 2910 till

281 2947 285 2954 '
421 2933 586 3017 Riseberga
609 2935 723 2995 kloster
745 2931 793 2994 tiit
815 2934 896 3011 sina,
917 2933 962 2993 sin
985 2929 1100 2994 broder
1121 2929 1235 2993 Felice
1256 2929 1316 2993 och
1338 2933 1381 2993 sin
1404 2947 1456 2995 son
1479 2929 1567 2993 Caris
1586 2929 1710 3014 synder.
1816 3014 1897 3075 Aa

1849 3060 1857 3076 .
1900 3038 1956 3076 .n.

397 3136 447 3215 ,ΙΝ
483 3135 645 3214 nomine
679 3134 804 3240 patris
837 3150 877 3213 et
912 3131 995 3239 iilij.
1033 3147 1073 3210 et
1102 3132 1267 3237 spiritus
1296 3132 1435 3210 sancti·
1478 3158 1603 3211 amen.
1647 3132 1747 3238 Ego.
1787 3134 1980 3213 Jnomurs.
2006 3158 2057 3213 tr·

284 3270 387 3327 onus
415 3246 538 3325 an.
595 3243 864 3322 Considerans
886 3260 928 3323 et
949 3245 1208 3349 ingemiscens
1232 3241 1486 3350 fragilitatem
1513 3270 1816 3351 meamponens
1843 3246 1964 3324 eciam
1992 3260 2059 3323 ante

286 3354 425 3437 oculos
454 3354 597 3437 cordis.
634 3371 809 3435 extreme
840 3352 918 3434 diei
954 3382 1022 3434 seu
1052 3352 1276 3460 corporalis
1307 3359 1445 3433 mortis
1474 3353 1591 3433 finem
1621 3383 1701 3465 que
1729 3356 1888 3435 cunctis
1916 3371 1972 3435 est
1996 3384 2058 3449 cer·

285 3470 435 3549 tissima
460 3467 552 3547 licet
575 3464 749 3543 eiusdem
774 3465 873 3544 hora
897 3468 1054 3573 penitus
1077 3467 1300 3570 ignoretur.
1359 3466 1419 3545 Ne
1441 3480 1609 3573 propter
1638 3468 1771 3545 uario's
1801 3496 1938 3547 rerum
1966 3495 2060 3545 euen-

285 3597 360 3658 tus.
389 3596 431 3657 et
459 3580 664 3657 bominum
695 3575 876 3681 fragilem
906 3577 1136 3655 memoriam
1165 3574 1278 3684 quod
1303 3574 1601 3655 racionabiliter
1626 3593 1760 3665 aetum
1784 3597 1846 3659 est
1869 3580 2059 3685 melignan-
2117 3668 2118 3673 Ν

284 3694 392 3770 cium
406 3687 819 3795 calumpniacionibus
835 3689 942 3768 infici
961 3685 1096 3790 ualeat
1119 3688 1183 3765 uel
1206 3685 1399 3766 confundi
1423 3690 1601 3795 presenti
1624 3693 1777 3798 scripto
1802 3706 2059 3769 testamentum

178 3855 182 3861 ·
267 3828 427 3881 meum.
457 3796 589 3895 condo
617 3798 693 3877 sub
722 3798 796 3877 hac
825 3798 964 3879 formu.
995 3798 1182 3879 videlicet
1211 3798 1261 3877 ad
1292 3797 1485 3877 bonorem
1521 3802 1807 3908 omnipotentis
1831 3800 1897 3880 dei
1916 3800 2061 3881 deeuius

283 3912 481 4018 largitatis
495 3906 868 3990 muniiieeneia.'me
890 3912 1015 4016 ipsam
1031 3912 1163 3990 omnia
1190 3937 1269 4018 que
1286 3908 1429 3991 habco.
1451 3927 1589 3991 tenere
1610 3939 1859 4019 recognosco
1880 3930 1922 3993 et
1945 3912 1989 3991 ad
2009 3912 2060 3989 ho·

161 4102 167 4113 ,
281 4049 421 4101 norem
452 4022 569 4101 beate
599 4023 777 4127 uirginis.
807 4023 1348 4101 etomniumsanctorumac
1371 4023 1411 4099 in
1437 4024 1721 4101 remisisionem
1753 4019 1797 4132 (l)
1824 4041 2060 4133 peccatorum

229 4148 235 4173 ¹
281 4160 461 4214 meorum
477 4158 634 4212 necnon
659 4149 700 4212 et
721 4132 857 4212 dilecti
872 4132 1023 4212 Fratris
1039 4135 1123 4231 nrei¹
1137 4131 1326 4210 Fulconis
1346 4150 1386 4213 et
1400 4132 1431 4211 F
1435 4132 1494 4240 iiij
1511 4135 1585 4213 mei
1608 4132 1750 4213 karuli.
1767 4137 1934 4214 Curiam
1950 4161 2061 4213 ursan.

280 4245 392 4326 Moae.
428 4261 469 4324 et
507 4259 663 4353 partem
699 4272 823 4322 meam
861 4271 985 4353 quam
1021 4240 1151 4320 babeo
1188 4244 1229 4320 in
1270 4243 1451 4322 Colonia.
1490 4244 1725 4325 Honestum.
1763 4274 1856 4327 cum
1890 4246 2060 4327 domibus

276 4358 399 4465 agris.
430 4358 568 4464 pratis.
600 4355 767 4463 pascujs.
796 4356 918 4436 siluis.
947 4350 1195 4433 molendinis.
1227 4354 1423 4463 pisearljs.
1454 4372 1494 4433 et
1523 4358 1663 4436 ceteris
1693 4358 2061 4465 pertinencijsintra

279 4495 392 4577 sepes
428 4484 469 4547 et
504 4485 629 4565 extre.
668 4467 789 4572 longe
819 4467 883 4546 uel
913 4491 1041 4574 prope
1072 4467 1224 4571 positis.
1253 4466 1510 4560 Monnsterio.
1538 4466 1782 4576 Risaebergb.
1815 4468 1872 4549 do
1901 4487 1940 4551 et
1966 4464 2061 4547 trado

155 4675 161 4689 .
279 4582 322 4659 in
353 4574 592 4687 perpetuum
624 4576 904 4685 possidendam
932 4576 1195 4656 Transierens
1223 4576 1264 4653 in
1299 4577 1538 4659 abbatissam
1569 4595 1609 4657 et
1634 4598 1883 4659 conuentum
1910 4578 2060 4661 eiusdem

276 4689 444 4799 plenum
475 4690 734 4798 proprietatis
760 4689 826 4796 jus
854 4706 895 4767 et
926 4690 1185 4795 possessionis
1212 4686 1720 4771 dominiumilemoratum
1737 4692 1922 4773 Curiam.
1950 4692 2060 4770 Occu·

183 4868 194 4878 .
272 4801 415 4913 pondi.
438 4801 712 4901 inhabitandi.
742 4798 957 4882 vendendi.
985 4798 1175 4881 donandi.
1206 4800 1500 4883 Commutendi.
1521 4821 1562 4884 et
1582 4827 1838 4911 quootunque
1861 4804 1980 4883 modo
2003 4826 2060 4879 un·

277 4914 431 4995 luerint
465 4938 543 5021 pro
572 4916 654 4995 suis
699 4912 836 4993 vsibus
864 4909 1091 4993 ordinandi.
1150 4910 1285 5003 ablata
1303 4914 1423 4993 michi
1441 4913 1617 5025 meisque
1640 4912 1978 5001 heredibnsomni
2000 4905 2059 4991 Fa·
