4317 5975
807 460 917 504 -’·
974 441 1055 523 565
1165 424 1279 507 -’

126 666 344 770 lanestecre
381 644 698 769 fierdnnghmen
726 623 895 740 salulem
923 661 965 740 in
996 663 1175 744 omnium
1204 659 1415 742 saluatore.
1485 660 1686 746 Noncrint
1724 665 1913 754 vniuersi.

127 776 324 859 dominnm
355 785 543 881 magnum
574 773 792 880 plebanum
821 774 861 850 in
896 773 1081 881 quistbro
1111 775 1268 853 naericie
1297 774 1447 854 curiam
1477 775 1518 853 in
1548 774 1913 886 hundabiergcum

124 890 208 970 satis
237 914 358 995 quam
387 883 632 965 hereditauit
662 898 754 989 post
782 879 967 961 dilectam
998 913 1176 964 sororem
1204 909 1313 964 suam
1352 884 1574 964 katerinam
1605 886 1758 971 kanuto
1801 888 1912 972 dicto

124 996 272 1081 stubbae
302 1024 377 1104 pro
412 994 709 1105 quinquaginta
746 993 919 1074 marchis
960 993 1216 1074 denariorum
1254 995 1399 1082 vsnalis
1437 1014 1592 1078 monete
1627 1026 1677 1078 ex
1714 1028 1915 1098 consensu

15 1157 20 1166 ν
126 1105 306 1191 heredum
337 1135 500 1188 suorum
531 1121 572 1184 et
613 1104 786 1184 liliorum
816 1103 1055 1185 uendidisse.
1085 1123 1126 1185 et
1162 1133 1235 1186 nos
1264 1103 1385 1188 dicto.
1421 1109 1472 1187 K.
1503 1105 1638 1188 eadem
1670 1110 1775 1208 bona
1820 1141 1915 1192 cum

126 1217 297 1301 winsord
327 1234 367 1298 et
394 1217 552 1298 festum.
581 1215 746 1295 ocalla
776 1213 864 1322 laga
895 1215 1089 1322 langhum
1119 1215 1360 1296 nendicasse.
1391 1217 1452 1300 Ne
1481 1220 1604 1324 igitur
1632 1220 1675 1300 in
1707 1240 1914 1330 posterum

126 1329 170 1412 de
197 1326 436 1410 uendicione
471 1327 649 1435 predicta
691 1326 826 1433 aliqua
869 1329 1106 1435 suspicionis
1150 1344 1245 1407 nota
1290 1328 1422 1408 ualeat
1470 1330 1642 1412 suboriri
1685 1350 1913 1441 presentem

127 1441 292 1522 litteram
335 1440 378 1518 in
435 1436 685 1518 euidenciam
741 1437 960 1545 pleniorem
1002 1439 1203 1519 conscribi
1248 1439 1421 1519 fecimus.
1480 1456 1519 1522 et
1560 1443 1690 1550 sigillo
1740 1447 1915 1526 ciuitatis
2000 1485 2005 1492 ·

126 1568 267 1637 nostre.
296 1579 374 1630 vna
402 1577 494 1630 cum
530 1549 663 1655 sigilio
698 1551 963 1628 conuiuarum
1002 1547 1111 1632 beati
1151 1550 1259 1628 claui
1289 1612 1298 1631 .
1330 1610 1379 1630 ..
1423 1553 1629 1632 comvniri.
1702 1555 1915 1636 Huicau·
1992 1641 1996 1652 ,
2052 1561 2057 1568 ⁸

122 1683 202 1745 tem·
234 1661 461 1741 uendicioni
505 1658 787 1740 interfuerunt.
831 1663 1019 1766 magister
1059 1661 1159 1769 jugo
1188 1660 1690 1772 canonicus'lincopensis
1719 1661 1915 1748 hemmin-

123 1801 193 1886 gus
220 1783 404 1854 susanne:
443 1771 707 1878 arnnolphus.
748 1769 941 1875 lybertus.
972 1770 1338 1878 petrus-hestridis.
1369 1772 1596 1853 laurencius
1624 1774 1744 1856 brun.
1776 1777 1916 1858 iohan-

127 1911 191 1966 nes
232 1882 370 1989 dyank
411 1883 656 1963 hennikinus
698 1880 866 1961 conradi
906 1900 946 1962 et
983 1882 1050 1990 alij
1087 1909 1207 1992 quam
1245 1881 1408 1989 plurimi
1449 1882 1527 1964 lide
1571 1884 1695 1993 digni.
1767 1889 1917 1971 Datum

18 2018 22 2031 ·
112 1995 294 2106 ⁸lincopie
323 2018 430 2074 anno
458 1993 622 2074 domini.
650 1993 723 2074 ΜΟ.
740 1992 872 2073 CCC0.
886 1991 977 2074 1x0.
1008 1992 1104 2073 leria
1135 1995 1276 2101 quinta
1306 1993 1666 2099 antehdominicam
1697 1999 1832 2081 letare.

292 2137 549 2222 Pd‘frdnn'dan:
569 2136 686 2198 Littera
709 2134 855 2200 decuria
877 2134 1093 2216 huodabergh.
1115 2135 1195 2199 Med
1214 2135 1346 2200 scdnare
1366 2137 1469 2199 leand:
1490 2137 1633 2202 videlicet
1654 2139 1741 2202 fasta.
1841 2219 1844 2226 Ι

562 2252 682 2336 sigillet
702 2253 761 2315 Nto
784 2273 795 2314 ι
820 2251 965 2329 slsdad13
987 2252 1047 2315 N:o
1067 2272 1093 2336 ασ
1109 2253 1210 2336 berte,
1232 2254 1323 2333 iemte
1345 2274 1473 2326 remsan.

35 2579 47 2587 .
111 2614 298 2726 sliu.
708 2608 862 2775 1309
906 2617 991 2727 vid
1033 2621 1082 2726 d.
1129 2663 1161 2767 9
1208 2621 1356 2746 Mars.

124 2801 129 2808 ’
204 2809 336 2886 Magnus
356 2805 476 2886 Langen
497 2803 575 2866 enta
594 2804 725 2868 Esrsms
744 2810 1010 2872 testamentarislra
1032 2811 1203 2886 unordning
1225 2809 1262 2869 ss
1277 2809 1318 2886 do
1341 2806 1430 2869 mark
1451 2805 1621 2890 penningnr
1644 2804 1690 2868 till
1708 2804 1829 2890 Nydals
1845 2805 1927 2869 kto··

244 2902 323 2967 ster,
345 2888 395 2951 sor
411 2888 522 3010 'bville
542 2889 585 2950 stt
607 2889 722 2951 benncs
742 2892 890 2972 egendom
913 2895 923 2955 i
944 2895 1171 2978 Jerowrixtorp
1193 2891 1203 2954 i
1225 2893 1334 2952 Tweta
1356 2889 1452 2952 harad
1474 2899 1690 3025 pantstttes.A
1718 2973 1733 3027 3
1760 2945 1799 3025 ι,
1884 2947 1890 2958 ,

230 3078 281 3154 ln
311 3076 472 3154 nomine
500 3071 654 3154 domini
682 3103 818 3172 amen,
861 3078 949 3185 Ego
979 3076 1166 3159 Esrmots
1194 3077 1349 3172 relicta,
1378 3076 1513 3182 Magni
1540 3074 1635 3155 dicti
1666 3075 1796 3181 longi,
1825 3074 1919 3155 licet

122 3216 173 3268 ex
201 3184 340 3266 dinine
377 3186 536 3293 pietatis
578 3184 771 3267 beneficio
808 3204 916 3271 statu
951 3188 1131 3296 gaudens
1173 3189 1376 3296 sospitatis
1418 3185 1676 3294 corporalis,⁸
1706 3184 1919 3265 attendens
1989 3182 1993 3193 '

120 3298 405 3379 nichilominus
420 3324 669 3377 communem
684 3299 880 3380 moriendi
894 3299 1245 3394 necessitudinem,
1260 3297 1458 3407 simulque
1481 3296 1663 3377 debitum
1687 3296 1787 3376 illud
1813 3323 1920 3374 mor·

122 3413 172 3490 tis
207 3406 390 3491 soluendi
420 3406 745 3489 incertitudinem
775 3410 938 3518 quoad
968 3427 1143 3519 tempus,
1182 3438 1263 3490 non
1295 3412 1500 3519 ignorans,
1536 3409 1575 3486 in
1617 3407 1837 3489 remedium
1878 3421 1920 3485 et

53 3612 61 3617 ,
120 3521 289 3602 salntem
312 3519 443 3598 anime
465 3544 550 3597 mee
570 3518 785 3600 sufficienti
813 3520 1024 3628 prehabito
1052 3520 1347 3602 deliberacione
1376 3538 1656 3601 testamentum
1685 3546 1816 3599 meum
1839 3515 1920 3596 dis·

79 3688 85 3693 *
121 3657 234 3742 pono
262 3647 304 3711 et
331 3628 477 3710 ordino
513 3631 555 3707 in
599 3629 707 3711 hunc
735 3630 933 3731 modum,
976 3632 1181 3728 videlicet,
1223 3632 1332 3741 quod
1377 3631 1572 3739 religiosis
1614 3631 1711 3709 viris
1753 3626 1920 3710 domino

89 3777 93 3781 ’
119 3742 280 3836 abbati,
308 3746 349 3819 et
376 3740 599 3819 concentui
626 3742 877 3836 Noueuallis,
907 3742 1017 3851 apud
1039 3770 1149 3849 quos
1179 3743 1275 3822 mihi
1304 3742 1411 3869 eligo
1444 3742 1709 3849 sepulturam,
1744 3737 1921 3848 quadra·
2043 3802 2054 3815 „
2116 3788 2123 3798 -

56 3873 60 3891 ¹
117 3856 255 3963 ginta,
285 3848 468 3930 marchas
493 3845 751 3929 denariorum
778 3851 898 3931 titulo
926 3852 1161 3933 donacionis
1198 3852 1307 3957 lege,
1345 3852 1604 3959 inpignerans
1638 3848 1805 3944 eisdem,
1843 3876 1920 3957 pro

57 3992 63 3997 ·
117 3964 240 4047 dictis
269 3958 580 4054 donacionibus‚
609 3962 880 4069 integritatem
916 3964 1094 4042 omnium
1134 3988 1273 4042 eorum
1316 3988 1396 4073 que
1437 3964 1479 4041 in
1521 3960 1839 4068 iarnwixthorp‚
1880 3974 1941 4039 et-

116 4078 162 4157 in
193 4072 382 4154 domibus
409 4089 451 4151 et
477 4072 521 4151 in
550 4070 705 4179 predijs
732 4088 814 4153 tam
842 4088 957 4154 extra
985 4101 1108 4183 quam
1137 4076 1243 4153 intra
1271 4098 1386 4181 sepes
1407 4070 1593 4181 possideo
1620 4072 1691 4153 tali
1714 4072 1790 4151 snb
1824 4098 1930 4151 con·-

116 4186 302 4280 dicione,
331 4197 375 4263 vt
403 4179 569 4263 heredes
597 4185 674 4263 mei
704 4183 857 4291 prefata
887 4182 1015 4281 bona,
1043 4182 1256 4266 antedictis
1285 4183 1488 4265 monachis
1512 4183 1786 4291 inpignerata‚
1811 4210 1833 4260 a
1856 4180 1922 4261 die
1979 4240 1985 4251 .

118 4298 261 4380 obitus
289 4294 367 4374 mei
395 4320 522 4403 nsque
550 4292 599 4373 ad
629 4291 735 4403 diem
772 4311 815 4375 et
850 4321 1000 4375 annum
1044 4321 1122 4403 pro
1163 4294 1436 4407 quadraginta
1480 4296 1622 4378 marcis
1664 4292 1925 4375 denariorum

115 4409 251 4491 libere
281 4405 437 4512 possint
464 4404 497 4483 si
526 4402 652 4483 velint
680 4402 898 4502 redimere,
926 4406 1108 4516 alioquin
1141 4423 1290 4487 extunc
1318 4408 1405 4515 ipsa
1434 4402 1569 4486 eadem
1604 4406 1711 4489 bona
1741 4406 1782 4483 in
1805 4404 1923 4483 larn-

114 4521 354 4624 wixthorp,
382 4512 435 4598 ad
471 4512 658 4596 abbatem
694 4531 735 4597 et
775 4516 993 4598 monachos
1035 4533 1237 4627 perpetuo
1280 4520 1509 4624 pertineant
1550 4515 1672 4623 pleno
1714 4517 1824 4610 iure,
1871 4516 1925 4595 ln
2061 4518 2063 4523 ’
2120 4516 2121 4524 '

113 4633 243 4714 huius
270 4628 329 4707 rei
356 4623 627 4723 euidenciam,
653 4625 829 4733 sigillum
857 4625 1012 4710 domini
1046 4626 1275 4709 Germundi
1311 4626 1361 4708 dc
1399 4625 1637 4707 Wriehstaa
1679 4625 1810 4707 curati
1846 4626 1925 4705 mei
2060 4636 2062 4639 ’

113 4740 178 4823 ed
208 4738 447 4849 peticionem
476 4763 604 4819 meam
641 4764 733 4819 cum
771 4740 984 4847 proprium
1026 4738 1202 4847 sigillum
1245 4763 1329 4819 non
1371 4736 1539 4819 habeam
1582 4736 1837 4846 presentibus
1865 4750 1925 4815 est

114 4875 371 4964 appensum,
398 4852 543 4928 Actum
573 4874 682 4931 anno
710 4847 862 4929 domiui
883 4850 959 4947 ΜΟ,
984 4851 1107 4933 CCC⁰
1129 4851 1267 4944 Nono,
1289 4848 1395 4930 circa
1417 4845 1589 4932 medium
1611 4846 1925 4959 quadragesime.

585 4990 636 5055 Pa·
644 4992 841 5075 srdnsidans
860 4987 1098 5081 lernwrixborp
1118 4994 1148 5055 in
1171 4985 1276 5079 bustu
1299 4980 1467 5077 prouincia.
1542 5065 1550 5077 ι
1826 4995 1828 5008 “

443 5155 453 5161 -
545 5102 668 5191 sigillet
688 5108 783 5193 ntgot
802 5108 950 5192 skadadt,
970 5109 1012 5196 pt
1031 5130 1070 5174 en
1093 5131 1131 5175 ur
1151 5108 1273 5175 brelvet
1293 5109 1398 5195 klippt
1418 5121 1534 5174 renisa:

262 5166 266 5171 ’
289 5188 336 5244 sv.
351 5186 473 5263 orpus
488 5189 531 5246 11.
1738 5178 1793 5259 '7²
