4317 5975
832 345 892 386 ..-
1002 312 1114 420 5⁶7.
1194 355 1251 380 -

90 581 93 589 ·
139 554 270 622 nutem
307 533 425 616 huius
462 536 597 616 nostre
633 529 926 640 appellacicnis
957 549 1063 620 ,sunt
1103 530 1177 640 hij.
1250 531 1486 642 Magnificus
1531 535 1741 643 princeps
1762 535 1950 634 dominus

140 651 283 732 Ericus
310 645 376 728 dei
402 645 537 754 gracia
561 643 761 727 danorum
795 641 1108 756 sclauorurnque
1145 645 1232 726 Rex
1271 645 1463 768 jllustris‚
1509 647 1757 730 venerabiles
1798 657 1951 758 patres,
2004 687 2008 704 ·

139 759 347 852 dominus,
378 758 423 837 C.
439 757 638 866 Ripensis.
667 757 710 836 P.
727 751 984 860 vibergensis.
1009 757 1058 838 N.
1088 755 1370 863 burgla'uensis
1391 754 1569 838 eiusdem
1593 761 1727 866 gracia
1758 763 1949 874 episcopi.

138 888 180 953 et
206 867 469 952 Reuerendus
497 867 560 948 vir
587 865 774 947 dominus
802 863 858 944 .B.
887 865 1064 947 eiusdem
1094 867 1249 976 dominj
1284 868 1405 974 Regis
1435 868 1729 967 cancellarius,
1772 900 1950 982 quorum

138 981 268 1092 sigilla
297 978 554 1088 presentibus
581 995 676 1060 sunt
703 1003 896 1085 appensa.
952 983 1098 1060 Actum
1129 1005 1260 1075 anno,
1288 977 1354 1060 die
1383 994 1424 1060 et
1453 978 1544 1062 loco
1572 979 1826 1091 supradictis.

152 1369 358 1486 rasa·
755 1367 901 1512 1309
947 1362 996 1473 a.
1041 1405 1118 1512 -19
1166 1364 1354 1472 uass..
1583 1415 1587 1425 ·
1709 1367 1946 1521 Winsrg.
1988 1341 2000 1484 f
2065 1359 2092 1391 ’·

222 1559 361 1638 Kooung
383 1556 515 1618 limosas
536 1552 741 1617 meddslande
762 1555 800 1616 sl
815 1552 1003 1636 l‘drcgdendc
1021 1555 1126 1638 appell
1148 1553 1195 1616 till
1218 1550 1445 1638 lrlebislopen
1469 1557 1477 1618 i
1499 1527 1628 1641 Upsala,
1652 1559 1721 1620 med
1739 1559 1951 1642 tillltnnsgii·
2017 1547 2046 1612 '.
2098 1620 2101 1628 ,

263 1641 364 1702 vnnde
384 1649 432 1701 stt
453 1637 687 1702 rederbdrsndc
708 1638 802 1702 darni
819 1638 942 1700 crhills
964 1637 1017 1700 del
1037 1637 1099 1700 och
1122 1634 1193 1700 med
1214 1636 1362 1698 cnhdllso
1383 1659 1435 1702 om
1457 1639 1715 1774 irksbiskopenpk
1723 1642 1792 1704 rad.

1717 1762 1725 1778 .
1743 1739 1769 1795 7.
1787 1742 1810 1778 ι.

250 1824 451 1906 Bauer-:nus
479 1820 546 1905 dei
574 1822 711 1930 gracia.
735 1850 937 1904 sweornm
979 1823 1279 1930 gothorumque
1319 1823 1419 1904 Rex.
1456 1824 1690 1905 Venerabili
1723 1823 1765 1934 jn
1796 1825 1949 1910 christo

82 2026 88 2036 ,
139 1937 247 2048 patri
276 1935 442 2018 domino
470 1934 639 2015 Nicolao
667 1931 844 2016 eiusdem
873 1934 1005 2040 gracia
1035 1933 1342 2041 archiepiscopo
1377 1935 1589 2041 upsalensi.
1618 1934 1878 2017 dileccionem
1906 1939 1950 2048 jn

138 2045 423 2130 dominorum
452 2045 594 2128 salute.
651 2043 932 2151 significamus
959 2045 1077 2125 vobis
1105 2042 1216 2152 quod
1245 2043 1323 2151 hijs
1351 2042 1495 2128 diebus
1524 2047 1728 2156 quandam
1769 2049 1950 2157 appella·

137 2161 293 2241 cionem
323 2159 639 2268 interposuimus
666 2155 710 2263 jn
740 2155 851 2238 hunc
876 2153 1051 2238 modum.
1095 2157 1146 2235 Jn
1177 2157 1339 2236 nornine
1367 2153 1519 2236 domini
1548 2162 1622 2238 &c
1651 2159 1702 2239 Se
1730 2161 1812 2240 Nm
1833 2159 1948 2240 1612.

84 2325 89 2336 ι
137 2271 239 2354 Cum
271 2273 344 2351 ista
372 2270 495 2379 igitur
522 2267 798 2378 appellacicne
828 2267 1003 2377 misimus
1046 2263 1249 2377 quendam
1288 2267 1568 2374 cappellanunr
1605 2285 1786 2349 nostrum
1820 2267 1949 2351 dorni·

20 2375 48 2438 '-
138 2412 235 2464 num
265 2383 457 2463 andream
488 2380 757 2490 presbiterum
787 2377 837 2460 ad
868 2376 1159 2467 notificandum
1188 2405 1275 2456 eam
1305 2378 1504 2486 episcopis
1540 2378 1764 2488 sepedictis.
1828 2371 1948 2462 Vnde

139 2495 225 2604 ipsa
268 2510 476 2602 perspecta
504 2509 544 2572 et
570 2488 706 2571 debita
750 2487 1047 2579 deliberacione
1092 2504 1280 2596 pensata,
1308 2489 1439 2568 velitis
1469 2489 1587 2571 nobis
1623 2494 1729 2572 circa
1766 2489 1844 2571 hoc
1878 2520 1947 2572 ne·

139 2606 299 2712 goainm
328 2629 422 2684 sane
451 2601 659 2683 consulere
688 2601 800 2711 quod
830 2598 948 2682 nobis
977 2600 1140 2682 creditis
1178 2596 1367 2708 expedire
1411 2599 1540 2681 valete
1584 2590 1692 2682 nunc
1721 2617 1762 2681 et
1790 2629 1949 2710 semper
1998 2655 2002 2669 ·

31 2783 41 2794 .
138 2715 184 2823 jn
212 2715 377 2796 domino
406 2719 547 2795 Amen.
604 2713 809 2821 Scriptum
838 2713 1014 2820 vibergis
1042 2709 1086 2820 jn
1116 2709 1241 2818 juscia
1273 2711 1370 2790 feria
1401 2711 1504 2792 ‚lllL
1533 2715 1716 2820 proxima
1752 2728 1849 2794 ante
1879 2713 1948 2795 be·

139 2827 290 2912 nedicti
317 2825 488 2908 abbatis.

548 2966 671 3051 Sigillet
693 2966 765 3031 med
786 2966 846 3031 den
868 2988 905 3031 ur
926 2965 1048 3031 brelret
1068 2964 1189 3051 klippta
1211 2986 1333 3029 retussa
1356 2963 1529 3027 borlriivet.

152 3330 319 3459 1614.
624 3371 626 3382 ·
771 3332 926 3485 1309
968 3329 1017 3434 d.
1067 3366 1135 3436 ao
1180 3330 1326 3433 Mars.
1480 3351 1537 3455 J
1612 3326 1944 3441 Gismustum.

222 3519 336 3592 insons
358 3513 396 3575 si
411 3514 510 3578 Aslrcr
531 3516 799 3579 testamentarislra
821 3515 992 3598 snordning
1014 3517 1052 3578 sl
1068 3515 1241 3601 peccingas
1262 3515 1307 3595 till
1335 3514 1450 3576 kloster
1476 3510 1537 3576 och
1560 3515 1689 3597 lyrior,
1721 3491 1819 3579 bland
1852 3517 1950 3581 andra
1979 3503 1982 3515 ¹

262 3598 310 3659 till
332 3598 672 3661 Predikcrehrddernas
692 3600 809 3662 kloster
829 3603 840 3661 i
862 3600 1007 3682 Sigtuua,
1028 3599 1079 3662 liis
1100 3597 1256 3681 graistalle
1278 3597 1308 3658 dl
1330 3598 1374 3679 sig
1406 3595 1464 3659 och
1498 3598 1564 3659 sina
1586 3597 1636 3659 vid
1659 3602 1718 3663 Ncs
1740 3598 1839 3683 lyris
1862 3601 1948 3664 liirut

264 3681 415 3761 hcgrslnn
435 3684 534 3742 siiner.
1733 3763 1757 3817 A
1786 3764 1804 3817 3

212 3938 220 3947 .
250 3866 302 3944 in
331 3864 503 3945 Nomine
532 3864 659 3971 patris
687 3880 728 3943 et
752 3864 823 3945 lilii
852 3881 892 3943 et
913 3863 1081 3971 spiritns
1110 3862 1237 3942 sancti
1267 3864 1407 3941 Amen.
1437 3862 1544 3964 Quia
1574 3878 1734 3971 tempus
1768 3880 1810 3947 at
1846 3866 1946 3949 hora
1985 3916 1990 3927 ·

139 3976 281 4058 mortis
309 3974 467 4055 cunctis
511 3974 751 4055 mortalibus
779 3977 861 4054 sint
888 3976 1054 4054 incerta.
1084 3992 1123 4053 et
1153 3973 1386 4082 inopinatus
1429 3990 1601 4053 euentus
1641 3973 1819 4057 salubria
1846 3967 1947 4086 pro-

140 4090 271 4197 posita
315 4113 409 4194 sepe
446 4083 622 4195 relinqui
664 4085 804 4166 lecerit
846 4084 1080 4193 inperfecta.
1164 4084 1249 4164 Hac
1298 4081 1624 4165 consideracione
1668 4086 1815 4169 ductus
1858 4090 1948 4199 Ego

142 4204 316 4279 insonus
343 4195 474 4277 dictus
508 4195 558 4276 de
588 4194 714 4277 asker.
741 4196 834 4277 licet
862 4222 1035 4305 corpore
1064 4192 1219 4276 debilis.
1251 4212 1381 4275 mente
1409 4211 1542 4273 tamen
1573 4224 1739 4306 compos
1760 4225 1834 4305 per
1857 4228 1982 4307 gra·u

142 4312 245 4392 ciam
273 4310 387 4389 ihesu
416 4308 556 4387 christi
589 4306 702 4388 facio
735 4306 879 4389 'condo
907 4326 947 4388 et
976 4304 1122 4385 ordino
1151 4324 1429 4388 testamentum
1469 4333 1598 4388 meum
1628 4309 1672 4387 in
1712 4307 1823 4389 hunc
1864 4336 1949 4391 mo-

142 4422 250 4504 dum.
295 4422 346 4499 ln
377 4418 513 4528 primis
541 4416 651 4526 apud
678 4418 901 4527 Religiosos
929 4420 1038 4499 viros
1064 4416 1208 4499 fratres
1238 4418 1721 4526 predicatoressictunie‚
1752 4420 1829 4501 mei
1859 4446 1949 4502 cor·
2058 4450 2073 4506 ,’

144 4534 254 4642 poris
282 4531 388 4638 eligo
416 4530 674 4638 sepulturam.
703 4530 853 4641 quibus
882 4530 982 4639 lego.
1019 4532 1279 4641 quatraginta
1316 4528 1497 4609 marchas
1536 4528 1817 4623 denariorum,
1843 4530 1977 4615 ltem'

143 4644 307 4752 deputo.
338 4642 520 4751 quinque
549 4640 731 4751 marchas
760 4641 898 4722 denar.
930 4670 1006 4751 pro
1036 4641 1169 4755 lapide
1199 4640 1421 4749 sepulchri,
1451 4641 1555 4719 ltem
1585 4641 1681 4722 illuc
1704 4642 1799 4721 volo
1817 4658 1950 4726 trans·

144 4755 242 4835 ferri
271 4752 373 4832 filios
402 4776 522 4833 meos.
551 4750 769 4833 harardum
793 4750 848 4866 (l).
874 4771 914 4835 et
944 4756 1157 4863 hirgerum.
1176 4749 1282 4861 apu'd
1298 4750 1502 4832 ecclesiam
1521 4752 1599 4835 Nes
1614 4752 1806 4837 tumulos.
1821 4754 1858 4862 *)
1873 4784 1949 4865 pro
1970 4856 1974 4861 .

185 4967 210 5040 ⁶)
232 4962 301 5025 nor
318 4962 474 5027 sanuolilrt
494 4984 574 5025 uara
595 4962 774 5028 tumulatos.
