4317 5975
831 422 835 435 ’
927 369 1030 531 '·-·
1136 452 1223 561 ³164
1325 490 1389 526 ·-

281 690 475 797 actionis,
508 722 577 779 sev
613 687 923 807 composicionis
950 686 1186 785 amicabilis,
1214 712 1289 765 nos
1316 681 1444 779 tueri,
1470 681 1757 765 Promittentes
1771 676 1897 760 mian
1916 691 2069 777 nostro,

281 837 556 893 successorum
584 823 818 887 nostrorum
847 808 887 883 8ι
916 799 1097 883 Ecclesia
1121 796 1264 880 nostre
1292 796 1466 890 nomine,
1502 820 1577 876 nec
1610 797 1653 872 &
1688 791 1851 898 nomine
1883 787 2079 871 heredum

189 1013 191 1019 ¹
280 920 475 1031 sepedicti
503 918 682 1029 magistri
711 918 786 999 .N.·
802 911 1014 1022 oddulpbi,
1043 910 1311 1020 stipulacione
1334 905 1565 1015 sollempni,
1593 900 1835 985 Reuerendo
1871 902 1961 983 viro
1986 927 2070 981 ma·

280 1032 409 1140 gistro
437 1028 585 1113 andree
615 1028 820 1139 preposito
849 1024 1063 1134 wpsaler‘rsi
1092 1018 1351 1133 procuratori
1387 1015 1557 1127 capituli
1591 1020 1633 1097 8(
1666 1012 1844 1096 Ecclesia
1879 1011 2072 1122 wpsaleu·

281 1142 347 1240 sis,
376 1142 701 1239 transactionem,
728 1137 991 1233 solucionem,
1020 1140 1060 1216 iic
1098 1133 1384 1245 quitacionem,
1419 1127 1633 1239 predictas,
1670 1131 1714 1219 8(Ι
1745 1124 1880 1206 omnia
1915 1150 1962 1204 ac
1994 1124 2070 1203 sin-

280 1253 377 1361 gula
419 1253 715 1362 suprascripta,
753 1266 841 1329 rata
883 1254 924 1329 te
969 1247 1095 1343 firma,
1116 1326 1120 1332 ,
1138 1243 1431 1353 jnuiolabiliter
1475 1240 1625 1322 habere
1668 1244 1710 1318 a
1744 1253 1902 1345 tenere,
1930 1240 1971 1315 bt
1996 1258 2070 1317 uon

282 1380 425 1445 contra
436 1369 588 1468 fucere
602 1363 667 1445 vel
682 1369 832 1455 venire,
848 1359 985 1487 aliqua
1014 1358 1178 1439 racione
1205 1353 1269 1435 vel
1298 1381 1430 1448 causa,
1448 1348 1499 1431 dc
1512 1350 1603 1459 jure
1616 1350 1680 1431 vel
1695 1346 1748 1428 de
1762 1347 1950 1445 lacto,th
1965 1345 2070 1428 ouius

281 1473 343 1558 rei
379 1475 675 1571 testimonium,
709 1471 761 1553 de
790 1487 927 1551 nostra
954 1486 1066 1552 certa
1094 1470 1278 1564 sciencia,
1307 1471 1347 1546 &
1376 1460 1564 1543 mandato
1596 1458 1772 1570 speciali,
1800 1457 1976 1566 sigillum
2004 1482 2070 1536 no·
2121 1480 2127 1490 ·

116 1616 120 1630 ·
197 1586 203 1597 ‘
251 1602 424 1682 strum,
446 1586 701 1695 presentibus
722 1598 782 1663 est
804 1609 1039 1691 appensum.
1070 1581 1208 1661 Eciam
1238 1605 1315 1657 nos·
1339 1572 1562 1685 capitulum
1590 1568 1769 1653 eiusdem
1797 1569 1964 1651 ecclesie
1990 1565 2071 1651 slm-

280 1698 424 1793 rensis,
451 1696 776 1791 transactionem,
804 1693 1141 1801 composicionem
1172 1694 1212 1770 a
1240 1689 1485 1775 solucionem
1516 1682 1718 1793 predictas
1745 1697 1853 1763 ratas
1890 1679 2072 1762 habemus
2113 1759 2116 1764 .

281 1812 324 1889 8(
350 1834 402 1889 ex
430 1826 540 1890 certa
567 1806 752 1902 sciencia,
779 1804 1011 1913 jnt'signum
1040 1801 1364 1910 approbacionis,
1394 1824 1558 1905 presens
1591 1796 1801 1904 scriptum,
1837 1791 1972 1901 sigillo
2005 1820 2070 1875 no·
2143 1789 2144 1796 ‘

282 1933 382 2017 stro,
413 1946 613 2003 unacum
640 1916 772 2025 sigillo
800 1915 965 1995 Domini
1002 1914 1195 2021 Episcopi
1218 1912 1445 1993 munimus.
1518 1910 1668 1988 Datum
1714 1906 1920 2013 lassungi,
1962 1908 2070 1984 Anno

283 2030 450 2111 Domini
477 2028 727 2129 M⁰,GC',XC
754 2042 914 2139 quarto,
943 2028 994 2106 Jn
1023 2023 1090 2105 die
1117 2023 1329 2104 beatorum
1358 2021 1578 2118 martirum,
1607 2017 1762 2099 fabiani
1789 2022 1829 2098 &
1856 2018 2070 2099 sebastiani.

845 2168 990 2251 sigillent
1011 2170 1070 2231 N:o
1096 2188 1106 2230 1
1138 2166 1308 2244 borstaflet,
1331 2186 1350 2225 2
1371 2162 1517 2245 andeligt.

159 2610 160 2615 κ
296 2538 459 2646 1103.
703 2578 712 2597 ’
852 2548 1004 2681 1294
1051 2532 1101 2638 d.
1154 2570 1219 2640 ,ιο
1259 2528 1425 2677 April.
1563 2624 1567 2630 .
1831 2526 2068 2655 Frbdawi.

365 2722 474 2824 lacos,
497 2722 594 2805 Bengt
615 2722 743 2785 Bossons
763 2720 917 2784 smlsveos
937 2716 1206 2781 testamentarisla
1227 2714 1399 2796 auordniug
1419 2714 1457 2790 al
1472 2715 1519 2776 sin
1539 2701 1787 2799 qvarldteotlap.
1869 2796 1896 2851 A
1923 2795 1949 2863 ⁴.

272 2970 277 2990 ,
393 2906 446 2986 Jn
476 2903 639 2986 nomine
668 2904 794 3013 patris
823 2908 863 2983 a
891 2894 981 3011 filij'
999 2919 1041 2981 et
1074 2901 1241 3010 spiritus
1266 2902 1416 2997 sancti,
1444 2896 1572 2996 amen,
1608 2900 1711 3010 Ego,
1746 2899 1942 2996 laconas,
1976 2922 2067 3006 puer

281 3017 438 3102 domini
467 3013 685 3112 Benedicti,
717 3017 858 3111 boson,
887 3011 940 3093 ad
981 3014 1262 3092 uniuersorum
1306 3008 1465 3090 deduco
1504 3012 1695 3091 noticiam
1737 3037 1812 3120 per
1856 3009 2067 3118 jnspeccio·

283 3154 375 3209 nem
405 3126 670 3240 presencium,
698 3124 811 3234 quod
840 3151 972 3204 meum
1001 3125 1053 3203 Jn
1084 3122 1192 3203 bunc
1220 3120 1384 3203 modum
1413 3121 1517 3217 facio
1545 3128 1586 3202 8(
1613 3119 1760 3202 ordino
1795 3138 2065 3202 testamentum

283 3240 431 3333 Primo,
455 3235 620 3317 confero
637 3234 829 3314 fratribus
859 3232 1183 3342 predicatoribus
1211 3234 1381 3312 sictonie
1394 3232 1504 3342 apud
1518 3260 1622 3342 quos
1636 3233 1743 3342 eligo
1755 3234 2013 3341 sepulturam,
2037 3236 2066 3315 si

282 3347 490 3430 voluerint
502 3373 652 3454 corpus
667 3373 797 3426 meum
812 3342 983 3439 deferre,
999 3342 1162 3450 &apud
1178 3371 1220 3422 se
1235 3343 1415 3452 sepelire,
1430 3371 1550 3452 equm
1566 3373 1696 3424 meum
1713 3338 1890 3441 brunan,
1908 3347 1977 3455 qui
1995 3361 2066 3425 stat

218 3493 222 3513 ·
284 3459 429 3538 kraxta
444 3457 488 3564 jn
504 3461 615 3537 curia
629 3449 793 3552 domini,
810 3456 849 3553 b,
865 3455 993 3535 boson
1011 3455 1247 3565 &quinque
1265 3453 1444 3536 marchas
1458 3447 1548 3538 den.
1559 3461 1668 3564 ,pro
1682 3483 1859 3564 quorum
1874 3456 2065 3538 solucione

283 3567 441 3678 deputo
469 3583 627 3676 partem
669 3595 801 3647 anone
842 3594 929 3646 mee
964 3593 1044 3675 que
1082 3582 1143 3645 est
1178 3568 1221 3645 in
1256 3567 1423 3662 lostam,
1457 3566 1645 3647 videlicet
1676 3568 1760 3647 duo
1795 3567 1949 3649 talenta
1983 3595 2065 3648 cum

284 3678 464 3776 dimidio,
500 3681 604 3760 Jtem
641 3678 833 3786 fratribus
871 3676 1096 3757 minoribus
1130 3677 1280 3785 upsalie
1320 3704 1440 3758 vnum
1472 3677 1689 3758 'Marcham
1732 3679 1837 3775 den,
1882 3681 1981 3759 Jtem
2021 3676 2064 3757 ad

284 3790 486 3873 edificium
513 3790 676 3871 ecclesie
703 3789 924 3900 upsalensis
952 3816 1073 3868 vnam
1111 3790 1325 3884 marcham,
1359 3788 1550 3898 hospitali
1586 3788 1783 3898 Enicopie
1820 3815 1938 3871 ruam
1973 3774 2064 3870 lllar·

145 3941 147 3948 ¹
284 3901 421 4000 cham,
450 3929 528 4010 pro
555 3901 759 3983 solucione
788 3903 955 3981 istarum
984 3903 1107 3980 trium
1136 3900 1389 3980 Marcharum
1431 3901 1585 4009 deputo
1629 3918 1785 4008 partem
1822 3929 1953 3983 anone
1988 3925 2063 3980 mee

284 4039 367 4206 pue
394 4013 572 4121 reposita
600 4029 662 4093 est
689 4012 735 4121 jn
764 4011 925 4108 tastum,
970 4011 1157 4091 videlicet
1203 4038 1327 4090 vnum
1369 4010 1569 4091 talentum
1605 4037 1708 4092 cum
1730 4009 1930 4112 dimidio,
1973 4015 2064 4092 Jtem

314 4126 452 4204 omino
481 4143 678 4232 styrgero,
706 4123 908 4205 sacerdoti
938 4122 988 4203 de
1017 4121 1170 4203 lunboa
1198 4121 1369 4229 herethj,
1397 4151 1516 4202 ruam
1546 4123 1748 4204 Marobam
1763 4123 1934 4221 den.,ad
1956 4122 2064 4202 huius

283 4235 531 4317 solucionem
560 4233 712 4344 deputo
741 4234 922 4342 precium
958 4233 1078 4313 vuius
1111 4233 1289 4314 Mantelli
1327 4233 1439 4342 quod
1474 4233 1574 4314 mihi
1609 4233 1743 4317 luerat
1776 4233 2064 4345 inpignoratam

285 4375 362 4456 pro
390 4344 528 4427 decem
557 4369 733 4440 orarum,
762 4343 867 4441 dem,
905 4349 946 4424 8ι
974 4342 1097 4424 habet
1136 4343 1237 4423 illud
1279 4343 1413 4435 bolma
1458 4371 1538 4455 que
1586 4363 1721 4426 manet
1763 4345 1877 4453 juxta
1921 4345 2062 4428 curiam
2128 4406 2134 4418 ό

284 4455 462 4566 godbicu
490 4455 612 4535 scalla
642 4457 824 4551 sictonie,
851 4455 962 4566 quod
993 4471 1126 4535 autem
1156 4456 1193 4534 ei
1223 4457 1485 4536 commiserim
1508 4455 1740 4564 ‘predictum
1771 4459 1933 4564 pallium
1962 4453 2068 4536 testis

284 4584 345 4648 est
370 4565 566 4675 johannes
594 4565 731 4648 dictus
756 4567 849 4675 girs,
877 4564 956 4646 due
987 4592 1086 4644 vero
1114 4593 1187 4658 ore
1218 4564 1269 4646 de
1299 4565 1482 4673 predicto
1523 4570 1663 4676 precio
1698 4567 1849 4649 dentur
1885 4565 2062 4677 pauperi-

259 4677 372 4774 ¹bus,
400 4677 495 4784 J'tem
523 4678 615 4786 lego
644 4677 807 4758 ecclesie
836 4678 943 4757 beati
971 4675 1081 4783 olauj
1108 4678 1275 4757 sictonie
1302 4706 1422 4758 vnam
1464 4679 1668 4759 Marcham
1705 4677 1809 4777 deu,
1838 4697 1884 4761 vt
1925 4675 2061 4758 ibidem

205 4827 209 4840 ·
283 4785 353 4870 fiat
380 4785 534 4897 aliquid
556 4788 609 4868 ad
636 4787 831 4870 bonorem
859 4788 988 4867 sancti
1016 4785 1128 4894 olauj
1155 4794 1194 4867 8(
1218 4787 1269 4869 ad
1310 4779 1550 4871 soluendum
1593 4789 1813 4900 predictam
1858 4788 2061 4884 Marcbam,

283 4901 443 5008 assigno
472 4897 637 4979 fibulam
667 4927 797 4980 meam·
832 4914 1063 5008 argenteam
1099 4926 1222 5006 quam
1265 4900 1386 4982 habet
1420 4900 1600 5010 ingifrid,
1635 4901 1769 4984 villica
1805 4903 1851 5010 jn
1887 4895 2062 5002 fradacj,

281 5009 380 5122 jtem
409 5009 579 5092 confero.
602 5009 742 5094 ketillo
770 5011 988 5093 elohamaer
1007 5015 1046 5090 &
1067 5011 1194 5120 uxorj,
1216 5039 1288 5092 sue
1316 5012 1453 5094 cecilie
1490 5012 1535 5121 jn
1573 5013 1752 5123 vpsalia,
1781 5027 1908 5096 anam
1944 5007 2064 5093 culci-
