4317 5975
987 399 1046 420 ..
1157 353 1406 452 554..

291 597 335 664 ει
361 603 443 688 qua
471 572 657 682 superius
686 565 933 650 dederamus.
990 566 1097 668 Quia
1127 593 1250 645 vnum
1278 580 1319 644 et
1347 562 1517 644 eundem
1548 562 1763 644 terminum
1787 560 1838 645 ad
1860 565 2037 660 soluendum
2105 535 2106 568 l

292 689 525 804 prefigimus
552 694 844 764 testamentum.
901 681 1003 759 Jtem
1035 677 1199 757 ecclesie
1235 691 1442 756 sattastum
1478 700 1596 755 vuum
1635 703 1868 784 purpuram,
1901 689 2038 788 prorius
2105 669 2106 762 l

292 801 539 888 conserimus
569 793 749 886 utilitate,
812 792 868 869 Vt
897 803 1029 868 autem
1059 790 1137 868 hoc
1165 802 1448 868 testamentum
1479 791 1661 895 optineat
1691 789 1906 868 lirmitatem
1931 811 2043 879 cartenw
2105 837 2106 852 ¹

292 927 540 1026 presentem,
567 931 690 1011 supra
719 899 795 979 boc
826 900 991 994 factam,
1022 900 1149 977 nostri
1176 897 1308 1007 sigilli.
1339 925 1412 978 nec
1441 925 1524 976 nou
1552 895 1697 996 dilecte
1726 899 1862 978 matris
1887 920 1995 982 nostre
2014 925 2042 988 et

167 1013 170 1024 '
293 1024 534 1110 dilectorum
572 1030 801 1095 nostrorum
836 1039 1088 1119 generorum.
1124 1009 1319 1089 lobannis
1356 1005 1454 1090 dicti
1495 1037 1597 1089 tuan.
1633 1025 1673 1089 et
1708 1009 1901 1089 thorstani
1933 1015 2045 1119 sigillu-

293 1162 382 1220 rum
418 1131 608 1212 duximus
644 1123 861 1204 munimine
889 1118 1224 1216 confirmandam,
1261 1119 1442 1200 volentes
1479 1119 1556 1198 hoc
1594 1137 1874 1201 testamentum
1902 1127 2046 1209 omuibus

294 1245 504 1331 retroactis
532 1234 863 1320 infestacionibus
892 1232 1113 1342 preualere‚
1142 1236 1286 1310 Actum
1311 1229 1421 1338 apud
1442 1231 1648 1312 ecclesiam
1663 1232 1919 1342 thystabergb
1934 1235 2043 1348 crull)

294 1355 459 1442 domiui
488 1351 547 1432 Μ0
576 1345 810 1428 C⁰C⁰C⁰.IX.
840 1346 881 1423 in
911 1346 1094 1450 proxima
1125 1341 1325 1422 dominica
1354 1358 1447 1420 ante
1477 1341 1615 1424 letare.

615 1490 664 1554 Ριὶ
674 1486 872 1570 srdnsidair:
894 1487 996 1546 littera
1019 1505 1111 1568 super
1132 1484 1189 1545 llll
1211 1483 1322 1544 solidos
1345 1493 1425 1544 terre
1448 1485 1478 1545 iu
1503 1485 1619 1553 vellum
1641 1485 1672 1546 in
1694 1483 1769 1568 sylo.
2104 1429 2107 1562 l

665 1603 792 1683 Sigilleu
815 1601 999 1677 bortlulluu3
1025 1622 1183 1662 retusornu
1206 1599 1255 1660 till
1277 1601 1336 1661 Neo
1363 1621 1373 1662 ι
1398 1599 1458 1662 ocb
1482 1620 1500 1660 α
1523 1601 1621 1663 finnus
1640 1623 1727 1684 quur.
2100 1607 2107 1826 p

177 2085 182 2090 .
310 1979 472 2129 1609.
515 2123 519 2130 q
797 2070 801 2080 ,
932 1964 1074 2109 1309
1122 1963 1171 2068 d.
1218 1965 1250 2070 6
1298 1959 1458 2091 Mars}
1787 1961 2053 2111 Linltbping.
2104 1925 2108 2134 l

377 2156 606 2249 Kyrluberdeu
639 2157 649 2216 i
676 2150 824 2233 Quistbro
850 2153 1007 2214 Maonus’s
1033 2150 1176 2212 salubres
1199 2151 1237 2234 pt
1266 2154 1309 2214 sin
1332 2149 1499 2230 ursticium,
1521 2150 1636 2232 gdrden
1671 2149 1860 2234 lluudeberg
1893 2151 1941 2213 vid
1968 2153 2056 2216 Liult'r
2106 2149 2108 2240 l

2107 2243 2108 2282 l

428 2246 514 2328 plag,
536 2241 585 2300 till
606 2240 651 2300 siu
672 2236 820 2316 tltgtinge
840 2233 929 2296 Knut
950 2234 1082 2310 Stubbe,
1104 2235 1154 2294 [ὃν
1174 2233 1215 2296 50
1237 2235 1323 2296 merl
1348 2236 1529 2318 pruningur.
1844 2315 1870 2368 Δ
1894 2317 1912 2370 6
1934 2336 1948 2368 a

407 2391 608 2473 Omnibus
644 2402 847 2493 presentes
882 2383 1034 2464 litteras
1072 2373 1327 2492 inspecturis.
1364 2385 1538 2478 bluoutts
1575 2387 1677 2465 sacri
1722 2384 1861 2464 alteris
1903 2385 2056 2464 minister.
2106 2383 2108 2526 1

297 2513 472 2592 Curetus
501 2506 542 2585 in
572 2500 746 2580 Ecclesia
776 2496 963 2608 quistbro
993 2496 1162 2575 naericie.
1191 2496 1358 2578 salutem
1388 2499 1430 2575 in
1460 2499 1637 2576 omnium
1666 2497 1880 2586 saluatore.
1935 2497 2058 2576 Tenere
2107 2537 2108 2540 ¹

297 2616 549 2732 presencium
608 2613 834 2691 innotescat
867 2607 1055 2686 omnibus
1099 2606 1329 2688 Euidenter.
1370 2609 1480 2718 quod
1527 2609 1678 2687 curiam
1728 2609 1770 2686 in
1814 2606 2059 2713 bunddabierg

296 2757 426 2844 prope
462 2724 696 2831 lincopiam‚
740 2747 861 2832 quam
899 2719 985 2798 iure
1023 2714 1264 2798 hereditario
1315 2720 1458 2799 ibidem
1504 2716 1674 2827 possedi.
1717 2719 1869 2799 dilecto
1912 2721 2060 2826 Cognato

295 2871 386 2924 meo
423 2839 576 2917 kanuto
611 2834 721 2914 dicto
755 2830 921 2910 stubbue.
951 2859 1000 2910 ex
1034 2856 1229 2909 consensu
1267 2830 1440 2910 filiorum
1476 2857 1667 2911 meorum.
1703 2845 1743 2909 et
1781 2830 1980 2910 beredum.
2007 2851 2061 2936 pro

297 2948 592 3067 quinquaginta
630 2943 773 3025 marcis
821 2939 1075 3022 denariorum
1114 2942 1261 3023 usualis
1291 2958 1449 3021 monete
1478 2939 1664 3039 uendidi‚
1707 2969 1798 3022 cum
1830 2941 2011 3025 domibus
2036 2953 2062 3017 et
2108 3034 2109 3041 ἵ

298 3068 404 3175 agris
440 3058 658 3143 secuudum
698 3056 804 3161 leges
837 3072 944 3132 terre
979 3053 1100 3161 pleno
1138 3054 1224 3132 iure
1256 3052 1536 3162 possidendam
1574 3054 1634 3133 Ne
1664 3054 1788 3161 igitur
1817 3058 1861 3135 in
1891 3070 2063 3162 posterum
2108 3044 2109 3047 '

297 3178 349 3259 de
373 3171 610 3254 uendicione
636 3165 814 3275 predicta
844 3165 977 3277 aliqua
1007 3164 1246 3269 suspicionis
1277 3183 1371 3244 nota
1401 3165 1533 3243 ualeat
1561 3164 1750 3249 suboriri.
1780 3182 1996 3272 presentem
2019 3161 2062 3240 lit·
2105 3234 2109 3263 4

297 3306 424 3367 tefam
448 3279 648 3363 00ss⁵⁰sibl
678 3278 752 3357 feci
783 3279 821 3354 5¹¹
852 3273 1099 3353 euidentiam
1131 3277 1349 3382 pleniorem
1380 3294 1421 3357 et
1448 3274 1588 3381 sigillis
1618 3275 1885 3356 discretorum
1917 3276 2064 3354 uiroruu

297 3396 451 3481 domiui
487 3391 648 3496 ingonis
676 3388 859 3467 canonici
890 3386 1150 3491 lincopensis‚
1180 3402 1219 3465 et
1248 3388 1406 3466 Cinium
1438 3384 1584 3469 ibidem
1614 3416 1694 3465 vna
1723 3414 1815 3467 cum
1848 3385 1976 3494 sigillo
2000 3407 2063 3461 neo

299 3504 550 3589 communiri.
608 3504 755 3578 Datum
791 3494 966 3607 lincopie
1004 3522 1112 3573 anno
1149 3494 1312 3606 domini.
1348 3498 1415 3578 lll⁰.
1444 3498 1573 3578 CCC⁰.
1603 3498 1806 3579 1X⁰feria
1838 3500 2065 3609 quintam

296 3616 536 3705 dominicam
568 3614 703 3692 letare.

473 3754 521 3825 Pd
530 3753 730 3838 srdntidana
752 3750 851 3815 littere
873 3750 911 3809 de
933 3749 1018 3809 curio
1042 3746 1257 3828 bundubergb.
1300 3744 1379 3811 Mel
1398 3748 1533 3812 sednare
1554 3750 1658 3816 leand:
1681 3749 1775 3812 modo
1796 3749 1945 3814 alienate.

799 3865 925 3949 Sigilleu
946 3866 1005 3935 Nto
1031 3884 1063 3941 t,
1087 3884 1104 3926 2.
1126 3860 1312 3943 bortsellne,
1334 3866 1392 3927 Nto
1414 3866 1432 3926 3
1455 3864 1594 3927 skadudt.

288 4119 464 4281 '1610’
933 4162 1080 4315 1309
1124 4158 1171 4272 d.
1217 4159 1249 4262 6
1300 4160 1450 4265 Mars.
1785 4160 2070 4307 Linkuping.

381 4356 558 4423 Adsecutus
594 4352 603 4412 i
632 4349 807 4432 Linlb'piug
831 4346 1005 4415 Resuscus
1029 4357 1109 4409 sumt
1135 4344 1432 4427 liei-dings-mtunen
1455 4344 1548 4409 Kaur
1572 4347 1772 4427 wesema,
1794 4349 1880 4413 Sur
1901 4348 2072 4415 Trunca

431 4441 517 4501 Ceut.
554 4435 803 4497 Homoucssous
843 4429 904 4491 ccli
932 4430 1065 4499 Hlnrxut
1103 4427 1349 4499 senueulsrsnss
1390 4430 1542 4493 festebref
1575 4432 1593 4492 d
1626 4431 1827 4495 lb'reutmude
1861 4420 2074 4511 ffirsttjningd

433 4518 635 4597 Huuduberg‚
656 4516 726 4576 med
753 4518 850 4596 iutyg,
871 4522 919 4575 att
945 4513 986 4575 de
1013 4512 1084 4579 med
1112 4512 1249 4577 winsord
1277 4512 1338 4573 och
1365 4512 1443 4579 sustu
1473 4512 1556 4577 'sumt
1576 4512 1639 4577 alle
1662 4515 1731 4596 lugu
1759 4514 1835 4597 ldug
1860 4506 2070 4577 tillddmtlluut
2108 4602 2109 4605 Ἴ

434 4602 554 4665 Stubbe
574 4597 717 4662 beurtlde
737 4598 824 4679 gdrd.
1846 4679 1874 4734 A
1901 4676 1926 4731 6,

1876 4718 1885 4733 .
1942 4694 1966 4731 ι.

409 4784 611 4866 Omnibus
640 4799 844 4889 presentes
874 4780 1027 4862 litteras
1056 4780 1296 4888 inspecturis
1316 4778 1569 4875 Rtouutnus
1593 4777 1818 4865 aduocatus
1841 4773 2071 4888 lincopeotis

300 4902 497 4991 Casurus
527 4918 713 4985 tusraur
741 4917 871 4977 suero
899 4916 1122 4980 rrnurauor
1149 4913 1334 4977 mutuus
1362 4914 1631 4980 souusuncts,
1657 4908 1700 4975 et
1726 4914 1979 4979 usmcutuus
2002 4880 2070 4979 aad·
