4317 5975
841 512 898 533 ...
1009 416 1130 576 ψ·
1189 514 1248 535 ..-

148 692 384 775 lero‘vnam
414 688 546 785 ollam,
575 684 695 799 (Jtem
725 686 899 799 paruulo
928 712 1017 769 meo
1055 688 1264 771 laurencio
1290 685 1458 773 confero
1486 689 1665 771 VI-oras
1699 716 1800 799 quas
1832 707 1943 772 tene·

145 822 215 887 tur
243 802 626 897 mihi'Laurencius
654 798 936 912 habramson,)
964 802 1065 883 Jtem
1095 799 1295 883 sacerdoti
1324 802 1376 883 de
1404 802 1576 912 byarum
1592 802 1677 884 .ΙΙΙ.
1694 828 1805 898 oras,
1837 804 1943 882 ltem

147 918 329 1025 paruulis
371 914 468 993 meis
496 912 700 993 laurencio
728 910 935 1021 wlpbonj,
964 917 1004 993 8t
1032 910 1214 994 katerine
1241 914 1410 994 confero
1438 942 1579 995 omnes
1613 940 1677 993 res
1706 939 1811 993 meas
1840 939 1943 1023 quas

147 1028 270 1108 babet
307 1024 545 1133 bemolpbus
575 1023 701 1103 frater
730 1050 839 1103 meus
869 1026 910 1105 in
948 1022 1231 1117 willicacicne,
1268 1025 1436 1106 confero
1469 1029 1576 1106 inter
1603 1053 1646 1105 se
1674 1024 1854 1131 legaliter
1881 1022 1943 1104 di·
2013 1090 2019 1095 .

90 1140 95 1155 '
147 1135 353 1234 uidendas,
386 1139 488 1217 ltem
519 1134 570 1216 de
597 1134 729 1216 fundo
756 1134 919 1217 ecclesie
947 1134 1096 1217 eisdem
1125 1135 1309 1243 paruulis
1336 1135 1437 1216 duas
1465 1164 1557 1216 oras
1584 1160 1748 1216 aunone
1775 1142 1815 1215 8r
1841 1131 1973 1216 ducs'

146 1250 271 1331 boues
299 1274 408 1327 nreos
430 1247 622 1327 'meliores
650 1246 830 1327 similiter
859 1247 967 1326 inter
997 1274 1039 1327 se
1067 1250 1202 1327 omnia
1231 1243 1461 1343 diuidenda,
1490 1247 1585 1328 buic
1614 1246 1873 1354 disposicioni
1888 1247 1941 1325 si·

145 1388 198 1441 ue
225 1357 446 1469 donacionj
473 1374 678 1469 presentes
706 1357 916 1438 affuerunt
944 1357 1142 1437 Dominus
1170 1356 1298 1438 abbas
1312 1357 1560 1440 Nouewallis
1574 1385 1664 1439 cum
1680 1355 1842 1438 duobus
1856 1382 1943 1437 mo·
2016 1373 2020 1380 “

149 1472 287 1552 nacbis
315 1471 397 1550 suis
425 1477 465 1550 81
508 1468 634 1549 frater
669 1497 780 1550 meus
812 1470 945 1564 Grato,
987 1470 1111 1551 eciam
1145 1469 1312 1551 lacobus
1343 1468 1396 1552 de
1425 1468 1660 1577 llorghum,
1687 1469 1739 1548 Jn
1766 1494 1941 1579 quorum
2048 1460 2055 1467 ’

149 1583 328 1663 omnium
359 1581 607 1662 euidenciam
637 1584 676 1661 &
705 1579 1010 1662 irreuccabilem
1027 1581 1268 1678 firmitatem,
1298 1582 1472 1691 sigillum
1505 1581 1605 1662 dicti
1632 1580 1787 1662 domini
1814 1578 1941 1667 abba·

146 1696 197 1777 tis
225 1692 482 1802 presentibus
509 1712 569 1774 est
597 1718 841 1800 appensum,
870 1695 1016 1773 Actum
1046 1716 1156 1774 anno
1184 1690 1338 1774 domini
1367 1688 1747 1791 M·,cc·,xc⁰,1x·,
1785 1688 1828 1769 in
1854 1716 1943 1771 cra-

84 1900 91 1910 ,
144 1806 254 1887 atino
282 1806 409 1884 sancti
438 1804 631 1884 lobannis
661 1804 846 1911 baptiste.

93 1930 104 1938 ·
255 1990 260 1997 ι
300 1912 423 1994 sigillet
448 1911 613 1976 bortfallet
632 1912 703 1975 frtn
725 1911 785 1975 den
805 1932 858 1983 ur
879 1909 1004 1975 brelvet
1032 1909 1157 2001 klippta
1180 1930 1311 1973 massan.
1351 1912 1482 1977 Brelrct
1499 1911 1635 1977 sladadt
1654 1911 1692 1974 al
1708 1912 1789 1992 lugt.

158 2256 327 2407 1276.
573 2170 579 2185 ·
744 2290 748 2301 ⁴
803 2258 1049 2407 1299d.
1111 2259 1303 2367 nluli.
1369 2381 1372 2385 A

214 2450 370 2529 berung
391 2448 522 2511 Bmosns
543 2444 735 2511 stadlltstelse
756 2446 797 2531 pa
818 2446 872 2509 det
892 2436 1100 2531 al'Biskopen
1122 2448 1134 2509 i
1155 2449 1256 2513 Siara
1278 2448 1422 2535 Brynoll,
1443 2448 1579 2512 rba-ande
1588 2448 1759 2529 erstttning
1775 2448 1824 2510 till
1836 2446 1944 2532 Ragn-

267 2530 351 2595 wald
372 2530 477 2611 Mule,
503 2530 563 2593 den
590 2532 625 2595 13
647 2529 742 2593 Febr.
763 2530 795 2593 d.
815 2530 844 2593 1.
866 2530 953 2611 gilna
980 2528 1061 2593 bref.

270 2640 277 2661 ι
1586 2614 1810 2685 mmmmm

31 2780 37 2793 .
264 2716 465 2797 Brncsaus
494 2712 558 2796 dei
587 2714 722 2825 gracia
738 2740 938 2794 sweorum
966 2712 1280 2826 Gothornmqne
1315 2744 1406 2815 rex,
1435 2716 1636 2799 Omnibus
1649 2732 1857 2827 presentes
1879 2714 1946 2796 lit·

30 2914 33 2921 ,
148 2848 259 2912 teras
301 2827 563 2935 inspecturis,
604 2825 773 2906 salutem
807 2824 848 2904 in
878 2822 1043 2907 domino
1071 2829 1373 2934 sempiternam,
1402 2822 1560 2909 Tenere
1588 2828 1842 2936 presencium
1871 2854 1945 2906 no·

147 2960 235 3025 tum
266 2939 432 3021 facimus
460 2938 658 3019 vniuersis
686 2933 797 3049 quod
827 2962 902 3016 nos
930 2934 1086 3018 litteras
1114 2938 1327 3020 reuerendi
1345 2940 1481 3048 patris,
1514 2938 1680 3042 Domini
1700 2934 1946 3049 Briniulphi

147 3053 212 3136 dei
240 3054 376 3164 gracia
404 3051 597 3160 Episcopi
625 3049 836 3144 scarensis,
865 3076 947 3127 non
976 3075 1105 3145 rasas,
1135 3077 1219 3130 non
1247 3051 1505 3148 cancellatas,
1532 3079 1618 3132 non
1645 3047 1838 3148 abolitas,
1859 3073 1947 3129 ‘nec

149 3169 190 3248 in
222 3166 357 3275 aliqua
387 3165 449 3244 sui
477 3178 593 3270 parte
622 3159 808 3256 viciatas,
841 3157 1013 3240 vidimus
1042 3161 1085 3240 in
1114 3159 1188 3241 hec
1216 3163 1361 3259 verba,
1389 3161 1589 3245 Omnibus
1617 3165 1692 3245 &c
1754 3161 1806 3243 Se
1821 3164 1946 3266 scre·
2023 3189 2031 3203 ·

150 3278 305 3387 griende
333 3275 414 3356 Nm
447 3275 562 3355 1268.
622 3273 706 3353 Nos
735 3270 857 3377 igitur
885 3268 1115 3351 huiusmodi
1150 3276 1583 3382 recompensacionem,
1623 3271 1946 3368 ordinacionem,

150 3405 189 3472 et
216 3383 438 3468 eorundem
476 3384 676 3465 bonorum
706 3383 1018 3492 assignacionem
1047 3398 1130 3462 tam
1159 3382 1354 3491 legittime
1385 3385 1530 3468 factam
1545 3412 1619 3493 per
1634 3400 1839 3495 presentes
1852 3409 1948 3464 aue·

152 3501 317 3581 toritate
344 3497 453 3605 regia
484 3495 766 3576 confirmamus
793 3494 975 3574 volentes
1005 3493 1206 3602 perpetuo
1234 3513 1276 3575 et
1305 3497 1625 3578 irreuocabiliter
1653 3493 1875 3591 obseruari,
1895 3497 1947 3583 to

155 3614 265 3692 cuius
292 3611 352 3690 rei
381 3607 650 3688 testimonium
680 3605 854 3713 sigillum
883 3620 1067 3685 nostrum
1098 3631 1176 3685 vna
1207 3635 1298 3687 cum
1327 3608 1467 3716 sigillis
1495 3607 1632 3690 dilecti
1660 3607 1796 3687 fratris
1819 3606 1949 3686 nostri
1982 3670 1985 3676 .

159 3721 315 3803 Domini
339 3721 446 3800 Erici
474 3719 587 3799 ducis
615 3734 655 3798 et
684 3717 864 3798 omnium
894 3715 1216 3796 consiliariorum
1247 3735 1479 3799 nostrorum
1506 3717 1761 3829 presentibus
1788 3731 1849 3796 est
1877 3743 1948 3824 ap·

160 3861 343 3943 pensum,
372 3833 520 3912 Datum
551 3843 592 3908 et
621 3843 754 3912 actum
783 3855 891 3907 anno
921 3827 1094 3923 domini,
1122 3827 1503 3930 M⁰,CC·,XC⁰,IX',
1529 3847 1641 3912 sexto
1670 3830 1808 3909 Nonas
1836 3826 1948 3936 Julij.

160 3976 298 4058 Sigillea:
324 3997 356 4054 1,
379 3977 414 4054 3,
436 3997 454 4060 7
479 3975 550 4055 llige
572 3969 722 4050 skisde,
746 3991 775 4050 a,
796 3968 889 4048 4-6,
910 3967 941 4046 8,
963 3966 1357 4054 borta,91⁴'ultsttndigt,
1383 3975 1501 4036 ro-13
1523 3959 1949 4056 negotsledade,allabtn-

775 4053 877 4136 gande
903 4053 945 4137 ps
966 4049 1045 4114 rb'da
1077 4053 1314 4118 aillessnodder.

173 4379 335 4550 1277,
806 4443 958 4550 1299
1006 4404 1054 4512 d.
1103 4407 1132 4512 5
1181 4384 1295 4509 Juli.
1741 4403 1949 4554 Nydala.

235 4591 397 4657 Abbotens
423 4591 434 4650 i
457 4586 581 4672 Nydala
600 4587 686 4667 Brel',
709 4589 780 4652 med
802 4589 1117 4673 tilliannagil'vaode,
1139 4603 1187 4655 att
1208 4592 1288 4670 ban,
1309 4603 1395 4654 emot
1415 4613 1453 4654 en
1475 4592 1527 4655 del
1545 4593 1714 4673 illisioge,
1745 4594 1806 4656 och
1828 4605 1874 4656 ett
1895 4592 1950 4657 bol

285 4667 567 4822 iR'Fryplffilsspamt
599 4693 639 4736 ao
671 4674 761 4736 mark
794 4677 982 4758 penningar,
1016 4677 1164 4760 iutbyte
1183 4677 1293 4740 alstett
1315 4676 1461 4740 klostrets
1480 4679 1558 4760 gods
1578 4681 1589 4740 i
1611 4675 1786 4760 Lemnhult
1806 4677 1858 4740 till
1876 4676 1952 4742 Cerl

315 4777 374 4839 agn
401 4777 411 4816 1
497 4778 526 4818 u.

1668 4839 1830 4898 Ammo

288 4941 489 5024 Omnibus
518 4969 682 5050 presens
709 4942 905 5049 scriptum
934 4943 1211 5041 cernentibus,
1241 4943 1400 5041 Frater,
1428 4945 1484 5047 G,
1509 4924 1640 5025 dictus
1666 4928 1791 5027 abhas
1833 4943 1949 5024 Noue

167 5049 271 5131 vallis
298 5053 476 5136 Salutem
501 5055 544 5134 in
577 5049 740 5135 domino
761 5050 1055 5162 sempiternam,
1085 5053 1243 5136 Tenere
1273 5057 1523 5167 presencium
1550 5076 1737 5139 constare
1764 5057 1949 5141 volumus
