4317 5975
798 389 1215 486 *tes-

113 615 274 728 1630.
541 575 546 583 .
619 604 623 610 ¹
729 619 976 767 1309'd.
1025 605 1259 770 ²9'JUH·
1383 573 1386 578 v
1654 625 1909 772 Aviguon.
1971 749 1977 756 ,
2057 745 2060 752 ,

179 811 298 873 Pifveo
320 807 456 870 &snm
477 807 535 871 Vn
557 809 717 902 Fullpvskt
745 809 793 870 for
822 810 916 872 Israel
944 809 1150 890 Erlandsson,
1172 821 1217 873 att
1249 831 1324 874 vara
1359 808 1504 894 sinapi
1529 813 1704 891 Westeras,
1735 814 1813 876 cller
1845 817 1912 878 Nile

229 894 383 970 Allesson,
406 912 472 958 scm
497 892 598 954 blifvit
619 893 812 975 Ariebiskop
835 895 845 952 i
866 893 994 978 Upscle.
1343 921 1375 1030 Ἐ
1397 975 1501 1046 Hm
1520 977 1573 1031 An,
1591 977 1608 1046 ⁴
1625 977 1675 1048 ΕΡ.
1696 995 1770 1048 1099,

208 1079 385 1159 Clemens
407 1081 458 1157 V.
490 1077 676 1156 Israelem
715 1077 887 1159 Ertendt
939 1077 1176 1189 Episcopum
1219 1081 1468 1160 Arosiensem
1511 1081 1676 1163 Ordinis
1719 1083 1912 1164 Predica·

298 1208 432 1269 torum
458 1189 584 1293 eligit.
1064 1208 1071 1213 ·

110 1353 118 1362 -
175 1338 178 1351 =
207 1301 400 1380 Cunuuns
428 1301 503 1378 &c
533 1296 693 1378 Dilecto
722 1299 805 1380 lilio
834 1297 972 1379 Israeli
1001 1295 1172 1378 Erleodi
1202 1298 1345 1380 Electo
1373 1301 1574 1382 Arosiensi
1604 1302 1781 1382 Salutem
1812 1307 1886 1383 &c

90 1402 93 1406 ⁵
208 1413 317 1492 Inter
343 1408 634 1491 sollicitudines
661 1410 780 1508 alias,
822 1439 904 1521 que
948 1407 1077 1489 Nobis
1106 1437 1154 1488 ex
1185 1410 1306 1490 officii
1334 1409 1474 1491 debito
1510 1415 1717 1518 pastoralis
1755 1416 1910 1494 incum-

102 1525 202 1608 bunt
230 1523 298 1603 illa
323 1529 417 1602 'nos
447 1523 562 1628 augit
591 1523 799 1630 precipue,
841 1539 889 1604 ut
912 1520 1106 1601 Ecclesiis
1150 1523 1323 1603 viduatis
1368 1522 1419 1602 de
1459 1523 1654 1620 salubris,
1701 1541 1742 1604 ct
1770 1527 1912 1607 celeris

102 1634 338 1744 provisionis
375 1631 552 1713 remedio
580 1650 862 1731 succurratur,
892 1661 944 1712 ne
984 1632 1141 1712 illarum
1187 1635 1399 1714 vacatione
1442 1651 1647 1742 protracta
1692 1639 1913 1718 sustineant

101 1746 139 1825 iu
155 1743 444 1854 spiritualibus,
472 1744 536 1823 vel
566 1745 856 1852 temporalibus
884 1744 1182 1826 detrimentum.
1212 1743 1374 1825 Dudum
1392 1745 1589 1855 siquidem
1606 1745 1783 1828 Ecclesia
1808 1753 1909 1828 Aro-
1984 1773 1987 1777 ·

85 1859 236 1937 «elensis
268 1885 339 1965 per
366 1854 671 1936 translationem
700 1857 955 1938 Venerabilis
985 1856 1136 1937 Fratris
1176 1856 1305 1936 nostri
1343 1856 1500 1937 Nicolai
1544 1859 1736 1966 Episcopi
1785 1861 1912 1967 Vpsa-

101 1968 216 2049 leusis
257 1983 356 2046 tunc
399 1969 564 2047 Pastore
615 1964 842 2065 carentem,
894 1983 1080 2063 vacante,
1139 1969 1222 2047 Nos
1267 1969 1538 2075 provisionem
1582 1970 1689 2050 dicte
1732 1953 1910 2050 Ecclesie
1932 1977 1962 2028 ='

101 2080 321 2160 Arosiensis
357 2104 404 2157 ea
433 2079 520 2158 vice
555 2071 811 2184 dispositioni
849 2077 963 2159 Sedis
991 2078 1212 2185 apostolice
1255 2094 1523 2172 reservantes,
1569 2078 1819 2160 decrevimus
1862 2107 1911 2161 ex

99 2204 195 2270 tunc
223 2190 398 2283 irritum,
442 2204 484 2268 et
512 2190 649 2284 inane,
693 2193 726 2270 si
755 2217 868 2270 secus
896 2215 1018 2296 super
1049 2188 1125 2268 hoc
1155 2219 1175 2268 a
1207 2217 1413 2298 quoquam
1452 2192 1643 2284 scienter,
1687 2191 1750 2298 vel
1796 2193 1911 2297 igno·
2032 2281 2043 2290 ,

101 2316 235 2381 ranter
263 2300 482 2406 contigerit
510 2303 762 2407 attemptari,
778 2316 818 2379 et
834 2299 982 2382 deinde
998 2297 1048 2379 ad
1073 2301 1343 2408 provisionem
1361 2299 1468 2380 dicte
1492 2300 1668 2381 Ecclesie
1690 2303 1913 2381 Arosiensis

100 2413 266 2494 sollicite
295 2407 564 2504 intendentes,
594 2428 688 2518 post
715 2410 1071 2505 deliberationem,
1114 2439 1236 2520 quam
1280 2438 1403 2520 super
1445 2411 1523 2491 hoc
1561 2411 1775 2491 habuimus
1817 2441 1909 2492 cum

101 2524 248 2604 nostris
276 2521 486 2601 Fratribus
514 2521 768 2628 diligentem,
798 2523 1062 2604 consideratis
1090 2521 1323 2601 muneribus
1361 2523 1603 2631 gratiarum,
1643 2523 1802 2633 ‘quibus
1840 2523 1910 2604 illo
1972 2565 1975 2572 ·

100 2663 188 2715 rum
217 2635 417 2716 Dominus
445 2639 658 2740 personam
687 2633 1105 2741 tuamsmultipliciter
1134 2634 1342 2741 insignivit
1372 2630 1421 2712 ad
1450 2649 1491 2712 tc
1520 2631 1686 2714 Ordinis
1722 2635 1910 2714 Fratrum

99 2744 401 2828 Prcdicatorum
430 2744 644 2851 profexum
672 2746 712 2823 in
742 2741 975 2831 Sacerdotio
1007 2745 1295 2841 coustitutum,
1325 2773 1444 2854 quem
1476 2744 1700 2826 litterarum
1730 2746 1910 2840 scientia,

100 2885 255 2941 morum
273 2857 466 2964 gravitas,
494 2855 697 2965 religionis
726 2855 930 2952 honestas,
961 2853 1215 2965 providentia
1246 2855 1540 2965 spiritualium,-
1560 2873 1599 2935 et
1628 2856 1909 2964 temporalium

93 2968 425 3077 circumspectio,
464 2967 621 3079 aliaque
665 2971 862 3049 virtutum
891 2967 998 3050 dona
1027 2969 1312 3049 commendant
1340 2967 1560 3048 direximus
1597 2967 1736 3049 oculos
1775 2984 1910 3048 nostre

100 3084 264 3176 mentis,
293 3078 444 3189 quibus
471 3078 660 3160 omnibus
689 3080 824 3160 debita
855 3078 1116 3160 meditatione
1161 3082 1337 3187 pensatis
1376 3078 1429 3161 de
1475 3106 1646 3188 persona
1690 3095 1760 3158 tua
1792 3080 1910 3160 nobis

100 3213 140 3276 et
167 3191 320 3273 eisdem·
343 3189 554 3271 Fratribus
581 3188 637 3269 ob
665 3208 826 3270 tuorum
857 3192 1097 3297 exigentiam
1131 3192 1363 3271 meritorum
1401 3206 1563 3298 accepta
1605 3191 1734 3271 eidem
1773 3193 1943 3270 Arosi·‘

98 3306 185 3386 ensi
213 3302 391 3384 Ecclesie
419 3301 697 3410 providemus,
749 3300 992 3410 preficiendo
1022 3316 1063 3381 te
1100 3301 1150 3382 de
1194 3302 1378 3382 Fratrum
1424 3300 1697 3408 predictorum
1742 3304 1910 3382 consilio

99 3416 207 3498 dicte
244 3415 447 3494 Arosiensi
484 3412 660 3493 Ecclesie
689 3416 730 3492 io
762 3415 1029 3522 Episcopum,
1061 3430 1103 3493 et
1132 3416 1356 3508 Pastorem,
1386 3440 1627 3521 curamque,
1666 3428 1705 3491 et
1743 3411 1911 3493 admini-

51 3536 58 3545 '
97 3529 331 3610 strationem
361 3525 486 3633 ipsius
514 3524 590 3603 tibi
619 3526 660 3604 in
689 3526 1058 3633 spiritualibus,et
1085 3524 1378 3631 temporalibus
1407 3522 1715 3618 committendo,
1755 3526 1795 3604 in
1840 3524 1910 3605 illo

98 3643 173 3750 qui
200 3636 269 3717 dat
297 3637 464 3745 gratias,
494 3651 535 3715 et
565 3634 735 3742 largitur
763 3638 917 3747 premia
949 3633 1218 3731 confidentes,
1259 3632 1369 3745 quod
1399 3634 1536 3714 eadem
1568 3639 1792 3715 Arosiensis
1835 3636 1911 3717 Ec·

97 3752 218 3833 clesia
248 3747 325 3827 sub
349 3747 427 3825 xtuo
456 3745 561 3827 felici
590 3748 785 3853 regimine
830 3748 957 3854 gratia
1002 3746 1078 3825 tibi
1121 3744 1369 3853 suffragante
1409 3744 1544 3825 divina
1596 3745 1911 3849 salubriter,·et

100 3884 294 3973 prospere
322 3855 531 3965 dirigetur.
584 3859 729 3961 logum
761 3860 896 3965 itaque
925 3857 1088 3936 Domini
1132 3872 1319 3964 prompta
1364 3853 1580 3935 devotione
1624 3858 1834 3963 suscipias,
1871 3878 1911 3941 et

98 3976 213 4055 suavi
240 3972 327 4049 eius
367 3970 481 4048 oneri
524 3985 755 4048 reverenter
794 3968 943 4049 collum
980 3968 1212 4063 submittas,
1241 3968 1432 4076 dicteque
1472 3968 1693 4048 Arosiensis
1735 3966 1912 4051 Ecclesie
1983 4050 1985 4053 ,

97 4091 248 4196 sponse
276 4097 346 4160 tue
368 4082 547 4188 regimen
576 4082 633 4159 sio
662 4106 847 4159 exercere
875 4078 1039 4158 studeas
1066 4079 1236 4159 sollicite
1263 4077 1452 4175 fideliter,
1481 4095 1522 4158 et
1550 4077 1792 4186 prudenter,
1820 4108 1940 4186 gre·¹

98 4224 192 4305 gem
222 4191 467 4273 dominicum
498 4192 540 4270 iu
569 4218 615 4271 ea
646 4210 716 4271 tue
743 4192 958 4297 vigilantie·
979 4189 1180 4271 creditum
1204 4186 1389 4269 doctrina
1418 4188 1552 4285 verbi,
1602 4207 1642 4269 et
1682 4190 1815 4297 operis
1849 4193 1911 4272 in·

98 4302 334 4399 formando,
363 4300 477 4413 quod
508 4301 559 4383 de
587 4303 743 4382 talento
769 4303 844 4382 tibi
873 4300 1028 4382 credito
1058 4302 1218 4410 dignam
1250 4302 1377 4409 possis
1420 4301 1460 4380 iu
1505 4319 1684 4381 extremo
1730 4306 1910 4384 examine
2046 4393 2052 4403 Ι

98 4416 273 4501 reddere
300 4417 508 4496 rationem.
565 4414 730 4523 Nosque
760 4412 952 4521 gratulari
982 4417 1177 4521 possimus
1206 4415 1246 4492 in
1278 4414 1453 4492 Domino
1489 4440 1579 4492 cum
1609 4438 1752 4521 aspe,
1786 4442 1908 4523 quam

99 4530 155 4612 de
184 4545 253 4607 tua
283 4526 487 4635 probitate
513 4528 770 4633 concepimus
799 4525 993 4606 fuerimus
1035 4551 1114 4607 non
1161 4522 1348 4605 fraudati.
1417 4526 1566 4605 Datum
1608 4526 1807 4606 Avinione
1850 4527 1909 4605 IV
1956 4592 1960 4598 .

98 4638 276 4723 Kalend.
305 4637 476 4747 Augusti
506 4646 622 4719 Anno
649 4638 819 4741 Qvarto.
