4317 5975
831 323 836 335 Ι

916 366 1165 471 -uo
1276 386 1368 427 ·-·

86 596 91 607 '
220 618 293 674 seu
319 577 523 679 iudicium
553 604 733 670 nostrum
762 584 950 693 infringi,
977 574 1051 671 sut
1077 586 1120 682 ip
1150 584 1316 687 occultis
1343 580 1571 691 homicidijs
1601 579 1744 662 mordb
1781 581 1907 683 dictis,
1942 592 1992 670 rel

222 704 359 798 furtis,
392 702 623 811 quempiam
651 699 839 779 conuinci
866 698 1104 807 contigerit,
1148 698 1231 775 lsta
1260 692 1513 775 ordinacioni
1544 710 1680 773 nostre
1725 694 1899 779 volumus
1923 727 1995 807 spc-
2065 732 2066 735 Ν

223 811 391 912 cialiter,
409 813 631 922 pertinere,
659 808 925 891 prohibentes
952 807 1030 889 sub
1057 823 1230 916 optentu
1259 809 1391 911 gracie
1414 822 1551 885 nostre
1578 806 1749 885 firmiter
1777 824 1815 885 et
1842 806 2007 901 districte,

226 955 275 1007 ne
303 930 395 1036 quis
423 922 646 1033 predictam
675 918 878 1002 dominam
922 920 1164 1001 abbatissam
1211 916 1274 999 uel
1318 920 1402 998 eius
1443 934 1711 1012 conuentum,
1748 916 1788 995 in
1825 922 1998 1027 premissis

223 1036 343 1117 bonis
371 1063 440 1115 seu
470 1034 672 1143 personis,
701 1051 842 1114 contra
872 1032 975 1112 banc
1012 1048 1191 1111 nostram
1237 1028 1506 1110 defensionem
1544 1044 1585 1107 et
1616 1029 1810 1109 libertatis
1852 1034 1998 1137 graciam

226 1148 303 1227 sibi
333 1145 542 1243 indultam,
571 1141 1030 1252 molestare,'inpetere,
1057 1142 1124 1222 uel
1151 1168 1329 1253 grauare
1359 1156 1584 1250 presumat,
1620 1168 1691 1221 seu
1721 1140 2000 1251 quomodolibet

228 1258 431 1368 inpedire,
465 1274 587 1365 prout
616 1271 793 1335 nostram
823 1258 977 1335 euitare
1004 1254 1181 1334 voluerit
1209 1253 1421 1334 ulcionem.
1452 1254 1613 1333 Datum.
1646 1250 1919 1332 Hambrbecm.
1946 1282 2002 1331 an·

195 1396 283 1451 xno
317 1368 487 1463 domini,
510 1368 583 1449 Μ’.
612 1368 746 1448 CCG⁰.
776 1368 886 1448 vlr.
915 1370 964 1446 ln
994 1367 1137 1477 quinta
1168 1364 1265 1447 teria
1293 1380 1385 1447 ante
1416 1364 1658 1446 dominicam
1689 1364 1817 1444 medie
1844 1364 1947 1446 xer.

373 1507 499 1590 Sigillrn
522 1510 581 1571 Nto
606 1527 619 1570 1
644 1486 824 1587 bortrilvet,
851 1508 910 1570 Nm
932 1528 950 1568 a
972 1504 1147 1588 obetydligt
1168 1504 1314 1584 sladadt,
1336 1504 1376 1589 pt
1399 1526 1435 1567 ea
1457 1506 1639 1581 urbresvct
1661 1504 1761 1589 llippt
1784 1528 1888 1568 renisa.

239 1873 408 1979 1536.
882 1871 1021 2015 1307
1073 1870 1122 1978 d.
1168 1870 1201 1973 6
1250 1870 1397 1977 Mars.

241 2171 244 2177 .
313 2094 496 2175 Hertignroe
517 2090 609 2155 ΕΜ
627 2088 688 2155 och
709 2091 911 2157 wrmmn
935 2090 1133 2175 Skyddsbref
1151 2091 1196 2155 till
1219 2092 1460 2157 Nuunellostret
1481 2092 1654 2173 iCalmar,
1679 2096 1748 2155 med
1763 2092 1855 2165 sribet
1880 2094 1942 2156 lrin
1961 2096 2010 2157 alls

365 2176 520 2263 ordinarie
542 2177 658 2236 skatter
680 2175 741 2236 ocb
763 2176 904 2259 pelagor.

1783 2258 1817 2311 A.
1835 2260 1857 2313 3.
1875 2278 1900 2329 y.

239 2392 244 2400 ’
343 2396 492 2475 Emcus
520 2412 560 2481 et
588 2394 657 2474 W.
686 2388 753 2501 dej
781 2393 914 2499 gracia
943 2392 1065 2476 duces
1093 2422 1309 2488 sueorum,
1339 2394 1541 2475 Omnibus
1558 2412 1765 2505 presentes
1785 2394 1930 2475 litteras
1955 2397 2011 2475 Ja-

232 2504 438 2615 specturis.
469 2506 636 2587 salutem
665 2507 717 2585 ln
749 2500 914 2585 domino
943 2508 1238 2615 sempiternam.
1274 2506 1310 2585 T
1312 2509 1699 2615 enorepresencium.
1760 2508 1910 2587 Notum
1937 2506 2013 2587 saci·

234 2646 322 2697 mus
350 2616 579 2713 euidenter,
623 2613 736 2726 quod
771 2642 856 2697 nos.
886 2617 1091 2724 religiosas
1132 2616 1315 2699 dominas
1356 2618 1620 2727 Margaretam
1666 2620 1905 2727 priorissam.
1947 2616 2014 2697 kal·

235 2731 400 2809 marnie.
431 2746 643 2837 totumque
673 2745 922 2808 conuentum
951 2727 1142 2811 eiusdem.
1183 2758 1274 2810 cum
1310 2728 1497 2810 omnibus
1526 2730 1642 2811 bonis
1672 2732 1851 2837 ipsarum
1881 2728 2015 2821 mobili·

121 2908 129 2917 ,
234 2840 311 2921 bus
339 2858 379 2920 et
406 2840 688 2943 inmobilibus,
731 2838 874 2920 villicis
915 2858 956 2922 et
990 2840 1167 2938 colonis,
1211 2841 1370 2921 familiis
1398 2857 1437 2921 et
1465 2843 1647 2949 personis
1674 2842 1715 2919 in
1745 2840 1892 2921 eisdem
1921 2841 2017 2921 bonis

186 2954 190 2959 ’
234 2951 599 3046 commorantibus,
628 2948 705 3031 sub
736 2967 914 3033 nostram
944 2955 1241 3060 protecoionem
1281 2954 1494 3061 recipimus
1523 2967 1563 3032 et
1591 2952 1717 3034 tutele
1747 2955 1919 3060 graciam
1946 2980 2017 3062 spe·

235 3065 397 3157 cialem,
424 3061 653 3144 Reddentes
680 3065 787 3170 ipsas
815 3063 1054 3158 cumbonis
1081 3082 1122 3144 et
1149 3067 1331 3173 personis
1365 3065 1582 3172 premissis,
1612 3067 1667 3146 ab‘
1694 3065 1883 3145 omnibus
1910 3065 2018 3144 causis

125 3276 129 3284 ¹
236 3193 278 3256 et
307 3175 464 3253 iuribus
497 3175 616 3282 regiis
645 3202 692 3253 ac
721 3174 1042 3257 exhibicionibus
1086 3175 1204 3256 dictis
1231 3174 1403 3284 skipuist
1443 3175 1716 3284 spannarnala.
1747 3176 2018 3284 ledungxlaraa.

168 3389 171 3396 ι
230 3283 430 3392 ·aetagiald.
468 3281 672 3392 gengiaerd
700 3284 1043 3394 almenningxere.
1088 3304 1130 3366 et
1159 3284 1430 3394 borgbagierd
1458 3289 1681 3398 ceterisque
1711 3287 2018 3396 imposicionibus

237 3396 394 3504 nominj
424 3412 566 3475 nostro
595 3398 666 3476 aut
693 3397 772 3475 iuri
802 3397 969 3490 debitis,
998 3396 1146 3477 liberas
1174 3398 1335 3508 penitus
1363 3417 1403 3477 ct
1431 3415 1660 3506 exemptas,
1690 3397 1731 3478 Si
1755 3427 1854 3480 vero
1877 3397 2017 3508 expedi·

124 3541 127 3544 ·
238 3510 601 3601 cionemnostram
631 3509 794 3586 euocari
823 3525 894 3588 aut
923 3509 1165 3614 generaliter
1193 3536 1215 3588 a
1245 3525 1334 3588 toto
1365 3536 1491 3616 regno
1521 3511 1672 3620 requiri
1701 3509 1938 3603 subsidium,
1963 3536 2019 3587 seu

241 3648 389 3700 corone
419 3621 696 3699 iuramentum
725 3618 789 3698 uel
821 3619 1016 3702 iudicium
1041 3635 1224 3700 nostrum
1261 3619 1428 3726 infringi
1456 3634 1526 3700 aut
1555 3649 1693 3700 causas
1724 3623 1764 3700 in
1793 3621 1935 3702 ocultis
1960 3620 2019 3698 ho·

145 3739 150 3746 “
189 3777 192 3783 =
242 3729 411 3811 micidiis
442 3731 556 3812 mord
585 3726 703 3810 dictis
730 3729 795 3809 vel
827 3729 945 3812 furtis
974 3757 1176 3838 emergere
1204 3731 1431 3840 contigerit.
1474 3732 1546 3812 ista
1574 3734 1651 3812 sibi
1682 3731 1912 3812 nullatenus
1938 3731 2020 3810 libe·

106 3929 115 3960 x
165 3923 171 3930 ,
240 3872 284 3922 ra
315 3840 540 3940 reddimus,
568 3839 637 3922 sed
664 3869 709 3920 ea
740 3838 791 3919 ad
820 3840 1120 3924 ordinacionem
1149 3859 1326 3926 nostram
1357 3843 1583 3952 specialiter
1614 3844 1804 3924 volumus
1834 3847 2020 3954 pertinere,

243 3953 504 4063 prohibentes
541 3955 684 4062 nequis
711 3954 818 4060 ipsas
847 3955 889 4032 in
919 3957 1036 4035 bonis
1060 3971 1135 4034 aut
1165 3957 1348 4064 personis
1384 3955 1584 4064 premissis
1614 3973 1822 4064 presumat
1847 3954 2020 4064 aliquate-

100 4163 107 4174 .
242 4095 318 4146 nus
348 4064 580 4155 molestare,
609 4066 756 4142 Datum
787 4066 1483 4172 annodomini.ltt⁰'ccc·.V11·.
1522 4063 1621 4146 feria
1650 4065 1826 4147 secunda
1858 4065 2018 4176 proxima

243 4195 335 4284 post
365 4177 509 4288 Letare
539 4171 790 4254 iherusalem.
1192 4215 1197 4222 ·

246 4307 250 4314 ¹
339 4317 389 4380 Pa
410 4315 510 4379 andra
533 4315 639 4379 sidan-
660 4313 797 4396 Kpniags
817 4316 871 4378 sal
895 4325 958 4398 βω
981 4340 1022 4403 vp
1043 4319 1095 4379 atlr
1119 4321 1190 4380 talc
1214 4319 1262 4380 all
1279 4317 1484 4397 landbomeu;
1506 4333 1585 4382 sanet
1608 4317 1682 4384 med
1700 4321 1831 4384 sedam
1851 4315 1949 4382 leand:
2020 4383 2025 4396 ,

389 4402 402 4415 ”
951 4401 1108 4484 Konuoglr
1131 4403 1223 4464 Erils
1246 4401 1334 4464 breti.
1855 4425 1862 4441 Χ

89 4568 92 4575 .
215 4495 220 4501 ’
247 4481 294 4580 Al
312 4515 437 4598 Sigillen
461 4515 555 4578 finnes
576 4513 658 4577 blott
679 4511 730 4577 det
751 4533 809 4575 ena
830 4535 909 4598 quer
929 4514 1111 4660 pibesqdur
1143 4516 1277 4663 brclfrett
1300 4517 1401 4666 ldlgppt
1434 4537 1547 4596 rrmss,
1580 4536 1644 4581 som
1679 4509 1771 4582 lilrfil
1799 4513 2020 4606 blilvitatiyclt

930 4617 970 4660 oc
1067 4619 1188 4661 ermera
1224 4621 1305 4684 arsy
1352 4644 1360 4660 .
