4317 5975
956 388 1027 443 s„
1139 380 1220 463 208
1332 394 1413 442 -.

294 622 462 763 1159.
533 667 618 761 ,s
900 612 1050 757 1296
1098 550 1272 719 (id-13
1317 542 1526 788 Febn*
1920 612 2058 727 Rom.

365 840 484 905 Plsven
505 836 684 898 humanus
705 830 805 894 Vltus
836 828 1024 895 rte'tllastelse
1055 832 1097 915 pt
1119 830 1178 894 den
1199 832 1236 893 al
1253 830 1403 917 Bickopeu
1425 832 1524 913 Becgt
1543 828 1553 891 l
1575 829 1758 932 Liulb'piug⁸
1771 830 1819 893 till
1840 831 2062 919 Bislopsbcrdet
2090 897 2099 909 ,

310 976 318 990 ,
415 915 688 985 dersemmasttdes
709 915 792 998 gisna
814 915 891 997 gard
914 918 1030 977 Leuci
1054 914 1153 977 Stura
1174 916 1250 977 still.

293 1024 297 1031 ·
481 1052 483 1055 .
1658 996 1878 1064 neuun

327 1232 331 1239 Ι
409 1138 659 1231 ΙΒοινιιπιιωυε
688 1134 900 1242 episcopus
932 1160 1074 1212 seruus
1120 1158 1328 1213 seruorum
1366 1130 1451 1228 dei,
1495 1130 1717 1213 venerabili
1759 1131 1873 1212 fratri
1904 1193 1912 1210 .
1941 1195 1950 1212 .
1977 1136 2062 1243 Epi·

282 1276 407 1359 scopo
435 1266 476 1327 et
503 1245 660 1327 dilectis
675 1244 780 1353 filijs,
809 1243 997 1352 Capitulo
1025 1242 1248 1350 lincopensi
1277 1244 1452 1324 Salutem
1475 1260 1516 1323 ct
1537 1243 1796 1352 apostolicam
1828 1242 2063 1325 benedictio·

281 1390 374 1443 nem
423 1361 526 1439 Cum
555 1384 576 1435 a
609 1355 726 1436 riobis
755 1358 909 1461 petitur
937 1352 1049 1463 quod
1080 1354 1225 1433 iustum
1255 1370 1336 1451 est,
1378 1370 1418 1435 et
1446 1355 1680 1452 honestum,
1709 1370 1789 1433 tarn
1821 1356 1936 1461 vigor
1961 1360 2063 1467 equi·

280 1475 396 1568 tatis,
431 1498 551 1580 quarn
582 1467 684 1546 ordo
714 1468 839 1573 exigit
868 1466 1057 1560 racionis,
1096 1484 1139 1546 vt
1167 1463 1209 1544 id
1239 1495 1312 1573 per
1339 1466 1651 1546 sollicitudinem
1682 1465 1807 1574 officij
1837 1468 1980 1563 nostri,
2019 1470 2061 1549 ad

250 1658 252 1663 .
282 1582 472 1675 debitum,
497 1578 747 1689 producatur
776 1578 976 1669 ellectum.
1006 1576 1110 1655 Sane
1140 1578 1291 1683 peticio
1319 1595 1451 1657 vestra
1480 1579 1598 1658 nobis
1618 1578 1795 1658 exhibita
1827 1579 2059 1676 continebat,

281 1692 395 1806 quod
427 1693 531 1773 bone
562 1682 750 1768 memorie
780 1688 1016 1769 benedictus
1044 1689 1258 1795 episcopus
1290 1688 1550 1797 lincopenais,
1585 1688 1636 1769 de
1666 1689 1830 1797 propria
1853 1688 1977 1769 salute
2002 1720 2060 1771 eo·

229 1887 232 1895 ,
283 1809 431 1915 gitans,
459 1820 500 1881 et
529 1802 696 1908 cupiens
723 1816 884 1880 terrena
923 1826 1000 1907 pro
1042 1799 1276 1895 celestibus,
1316 1813 1356 1878 et
1392 1802 1621 1881 transitoria
1664 1826 1740 1909 pru
1783 1802 1929 1880 eternis
1969 1800 2062 1883 felici

231 1928 235 1947 '
282 1918 807 1997 commerciocommutare.
836 1910 997 1988 Curiam
1028 1908 1078 1989 de
1108 1910 1263 2005 lenum,
1291 1912 1405 1989 sitam
1431 1912 1471 1989 in
1499 1910 1647 2025 diocesi
1667 1910 1864 2004 skarensi,
1893 1931 2062 1993 canter·

175 2106 178 2125 ,
282 2030 359 2123 ris,
390 2024 724 2135 possessionibuS,
754 2041 792 2101 et
821 2020 911 2128 alijs
940 2014 1096 2101 iuribus
1123 2037 1164 2100 et
1194 2022 1454 2129 pertinencijs
1475 2023 1575 2117 suis,
1604 2020 1655 2101 ad
1685 2024 1814 2130 ipsum
1833 2023 2059 2133 Episcopum

282 2140 445 2219 racione
476 2161 645 2246 persone
674 2160 743 2213 sue
780 2149 1044 2241 spectantem,
1089 2132 1264 2213 Ecclesie
1301 2134 1540 2239 lincopensi,
1582 2158 1658 2241 pro
1686 2136 1962 2215 anniuersario
1988 2137 2061 2237 eius

284 2251 323 2329 in
355 2248 462 2329 dicta
491 2246 657 2329 ecclesia
701 2240 960 2338 celebrando,
1005 2245 1068 2350 pia
1097 2234 1140 2321 'a
1170 2240 1339 2352 prouida
1372 2244 1613 2324 liberalitate
1656 2243 1827 2349 legauit,
1871 2248 1912 2324 in
1940 2246 2060 2326 vltinra

285 2360 513 2454 voluntate,
539 2372 664 2464 prout
694 2356 733 2432 io
759 2353 993 2461 patentibus
1024 2354 1164 2433 litteris
1193 2352 1284 2434 inde
1314 2354 1506 2435 conlectis
1534 2354 1717 2462 sigillatis
1745 2357 1878 2464 sigilio
1908 2358 2059 2465 predicti

57 2484 61 2493 “
110 2456 112 2465 “
151 2524 159 2580 2
236 2470 477 2581 'priseopi
508 2468 663 2575 plenius
692 2464 841 2544 dicitur
870 2466 1078 2545 contineri.
1103 2486 1108 2496 '
1132 2467 1215 2543 Nos
1245 2466 1369 2570 igitur
1394 2468 1538 2545 vestris
1564 2466 1936 2573 supplicacionibus
1964 2472 2060 2549 incli-

152 2632 165 2681 3
283 2582 388 2677 nati,
418 2578 528 2690 quod
558 2604 680 2684 super
708 2576 784 2655 hoc
811 2580 861 2657 ab
891 2573 1028 2655 eodem
1058 2577 1274 2684 Episcop0,
1303 2579 1369 2683 pie
1398 2605 1444 2654 ac
1473 2579 1644 2685 prouide
1667 2577 1816 2657 lactum
1839 2598 1915 2673 est,
1944 2599 2058 2659 ratum

285 2696 324 2773 &
353 2708 510 2799 gratum
540 2688 753 2783 habentes,
782 2684 823 2766 id
854 2687 1094 2765 auctoritate
1122 2686 1342 2797 apostolica
1365 2689 1657 2783 confirmamus,
1675 2693 1922 2797 &presentis
1936 2694 2060 2800 scripti

285 2803 511 2917 patrocinio
541 2799 851 2891 communimus,
884 2797 991 2874 Nulli
1022 2825 1118 2907 ergo
1147 2800 1315 2877 omnino
1344 2798 1552 2878 hominum
1596 2800 1711 2878 liceat
1754 2800 1860 2879 hanc
1891 2805 2058 2911 paginam

284 2930 422 2996 nostre
451 2909 771 2993 confirmacionis
799 2906 1017 3016 infringere
1047 2909 1112 2988 uel
1142 2911 1177 2988 ei
1207 2936 1305 2990 ausu
1335 2912 1549 2991 temerario
1571 2902 1785 2991 contraire.
1848 2912 1976 3024 Siquis
2001 2944 2059 2994 au·

283 3045 362 3108 tem
393 3025 469 3104 boc
499 3039 738 3130 attemptare
768 3022 1073 3128 presumpserit,
1116 3020 1441 3127 indignacionem
1486 3017 1773 3129 omnipoteiitis
1802 3020 1888 3121 dei,
1916 3033 1951 3105 &
1979 3026 2059 3106 bea·

169 3223 179 3230 ,
283 3155 418 3216 torum
448 3135 555 3213 Petri
584 3149 624 3211 et
653 3128 765 3209 Pauli
795 3129 1067 3237 apostolorum
1099 3131 1203 3226 cius,
1232 3159 1273 3210 sc
1305 3134 1467 3212 nouerit
1494 3135 1760 3214 incursurum.
1817 3135 1963 3216 Datum
1990 3139 2060 3216 Ro·

284 3275 345 3328 me
375 3243 484 3356 apud
515 3259 695 3322 sanetum
726 3243 907 3336 Petrum,
937 3239 1036 3319 Jdus
1069 3239 1262 3322 Februar.
1291 3244 1551 3325 Pontificatus
1581 3247 1705 3325 nostri
1744 3251 1864 3326 Anno
1892 3247 2088 3328 secundo'
2140 3290 2144 3304 ι

281 3571 462 3749 ’ῐι6ο.
821 3739 825 3747 ,
865 3599 1049 3778 Ι11296
1098 3634 1145 3738 d.
1194 3654 1264 3763 24
1314 3635 1460 3744 Febr.
1934 3643 2062 3744 Rom.
2134 3543 2143 3575 ⁴

289 3907 294 3916 .
367 3855 483 3917 Plsven
507 3852 685 3918 Bustricius
705 3851 806 3918 vnlzs
829 3852 918 3914 Bulla
941 3873 993 3915 om
1016 3855 1155 3928 llerlrers
1176 3809 1361 3921 srilallande
1382 3857 1450 3918 srln
1474 3858 1593 3939 utlagor
1616 3828 1827 3921 till'lelmt'ns

1733 3971 1761 4026 B.
1780 3991 1805 4030 a:
1826 3977 1880 4046 178.
1910 4044 1912 4047 Ι

417 4103 656 4182 Romaanus
695 4101 907 4208 episcopus
950 4129 1090 4198 seruus
1131 4133 1340 4184 seruorum
1370 4103 1437 4214 dej
1465 4103 1528 4185 Ad
1564 4124 1797 4216 perpetuam
1828 4111 1901 4191 Rei
1931 4135 2061 4188 memo·

282 4217 382 4295 riam
412 4215 567 4293 clericis
595 4213 716 4290 laicos
746 4211 912 4291 infestos
941 4215 1065 4321 opido
1096 4215 1220 4295 tradit
1250 4219 1490 4323 antiquitas,
1519 4215 1630 4326 quud
1658 4237 1697 4298 et
1729 4223 1975 4328 presencium
2003 4247 2061 4298 ex·

282 4330 505 4434 perimenta
551 4339 777 4430 temporum
817 4325 1025 4405 manifesto
1067 4323 1297 4421 declarant,
1340 4326 1435 4413 dnm
1480 4331 1561 4407 suis
1602 4330 1751 4410 linibus
1780 4358 1862 4411 iton
1892 4329 2060 4435 contenti

191 4475 195 4486 ·
283 4438 471 4516 nituntur
499 4436 665 4514 vetitum
697 4431 748 4512 ad
777 4432 919 4524 illicita¹
946 4435 1059 4515 frena
1091 4436 1293 4531 relaxant,
1323 4465 1396 4517 nee
1422 4437 1664 4546 prudenter,
1696 4443 1926 4539 attendunt,
1953 4468 2061 4552 quam

282 4549 334 4631 sit
362 4549 417 4625 eis
446 4548 499 4647 in¹
516 4543 960 4654 'clericosecclesiastiea
990 4553 1074 4626 siue
1109 4575 1300 4655 personas
1329 4566 1369 4627 ct
1401 4549 1506 4628 bona
1537 4551 1749 4632 interdicta
1786 4569 1978 4662 potestas,
2005 4580 2060 4630 cc·

166 4709 170 4716 ·
281 4657 510 4754 elesiarurn,
539 4655 726 4765 prelatie‘,
754 4655 925 4736 ecclesiis
954 4656 1312 4772 ecclesiasticisque
1341 4661 1542 4767 personis,
1570 4664 1828 4772 regularibus
1847 4683 1895 4767 ’et
1921 4663 2061 4746 secula·

1908 4769 2014 4858 ribus

280 4881 551 4900 *ψ

323 4945 347 5019 *i
369 4934 511 5002 utum
532 4939 833 5022 tfxntesauropes
855 4940 865 5001 s
886 4937 1002 5024 upon
1024 4940 1119 5008 aaa
1137 4939 1209 5011 en
1234 4945 1312 5026 east
1333 4946 1506 5016 euenerat
1528 4903 1658 5015 nonin
