4317 5975
790 459 1036 539 -·183
1147 433 1241 553 ·-'··⁴

98 670 271 755 confero
298 654 490 765 iratribus
506 672 731 754 minoribus
746 678 786 753 8(
802 674 1022 755 maioribus
1050 701 1098 758 ae
1126 678 1397 786 hospitalariis
1411 678 1580 788 singulis
1594 678 1694 761 duas
1715 681 1908 775 marchas.
1993 748 2000 773 ,

102 813 225 863 vnam
249 781 301 863 ad
331 810 444 863 vsum
475 812 737 892 personarum
768 792 808 865 8(
830 786 947 867 aliam
963 787 1013 869 ad
1029 790 1326 894 reparaeionem
1349 789 1598 873 edificiorum
1614 820 1689 902 per
1703 792 1908 899 dyocesim

100 896 418 977 constitutorum
456 893 741 1005 lincopensem.
798 902 902 979 Jtem
942 927 1059 977 vnam
1097 899 1300 979 marcham
1340 902 1504 982 ecclesie
1546 904 1588 981 in
1630 902 1839 995 adhistuw
1868 908 1908 984 8(

100 1034 225 1086 vnam
257 1004 460 1089 marcham
489 1008 653 1087 ecclesie
683 1008 733 1089 de
763 1008 957 1091 malbech.
987 1027 1161 1091 etvnam
1192 1012 1393 1091 marcham
1423 1012 1906 1093 vicariodomiuiormol-

100 1116 186 1227 phi.
217 1116 319 1197 duas
349 1116 532 1198 marchas
560 1118 723 1199 ecclesie
752 1119 801 1201 de
845 1120 977 1219 hilsio
1021 1126 1060 1201 8(
1104 1120 1203 1201 duas
1243 1123 1424 1203 marchas
1466 1126 1616 1205 vicario
1659 1124 1810 1206 ibidem
1855 1122 1906 1204 de
2024 1162 2033 1223 f

100 1228 309 1309 fructibus
337 1226 531 1307 hactenus
547 1232 601 1311 ibi
632 1257 682 1309 ex
712 1249 832 1338 parte·
856 1260 940 1312 mea
970 1229 1253 1340 percipiendis.
1282 1233 1482 1315 sacerdoti
1497 1233 1546 1315 de
1564 1232 1767 1315 Skedhum
1780 1264 1906 1315 vnum

102 1368 225 1449 equm
271 1365 345 1446 pro
387 1341 516 1420 tribus
546 1342 728 1421 marchis.
785 1342 961 1425 Ecclesia
991 1341 1041 1422 de
1070 1341 1330 1452 hyltopthum
1358 1372 1479 1424 vnarn
1508 1345 1719 1437 marcham.
1759 1349 1904 1427 Actum

105 1448 366 1531 lallandafors
395 1450 503 1529 anno
533 1458 572 1530 8(
601 1468 782 1560 ternpore
810 1455 1096 1563 suprascriptis
1123 1453 1341 1535 heredibus
1368 1457 1571 1564 requisitis
1587 1463 1627 1537 8(
1646 1460 1904 1538 consencicn·
2035 1482 2038 1487 ·

101 1561 212 1643 tibus
243 1564 295 1641 Jn
322 1562 436 1641 cuius
466 1564 524 1644 rei
553 1564 825 1645 testimonium
854 1566 1029 1673 sigillum
1060 1592 1189 1645 meum
1217 1566 1474 1673 presentibus
1509 1584 1570 1647 est
1597 1595 1820 1676 appensum
1849 1570 1904 1647 Et

101 1689 198 1780 peto
227 1670 404 1777 sigillum
433 1672 588 1781 dominj
618 1674 693 1753 mei
722 1674 964 1784 lincopensis
992 1681 1033 1756 8(
1060 1674 1228 1784 jnsuper
1255 1678 1386 1786 sigilla
1415 1674 1569 1784 dominj
1588 1679 1905 1780 beronis&ma7

101 1784 218 1892 gistri
250 1784 411 1863 bosonis
439 1787 724 1865 canonicorum
764 1786 1068 1895 lincopensium.
1105 1814 1210 1896 quos
1236 1806 1477 1899 exequtores
1520 1789 1627 1897 eligo
1660 1816 1784 1895 super
1825 1788 1904 1895 hijs

102 1899 172 2005 qni
202 1909 300 1975 arnt
328 1894 370 1973 in
398 1897 575 2003 usgoeia.
603 1899 769 1976 maxime
799 1927 875 2005 pro
904 1900 1001 1978 meis
1030 1897 1218 2007 exequiis
1239 1898 1297 1981 ibi
1336 1897 1529 1980 faciendis
1555 1898 1778 1982 secundum
1806 1926 1904 1979 con-

103 2006 358 2087 stitucionem
387 2005 540 2087 domini
569 2006 823 2113 lincopensis.
867 2014 907 2089 8(
935 2008 1123 2092 domibus
1151 2010 1347 2117 religiosis
1383 2010 1442 2093 ibi
1483 2008 1554 2091 fiat
1582 2011 1810 2096 elemosina
1850 2012 1905 2106 de

104 2144 188 2197 mea
217 2114 383 2197 ecclesia
412 2114 563 2197 ibidem
593 2116 659 2197 uel
687 2119 910 2225 prebenda.
1652 2145 1658 2167 ‘

115 2510 285 2613 1125.
354 2612 367 2633 ,
605 2582 607 2591 ·
752 2514 897 2655 1295
946 2509 994 2613 d.
1040 2525 1073 2637 4
1120 2510 1267 2617 Mars.
1679 2490 1900 2642 OrebrO.
1997 2607 1998 2610 γ
2114 2664 2120 2682 1

182 2743 318 2822 Kooung
341 2720 469 2807 Braoaas
491 2742 539 2805 stir
561 2743 688 2827 Lybecls
711 2742 771 2805 och
794 2744 1045 2824 Hansesttderna,
1067 2766 1132 2805 som
1154 2746 1224 2807 tata
1247 2745 1360 2809 handel
1382 2747 1424 2829 pt
1450 2742 1616 2827 Ostersjiin,
1647 2744 1731 2827 gisna
1763 2746 1902 2808 tillstdnd

233 2838 279 2889 att
302 2826 382 2887 ifrdn
404 2826 434 2888 d.
455 2826 477 2901 d
498 2830 582 2889 Mers
602 2827 648 2890 ritt
671 2828 908 2890 midsommaren
932 2829 1045 2890 besb'la
1067 2828 1251 2908 Novcgrod,
1278 2830 1349 2891 med
1372 2830 1475 2891 vilior
1504 2839 1551 2890 att
1581 2830 1612 2908 ej
1641 2829 1781 2889 medl'iiru
1814 2848 1902 2889 mera

236 2930 348 2992 vapen,
372 2910 435 2992 jern
458 2912 535 2973 eller
555 2912 629 2992 stat,
651 2921 689 2973 ltu
711 2913 758 2974 till
780 2924 849 2994 eget
870 2910 970 2975 behel
985 2910 1197 2992 erdordrades,
1217 2909 1278 2975 och
1300 2923 1344 2974 att
1367 2912 1435 2973 iele
1456 2911 1527 2973 med
1548 2910 1607 2972 rad
1627 2912 1704 2973 elles·
1735 2910 1798 2971 ddd
1819 2910 1899 2973 bina
2010 2946 2013 2954 =

232 2993 339 3056 Rilets
360 2993 486 3075 flander,
508 3015 547 3057 m.
570 3016 610 3056 tn.
1450 3061 1456 3066 ,
1803 3071 1808 3078 ,

1545 3075 1583 3130 Κ.
1598 3094 1624 3132 v.
1643 3080 1702 3148 174.

223 3179 424 3259 Blnctnvs
440 3181 515 3259 Dei
530 3182 664 3288 gracia
681 3181 898 3261 Svecorunr
914 3181 1224 3289 Ghotorumque
1240 3207 1322 3259 rex.
1353 3178 1545 3258 Discretis
1559 3179 1656 3258 viris
1671 3173 1897 3273 Advocatis,
1951 3182 1958 3201 '

101 3293 139 3372 8(
166 3289 400 3371 consulibus
436 3289 618 3372 civitatis
644 3291 879 3398 Lyb-icensis
918 3293 1292 3401 maritimarumque
1326 3289 1536 3370 civitatum
1563 3317 1672 3370 mare
1701 3288 1900 3368 orientale

103 3401 444 3512 frequentantium
474 3402 628 3483 sineere
643 3398 868 3484 dilectionis
892 3400 1148 3484 allectionem
1164 3431 1253 3482 cum
1270 3400 1410 3481 salute.
1440 3400 1664 3484 Prudenter
1685 3394 1898 3510 preciden-

101 3513 151 3595 da
180 3529 277 3592 sunt
306 3512 418 3608 mala,
449 3529 495 3592 ut
524 3513 753 3594 salutariter
780 3513 887 3595 bona
916 3511 1129 3593 succedant
1157 3519 1195 3594 8(
1225 3509 1473 3593 offendiculo
1502 3526 1678 3622 quoque
1695 3510 1830 3592 ablato
1846 3509 1899 3589 de

102 3624 234 3704 medio
265 3624 362 3704 levis
392 3623 585 3731 procedat
614 3631 655 3705 8(
684 3623 841 3706 facilior
869 3624 1002 3705 aditus
1032 3623 1081 3704 ad
1099 3641 1248 3732 optata.
1291 3625 1397 3703 Hinc
1425 3642 1495 3719 est,
1526 3619 1901 3734 quodquandoque

98 3763 276 3845 paganos
304 3736 474 3815 Karelos
502 3738 574 3846 qui
604 3736 739 3817 multis
770 3736 978 3817 retroactis
1007 3737 1258 3843 temporibus
1287 3735 1512 3830 latrocinia,
1538 3734 1667 3841 spolia
1696 3739 1735 3814 8(
1764 3731 1896 3810 inlini·

95 3864 137 3925 ta
167 3847 363 3942 enormia,
393 3846 495 3926 nulli
526 3867 734 3956 parcentes
762 3849 886 3943 sexui,
915 3849 1039 3926 statui
1068 3847 1131 3928 vel
1161 3847 1279 3940 etati,
1310 3862 1357 3924 ut
1372 3861 1467 3953 pote
1496 3845 1609 3924 vivos
1637 3840 1894 3939 excoriando,

94 3962 282 4066 captivos
309 3958 506 4066 plurimos
534 3958 807 4053 eviscerando,
837 3959 1087 4040 diversorum
1115 3973 1411 4037 tormentorum
1446 3982 1593 4063 genera
1622 3956 1770 4034 nostris
1811 3980 1894 4034 uon
2018 4010 2020 4013 -
2108 3968 2139 4035 ’.

93 4086 276 4164 tantum,
304 4066 375 4150 sed
404 4075 442 4150 8(
472 4069 675 4180 plerisque
705 4099 810 4148 mare
839 4067 1035 4148 orientale
1064 4067 1320 4149 visitantibus
1349 4064 1600 4163 inferebant,
1627 4067 1682 4146 ob
1699 4064 1895 4142 unitatem

95 4180 187 4261 fidei
218 4181 413 4260 catholice
438 4179 697 4276 dilatandam,
726 4182 960 4259 miserorum
993 4181 1158 4259 miseriis
1186 4177 1464 4272 condolentes,
1506 4175 1639 4257 divina
1686 4174 1895 4255 clementia

97 4293 305 4372 convictos
333 4291 385 4370 ad
414 4277 531 4373 fidem
561 4295 833 4371 convertimus
861 4291 1117 4370 christianam
1152 4295 1191 4368 8(
1219 4317 1310 4368 cum
1334 4289 1490 4396 ingenti
1508 4289 1688 4367 exercitu
1713 4314 1760 4364 ae
1787 4311 1895 4364 sum·
2031 4383 2034 4386 .
2147 4329 2151 4334 ·

98 4403 238 4511 ptibus
267 4401 477 4483 laboriosis
508 4419 681 4482 castrum
711 4403 887 4511 Wiborg
916 4403 1113 4485 ereximus
1141 4397 1191 4480 ad
1220 4399 1417 4480 honorem
1444 4399 1520 4478 Dei
1548 4397 1793 4506 virginisque
1808 4392 1894 4502 glo·

97 4516 211 4610 riose,
241 4511 295 4593 ad
322 4514 436 4620 regni
470 4515 598 4592 nostri
626 4515 849 4609 tuitionem,
880 4541 954 4594 nec
984 4543 1067 4594 non
1096 4510 1146 4591 ad
1175 4511 1429 4611 securitatem
1458 4535 1567 4588 mare
1603 4507 1899 4606 transeuntium

97 4630 133 4704 8(
162 4653 323 4732 pacem,
351 4651 455 4735 quos
482 4623 644 4733 quidem
673 4621 844 4706 Karelos
872 4625 915 4703 in
942 4627 1023 4704 suis
1053 4623 1383 4731 perversitatibus
1412 4625 1451 4700 8(
1479 4620 1600 4700 nimia
1617 4617 1786 4727 perfidia
1813 4617 1902 4716 Ro·

98 4739 177 4818 teni
207 4751 367 4816 tantum
396 4735 685 4843 temporalibus
714 4742 754 4818 8(
796 4734 1153 4844 depredationibus
1196 4733 1400 4814 inhiantes
1438 4729 1712 4811 inhumaniter
1758 4729 1901 4826 divino,

98 4851 241 4930 timore
270 4850 496 4954 postposito
525 4847 806 4941 confoverunt,
837 4845 1092 4954 post-modum
1122 4873 1167 4925 re
1196 4874 1288 4926 vera
1317 4843 1483 4951 gloriosi
1512 4842 1722 4952 principis·
1741 4837 1906 4931 domist

52 4965 55 4972 ’
100 4959 294 5068 magnifici
324 4960 427 5066 regis
457 4959 728 5039 Romanorum
760 4957 921 5040 litteras·
940 4984 1015 5038 nos
1044 4958 1194 5038 noritis
1222 4956 1437 5062 recepisse,
1466 4953 1655 5060 petitorie
1684 4952 1902 5042 conusens,

98 5088 167 5167 tes,
195 5067 310 5180 quod
327 5069 376 5152 de
404 5069 635 5152 civitatibus
661 5072 805 5150 vestris
833 5069 884 5150 ad
914 5068 1157 5177 Negardiam
1187 5067 1422 5176 navigantes
1450 5064 1492 5143 in
1521 5061 1791 5145 mercimoniis
1829 5058 1897 5141 uel
