4317 5975
974 384 1031 473 ἡ·
1142 346 1224 433 508
1328 387 1391 411 '-

283 605 381 661 vero
405 571 608 656 'incercius
635 570 736 655 hora
765 572 905 652 mortis
947 570 1090 653 nolens
1132 566 1327 651 decedere
1369 566 1599 664 intestatus,
1641 581 1900 661 testamentum
1923 608 2019 675 naun

281 720 352 775 seu
381 686 557 770 nltimam
585 682 835 765 voluntatem
866 711 991 765 meam
1020 682 1125 765 lucio
1151 697 1193 763 et
1222 680 1368 762 ordino
1397 680 1440 760 in
1469 677 1634 762 modum
1662 680 1735 791 qui
1755 689 1918 795 seqnitur
1938 715 1970 777 tt
1989 678 2021 785 in
2064 692 2070 699 ’

174 874 177 877 ,
283 803 451 885 lormaru
481 800 532 877 ln
562 796 700 905 primis
727 792 925 903 siquidem
955 792 1011 875 do
1038 812 1079 875 et
1108 792 1199 900 lego
1240 790 1407 873 ecclesie
1442 790 1646 899 upsalensi
1686 820 1753 875 sex
1780 822 1863 882 oras
1887 788 2021 893 terrain

283 915 395 997 curia
410 937 496 990 mea
525 909 567 987 in
603 904 820 1014 lythywy‚
848 934 894 987 ea
917 906 1157 989 condicione
1171 900 1452 1013 adiectaquod
1466 905 1703 1095 ciperentes
1732 892 1804 985 mei
1829 936 1888 989 cas
1910 913 2024 1007 babere

283 1042 330 1107 et
352 1018 528 1104 retlnere
556 1017 779 1111 voluerint,
806 1018 956 1099 iustum
986 1017 1166 1126 precium
1196 1014 1345 1095 valoris
1373 1040 1499 1094 carun
1528 1042 1600 1095 em·
1622 1014 1725 1095 inira
1755 1044 1890 1102 annrrm
1910 1052 1927 1103 a
1951 1031 2024 1111 teir.

284 1162 384 1245 pore
411 1130 581 1223 sciencie
608 1130 747 1209 obitus
776 1134 852 1211 mei
894 1126 1068 1211 reddant
1095 1145 1135 1208 et
1161 1126 1325 1209 solnant
1368 1125 1527 1234 pretate
1568 1126 1733 1208 ecclesie
1775 1128 1934 1241 alioquin
1956 1140 2025 1227 rulo

282 1263 324 1328 e't
351 1242 536 1354 precipio
563 1238 675 1349 quod
705 1238 810 1319 dicte
837 1269 906 1322 sex
936 1267 1007 1321 ore
1034 1255 1143 1319 terre
1179 1234 1287 1321 dicte
1329 1236 1496 1319 ecclesie
1538 1254 1770 1319 remaneant
1809 1244 1965 1348 pacifice,
1997 1269 2025 1329 et

284 1384 352 1439 eas
380 1352 583 1465 possideat
611 1352 654 1431 in
682 1349 862 1433 saturum
892 1354 996 1432 Jtern
1025 1349 1081 1431 do
1095 1365 1137 1431 et
1158 1350 1249 1456 lego
1277 1345 1441 1431 ecclesie
1471 1376 1557 1429 mee
1584 1348 1929 1455 de—synrbatunum
1954 1358 2027 1442 duas
2066 1446 2070 1451 ,

161 1485 165 1493 ’
282 1496 374 1550 oras
403 1484 510 1546 terre
538 1464 580 1541 in
607 1464 720 1543 curia
752 1462 932 1571 predicta
961 1462 1038 1543 sub
1064 1457 1303 1541 condicione
1331 1458 1512 1568 predicta
1542 1460 1646 1553 Jtem
1675 1462 1909 1569 sepulturam
1933 1494 2027 1551 mean

280 1580 387 1688 eligo
416 1579 456 1658 in
486 1572 609 1655 domo
650 1572 821 1654 fratrum
864 1570 1165 1684 predicatorum
1207 1569 1565 1668 aurelianensium,
1592 1587 1634 1650 ct
1661 1570 1807 1653 eisdem
1835 1572 1884 1656 do
1907 1594 1941 1656 et
1962 1578 2027 1687 lego

279 1691 489 1799 sexaginta
517 1684 668 1767 solidos
684 1685 934 1795 ‚parisienses
962 1686 1067 1764 Jtem
1095 1680 1149 1763 do
1177 1700 1217 1763 et
1246 1682 1337 1790 lego
1367 1682 1531 1765 ecclesie
1559 1684 1686 1763 sancti
1730 1686 1913 1766 vincencii
1933 1690 1966 1767 in
1986 1692 2027 1771 vi-

280 1802 366 1881 neis
393 1793 737 1878 aurelianensibus
764 1822 835 1877 sex
861 1792 1013 1876 solidos
1035 1794 1274 1903 parisienses
1303 1796 1407 1875 Jtem
1424 1795 1478 1876 do
1493 1810 1534 1875 et
1549 1794 1641 1903 lego
1657 1797 1804 1877 rectori
1818 1796 1970 1878 eiusdem
1983 1828 2027 1887 cc·

167 1905 174 1922 ⁸
281 1912 400 1993 clesie
429 1908 566 1990 decem
594 1903 746 1992 solidos
767 1908 1001 2017 parisienses
1029 1910 1133 1987 item
1149 1903 1204 1986 do
1218 1923 1258 1985 et
1274 1902 1365 2014 lego
1379 1905 1528 1999 clerico
1549 1902 1724 1987 eiusdem
1747 1906 1823 1989 loci
1846 1904 1939 2005 duos
1961 1910 2028 1991 soli·

124 2036 128 2045 '
281 2023 356 2104 dos
388 2022 621 2128 parisienses
649 2021 753 2099 Jtem
781 2018 836 2099 do
865 2033 907 2097 et
934 2019 1027 2125 lego
1056 2016 1194 2097 domui
1221 2015 1289 2123 dej
1318 2017 1586 2099 aurelianensi
1614 2044 1684 2098 sex
1707 2016 1853 2099 solidos
1879 2020 2028 2127 parisien·

62 2213 66 2222 ,
280 2162 342 2215 ses
371 2135 474 2211 ltem
505 2128 559 2211 do
586 2147 626 2209 et
655 2129 757 2237 lego
776 2129 928 2211 fabrice
955 2128 1243 2209 aurelianensis
1271 2130 1383 2208 curie
1424 2145 1603 2239 quatuor
1647 2128 1799 2210 solidos
1840 2130 2029 2237 parisienses

153 2281 156 2288 ·
281 2248 386 2325 Jtem
415 2240 469 2321 do
497 2257 538 2321 et
567 2241 658 2349 lego
687 2239 802 2319 fratri
832 2267 921 2320 meo
950 2239 1158 2348 ingiualdo
1188 2267 1333 2348 paruas
1374 2235 1592 2321 decretales
1634 2268 1743 2321 meas
1770 2268 1856 2322 cum
1883 2257 1978 2322 sexto
1999 2241 2030 2321 li·

278 2356 356 2437 bro
385 2367 642 2461 apparatatas
670 2353 772 2431 Jtem
802 2349 856 2460 do
884 2370 924 2431 et
953 2351 1044 2459 lego
1075 2350 1192 2431 fratri
1221 2378 1309 2432 meo
1341 2350 1493 2433 finuido
1509 2352 1606 2433 alias
1635 2350 1853 2433 decretales
1867 2378 1959 2433 meas
1972 2378 2030 2432 non

275 2462 537 2575 'apparatatas
571 2466 635 2542 Jta
664 2461 775 2571 quod
805 2462 1032 2543 vendantur
1061 2465 1102 2543 in
1131 2462 1306 2545 florenos
1335 2466 1407 2572 qui
1437 2466 1477 2543 in
1505 2463 1683 2545 eiusdem
1712 2462 1848 2543 fratris
1889 2488 1984 2543 raum
2005 2482 2031 2543 et

172 2590 176 2593 ’
278 2574 533 2659 commodum
548 2590 842 2655 conuertantur
869 2577 973 2653 ltcm
991 2573 1046 2655 do
1062 2573 1208 2680 etlego
1237 2572 1374 2654 domui
1403 2576 1532 2655 sancti
1559 2576 1724 2682 spiritus
1750 2572 1893 2683 vpsalie
1920 2575 1935 2651 l
1959 2600 2030 2653 mar·

230 2766 234 2774 ,
278 2690 393 2769 cham
423 2685 680 2766 denariorum
711 2688 816 2764 Jtem·
842 2687 1035 2767 conuiuio
1061 2684 1236 2765 eiusdem
1254 2684 1398 2765 domus
1426 2686 1445 2764 I
1474 2687 1675 2769 marcham
1693 2683 1942 2766 denariorum
1957 2688 2032 2773 lten

278 2801 403 2880 dcet
439 2798 531 2907 legb
573 2798 766 2876 conuiuio
810 2798 1125 2904 presbiterorum
1166 2794 1276 2905 apud
1319 2798 1542 2905 enicopiam
1588 2824 1707 2877 unam
1745 2796 1936 2877 marcham
1970 2794 2032 2875 den.
2101 2824 2102 2873 1

277 2914 382 2992 item
414 2908 601 3018 hospitali
631 2910 674 2987 in
702 2910 895 3017 enecopia
925 2906 1131 2989 dimidiam
1162 2906 1362 2988 marcham
1391 2905 1481 2988 den.
1512 2910 1614 2989 ltem
1644 2906 1698 2990 do
1726 2924 1768 2991 et
1796 2908 1883 3018 lego
1908 2906 2032 2988 ecclesie
2099 2920 2102 3000 l

278 3022 330 3103 de
363 3021 577 3101 birkistum
606 3018 811 3102 dimidiam
840 3019 1040 3100 marcham
1071 3016 1161 3101 den.
1192 3019 1311 3100 huius
1339 3037 1471 3100 autem
1500 3023 1727 3104 testamenti
1757 3047 1830 3102 seu
1851 3019 1972 3102 vltime
1984 3043 2032 3098 1ο·

277 3135 448 3212 luntatis
477 3159 563 3212 mee
592 3150 832 3240 exequtores
875 3159 983 3212 meos
1025 3131 1130 3210 facio
1157 3147 1198 3210 et
1226 3131 1429 3211 constituo
1459 3133 1501 3211 in
1531 3159 1656 3240 regno
1687 3133 1855 3226 francie,
1882 3128 2032 3210 dilectur
2100 3119 2102 3210 l

158 3244 161 3250 ’
277 3242 442 3323 fratrem
470 3271 601 3323 meum
636 3244 837 3326 nicolaum
867 3244 1106 3322 canonicum
1124 3258 1426 3348 strangnensem
1441 3261 1481 3324 et
1497 3243 1701 3324 dominum
1726 3245 1913 3325 beronem
1928 3237 2035 3345 detyl·
2100 3299 2102 3336 ἐ

278 3356 433 3460 lingum
464 3355 702 3442 canonicum
732 3353 1005 3460 upsalensem,
1034 3355 1085 3431 Jn
1117 3354 1300 3460 partibus
1328 3345 1461 3434 autem
1481 3356 1577 3434 meis
1590 3353 1888 3436 dilectissimum
1917 3367 2034 3459 patrem
2101 3383 2102 3432 1

277 3492 409 3545 menm
438 3464 645 3546 dominum
676 3492 862 3570 magnum
892 3466 1121 3543 marinason
1150 3483 1190 3544 et
1218 3462 1422 3544 dominum
1453 3466 1677 3576 haquinum
1707 3467 1948 3575 prepositum
1973 3485 2035 3540 aro·

276 3573 443 3656 siense'm
474 3592 515 3654 et
546 3575 767 3685 quemlibet
795 3602 934 3654 eorum
963 3572 1202 3652 insolidum
1245 3575 1298 3653 ita
1327 3575 1501 3683 quodsi
1530 3580 1652 3660 ambo
1679 3575 1888 3659 noluerint
1907 3589 1968 3656 aut
1989 3597 2036 3650 ne·
2101 3571 2102 3580 ³

275 3687 484 3796 quinerint
513 3688 705 3767 interesse
740 3686 851 3796 quod
880 3686 980 3766 alter
1015 3685 1194 3794 ipsorum
1231 3688 1470 3794 exequcioni
1505 3687 1639 3770 debite
1683 3690 1873 3798 premissa
1912 3677 2036 3766 demeu-
2100 3745 2102 3818 ᾧ

277 3801 346 3880 det
376 3801 428 3878 Et
457 3796 551 3877 volo
579 3797 691 3906 quod
722 3797 828 3878 istud
859 3813 1142 3878 testamentum
1174 3825 1304 3877 meum
1334 3826 1402 3878 seu
1432 3796 1569 3883 vltima
1596 3799 1785 3880 voluntas
1815 3796 1876 3878 vel
1903 3791 2038 3903 disposi-

275 3916 340 3990 e'io
370 3909 499 3989 valeat
526 3911 613 3991 iure
642 3913 889 4006 testamenti,
917 3926 988 3988 aut
1016 3907 1117 4016 jure,
1138 3907 1414 3989 codicillorum
1445 3927 1514 3990 aut
1546 3909 1648 4018 ¹jure
1690 3937 1890 3992 canonum
1930 3917 2037 3986 autu

209 4026 214 4035 '
274 4023 483 4131 puplicum
514 4022 822 4100 instrumentum
852 4023 935 4101 Aut
964 4019 1096 4100 valcat
1123 4037 1167 4100 vt
1195 4020 1376 4132 quelibet
1406 4021 1481 4100 alia
1511 4019 1648 4104 vltima
1676 4023 1867 4104 voluntas
1894 4017 1950 4110 vel
1979 4013 2037 4094 dis·
2100 4077 2102 4140 l

274 4133 429 4242 posieio
457 4148 527 4211 aut
556 4131 688 4212 valeat
731 4147 855 4238 prout
892 4129 1032 4212 melius
1070 4129 1209 4238 ‘valere
1251 4133 1403 4240 poterit
1430 4147 1471 4211 et
1500 4132 1665 4215 debebit
1704 4131 1755 4215 de
1786 4123 2039 4216 consuetudine
2101 4149 2102 4158 ¹

203 4299 213 4306 -
273 4243 337 4324 vel
369 4243 419 4324 de
448 4243 537 4350 jure
570 4244 624 4324 Et
652 4239 704 4322 ad
739 4243 812 4322 hec
844 4245 985 4322 vocaui
1015 4245 1057 4322 in
1086 4257 1208 4322 testes
1231 4242 1456 4352 specialiter
1484 4259 1525 4324 et
1553 4246 1695 4354 rogaui
1710 4245 1911 4326 nicolaum
1936 4234 2039 4340 magni

272 4355 523 4464 jngiualdum
554 4356 708 4463 magni,
735 4351 880 4433 fratres
916 4347 1047 4449 meos,-
1085 4353 1290 4435 dominnm
1325 4354 1542 4462 johannem
1572 4354 1676 4436 duus
1718 4356 1948 4438 canonicum
1973 4347 2039 4427 lun·
2101 4341 2102 4384 ³

241 4465 435 4546 -densem
465 4463 671 4548 dominum
700 4463 863 4545 alfinum
894 4467 1133 4547 canonicum
1162 4465 1436 4546 humarensem
1453 4464 1660 4546 dominum
1678 4467 1893 4549 iohannem
1917 4459 2038 4542 dictum
2101 4543 2102 4546 g

272 4575 447 4685 vllstorp
475 4578 693 4686 johannem
722 4593 916 4656 rectorem
945 4576 1111 4657 ecclesie
1139 4578 1268 4656 sancti
1298 4579 1492 4659 vincencii
1522 4580 1562 4658 in
1592 4580 1716 4660 vineis
1732 4569 2039 4660 aurelianensibus

273 4689 542 4795 presbiterum
554 4707 595 4770 et
610 4688 824 4770 iohannem
841 4686 891 4768 de
904 4716 1025 4769 cruce
1040 4687 1227 4772 clericum
1242 4690 1352 4770 curie
1367 4690 1657 4771 aurelianensis
1672 4692 1878 4771 notarium
1892 4686 2037 4794 juratum

214 4909 220 4915 .
274 4817 315 4882 et
344 4802 486 4909 rogaui
514 4829 583 4884 eos
613 4817 655 4884 vt
682 4801 776 4880 huic
805 4801 982 4912 presenti
1017 4800 1164 4911 pagine
1192 4799 1321 4908 sigilla
1351 4829 1420 4882 sua
1452 4829 1528 4884 vna
1565 4829 1655 4882 cum
1699 4830 1791 4885 meo
1820 4803 2038 4925 apponerent

1918 4933 1955 4988 111
