4317 5975
972 490 1033 515 .-
1146 445 1224 542 ml
1333 492 1392 513 ..-

135 734 146 763 ·.
250 681 470 771 incertus,
498 698 617 755 mnus
654 686 785 749 umen
822 672 862 748 ss
897 668 1110 753 incolomis
1150 676 1432 751 testamentum
1475 692 1608 749 meum
1649 663 1701 747 de
1742 664 1865 747 bonis
1903 666 2066 775 micltia
2147 690 2151 707 ¹

192 772 219 827 '¹
278 790 356 875 deo
384 785 580 869 concessis
609 784 649 861 in
681 808 859 862 meorum
891 782 1161 864 remissionem
1190 796 1449 907 peccatorum
1477 775 1612 861 condo
1638 784 1679 859 δι
1706 774 1854 859 ordino
1887 779 1931 858 in
1964 780 2066 865 bunc

240 966 242 971 .
280 900 455 984 modum.
484 894 659 975 Ecclesie
687 892 889 1003 upsalensi
919 894 974 976 do
1003 922 1127 975 onum
1154 892 1329 974 solidum
1362 908 1472 973 terre
1507 894 1549 973 io
1586 888 1777 973 losslsialf
1804 889 1848 969 in
1884 892 2065 999 parochi·

277 1010 453 1118 belingh.
497 1005 709 1085 Fratribus
749 1002 1073 1111 predicatoribus
1112 1005 1335 1087 sictoneoie
1377 1004 1411 1084 si
1452 1004 1496 1084 in
1532 1004 1609 1083 bac
1643 1002 1709 1083 uia
1755 1018 1872 1082 extra
1907 1028 2067 1111 regnum

278 1152 341 1206 me
369 1120 471 1201 mori
500 1119 715 1227 contigerit
742 1134 824 1198 tres
851 1106 1000 1201 solidos
1027 1136 1136 1198 terre
1164 1118 1205 1197 iu
1235 1114 1439 1197 eudistum
1454 1117 1495 1194 in
1513 1114 1707 1223 parochia
1734 1112 1871 1213 dalbia
1901 1115 2066 1197 Ecelesie

277 1262 348 1315 nes
375 1232 478 1312 duos
506 1226 658 1317 solidos
685 1244 798 1309 terre
820 1229 982 1312 ibidem.
1011 1229 1189 1313 Ecclesie
1221 1227 1349 1327 dalbia
1391 1225 1601 1307 dimidium
1643 1224 1715 1307 sol.
1756 1241 1866 1306 terre
1896 1224 2068 1309 ·ibidem.·

278 1348 463 1427 Preterca
490 1338 636 1421 dilecte
665 1341 782 1421 exori
812 1368 897 1422 mee
924 1342 1145 1425 holmfridi.
1173 1368 1291 1423 roam
1321 1364 1494 1421 marcam
1512 1355 1620 1417 terre
1634 1338 1921 1447 patrimonium
1932 1345 2065 1422 meum

272 1459 320 1555 ¹iu
345 1470 532 1536 rwetum.
560 1454 664 1532 Item
693 1450 748 1533 do
775 1452 853 1533 sibi
881 1450 932 1535 de
961 1455 1072 1535 curia
1110 1480 1234 1565 quam
1269 1449 1383 1533 dedit
1416 1449 1539 1531 michi
1574 1448 1701 1529 frater
1733 1447 1919 1546 karolus,
1951 1447 2066 1531 frater

277 1554 403 1678 patris
434 1565 507 1644 mei
539 1560 787 1644 medietatem
816 1572 996 1647 omnium
1031 1582 1231 1645 terrarum
1266 1568 1306 1642 dr
1340 1563 1518 1644 omnium
1556 1561 1766 1643 mobilium
1802 1560 1964 1643 ibidem.
1996 1559 2068 1641 Te·

195 1696 231 1775 x‘
277 1690 356 1759 stes
385 1677 499 1757 istius
527 1674 798 1756 ordinacionis
827 1704 912 1757 mae
940 1694 1144 1786 presentes
1186 1675 1353 1757 luerunt
1390 1672 1578 1761 dominus
1619 1688 1760 1782 ροωιι
1787 1669 1986 1755 rsacerdos
2021 1669 2067 1753 de

276 1816 359 1869 nes.
387 1787 672 1867 Dilectarxor
702 1814 786 1867 mea
815 1788 1053 1872 hulmlridis.
1081 1789 1211 1869 Mater
1238 1816 1310 1867 sua
1339 1786 1488 1882 cecilia,
1524 1784 1661 1865 Gener
1689 1812 1802 1872 meus
1829 1783 1900 1865 vll.
1933 1785 2065 1865 Frater

275 1900 441 1980 karolus
470 1896 664 1977 &frater
693 1898 750 1979 bo
775 1896 825 1979 de
852 1898 1037 1980 siktunia.
1069 1918 1166 2009 peto
1193 1902 1360 2004 iusuper
1388 1897 1593 1977 humiliter
1628 1894 1680 1976 ad
1718 1898 1909 1977 maiorem
1953 1895 2065 1975 huius

276 2010 373 2095 lacti
402 2008 648 2089 euideuciam
684 2009 813 2118 sigilla
855 2010 1142 2093 venerabilium
1184 2010 1453 2104 dominorum,
1497 2006 1683 2090 videlicet
1722 2008 1878 2090 domini
1921 2008 1996 2087 mei
2022 2010 2064 2086 .J.

217 2212 221 2221 ,
275 2122 341 2205 dei
371 2120 503 2227 gracia
533 2118 749 2227 upsalensis
777 2120 894 2201 electi
922 2150 969 2203 ac
1006 2124 1186 2232 capituli,
1222 2121 1387 2202 Domini
1423 2121 1558 2229 magui
1592 2122 1760 2216 Jonsun,
1802 2120 1968 2201 Domini
2000 2120 2064 2201 be·

237 2332 242 2340 .
275 2231 423 2313 nedicti
452 2230 584 2310 bosun
613 2234 907 2312 &conuentus
936 2232 1108 2315 fratrum
1152 2231 1451 2343 predicatorum
1492 2230 1666 2312 silrtonie
1709 2230 1963 2339 presentibus
2002 2229 2062 2309 lir-

273 2346 390 2424 miter
420 2342 583 2449 apponi.
612 2344 761 2423 Datum
791 2360 966 2424 rwetum
995 2373 1105 2426 auno
1132 2343 1287 2428 domioi
1316 2342 1464 2424 M‘CC‘
1495 2343 1765 2452 Nonagesimo
1794 2344 1928 2451 primo
1954 2340 2062 2421 XVll

272 2452 352 2535 kal·
380 2456 618 2643 Jumbiflilleo:
640 2564 698 2623 llto
722 2584 732 2625 r
760 2564 916 2647 Audelltlb
939 2566 1064 2649 michi
1086 2562 1236 2643 ⁸l⁸d⁰d²3
1257 2584 1288 2648 ²2
1308 2564 1339 2643 ³³
1360 2564 1381 2642 ‘l
1402 2562 1588 2642 bmf‘nu‘l
1609 2584 1767 2627 “mom
1787 2584 1877 2648 qm·

96 2978 99 2990 ·
282 2936 444 3062 1048.
556 3051 565 3066 Ι
775 2995 778 3000 ·
898 2974 1043 3082 1291
1096 2934 1160 3040 d.·
1200 2933 1268 3042 16
1315 2933 1427 3080 Maj.
1888 2934 2064 3084 Twcta.

164 3121 169 3138 ¹
333 3121 472 3226 ‘Crcrsra
494 3119 692 3183 Rtonwstos
712 3143 843 3184 corrasa
865 3123 1132 3185 testamentariam
1153 3121 1363 3184 fororduaode
1382 3141 1435 3184 om
1455 3123 1502 3184 siu
1521 3119 1745 3189 ellerlemnade
1765 3121 1928 3204 egendum.

1778 3236 1942 3306 &dha

345 3413 349 3432 ,
381 3337 432 3414 Jn
462 3335 622 3416 nomine
651 3336 777 3442 patris
805 3343 843 3418 a
871 3335 943 3416 nin
972 3341 1011 3416 a
1026 3335 1334 3444 sparnone
1353 3339 1492 3416 amen.
1522 3313 1788 3444 agoniam
1816 3329 2065 3420 sanamus

269 3469 411 3527 noriam
439 3441 489 3524 de
519 3446 597 3527 hoa
627 3475 778 3528 memor
808 3447 981 3529 humane
1011 3447 1307 3556 fragilitatis&
1342 3445 1454 3558 quod
1476 3450 1672 3531 terminus
1708 3451 1851 3532 mortis
1886 3450 2065 3532 omnibus

198 3616 200 3627 ,
268 3559 538 3654 sitiooertus,
569 3585 667 3637 sana
695 3576 829 3640 tamen
859 3565 898 3640 &
928 3560 1141 3640 incolumis
1167 3575 1449 3640 testamentum
1486 3589 1616 3639 meum
1652 3557 1703 3640 de
1739 3559 1862 3641 bouis
1897 3564 2063 3642 michia

134 3755 139 3772 ,
269 3669 348 3750 deo
378 3669 575 3749 concessis
604 3671 644 3748 in
676 3699 853 3760 meorum
891 3673 1162 3789 remissionem
1200 3689 1455 3780 peccatorum
1492 3670 1637 3753 ordino
1672 3675 1714 3754 in
1749 3673 1862 3754 huuc
1898 3673 2063 3754 modum.
2118 3714 2123 3724 ¹

271 3779 447 3860 Ecclesie
502 3782 702 3888 vpsalensi
753 3781 807 3864 do
855 3809 973 3862 ruam
1030 3811 1203 3862 ruarearu
1245 3783 1335 3863 den.
1379 3783 1590 3863 Fratribus
1630 3777 1955 3892 predicatoribus
1992 3781 2066 3866 sik·
2143 3821 2147 3834 ·

268 3893 379 3972 tonie
421 3893 529 4000 apud
580 3921 683 4002 quos
733 3893 839 4002 eligo
888 3893 1137 4002 sepulturam
1162 3977 1167 3986 ,
1189 3923 1257 3974 sex
1307 3921 1458 3975 marcas
1507 3893 1599 3974 deu.
1649 3895 1859 3977 Fratribus
1910 3899 2066 3977 minori·

269 4001 347 4082 bus
375 4003 527 4111 vpsalie
556 4032 674 4084 vnam
705 4033 880 4085 marcam
917 4005 1007 4086 den.
1046 4005 1252 4087 sororibus
1295 4023 1433 4087 sancte
1472 4007 1581 4085 clare
1625 4008 1666 4086 iu
1710 4007 1909 4088 stocholm
1952 4015 2094 4088 rnam-

137 4185 142 4196 .
248 4127 445 4194 ¹marcam
481 4100 574 4195 deu.
615 4115 791 4196 Ecclesia
821 4115 1074 4198 funbohered
1118 4115 1218 4198 duas
1259 4145 1413 4197 marcas
1453 4115 1546 4199 deo.
1586 4117 1766 4199 Ecclesie
1806 4117 2063 4226 othinshargb

133 4259 138 4272 ·
269 4223 371 4304 duas
393 4253 546 4309 marcas
574 4225 665 4306 den.
697 4227 896 4336 Hospitali
925 4229 1177 4310 infirmorum
1205 4227 1397 4335 eniltopie
1423 4227 1628 4310 dimidiam
1646 4259 1818 4310 marcam
1841 4230 1936 4312 deu.
1964 4234 2061 4311 Jtcrn
2148 4281 2149 4291 κ

269 4337 434 4414 ecclesie
464 4336 748 4417 nerthetuoum
779 4337 880 4420 duas
910 4369 1060 4422 marcas
1091 4339 1184 4420 den.
1212 4338 1310 4446 volo¹
1340 4358 1475 4419 autem
1511 4356 1555 4420 ut
1598 4337 1755 4422 denarii
1796 4345 1982 4451 superius
2022 4344 2061 4420 in

268 4461 509 4525 testamento
539 4473 627 4527 meo
657 4450 846 4559 assignati
876 4467 968 4530 ante
996 4480 1147 4530 annum
1176 4451 1348 4530 &diem
1381 4466 1472 4558 post
1486 4451 1642 4531 obitum
1661 4455 2063 4536 meumamaishere·

269 4553 388 4636 dibus
418 4557 547 4638 modis
576 4558 764 4642 omnibus
793 4561 1090 4669 persoluentor.
1123 4561 1194 4649 Sin
1223 4578 1358 4641 autem
1387 4579 1481 4641 aute
1516 4591 1667 4644 aunum
1704 4562 1908 4671 predictos
1944 4567 2060 4649 dena·

147 4765 151 4774 ,
266 4668 350 4747 rios
381 4665 548 4748 heredes
577 4671 653 4749 mei
683 4697 769 4750 uon
794 4671 990 4752 soluerint
1017 4671 1178 4778 assigno
1205 4673 1248 4750 in
1277 4668 1428 4772 rilrabir
1457 4674 1639 4785 quinque
1666 4673 1815 4756 solidos
1851 4671 1960 4764 terre
1989 4699 2063 4784 pro

266 4794 506 4859 testamento
535 4809 622 4860 meo
651 4781 862 4878 soluendo,
895 4781 1189 4864 distrahendos.
1218 4781 1359 4863 Testes
1394 4786 1512 4865 huius
1544 4783 1817 4867 ordinacionis
1852 4813 1951 4868 mee·
1975 4815 2062 4897 pre·

34 5005 37 5012 ¹
104 4869 107 4876 ¹
172 4938 175 4960 ι
266 4905 408 4976 sentes,
429 4891 594 4970 luerunt
622 4891 766 4975 fratres
804 4891 1075 5002 predicatores
1118 4895 1169 4975 de
1210 4894 1395 4994 simonia,
1439 4897 1562 4978 frater
1610 4896 1675 4996 bo,
1708 4904 1749 4980 8(
1775 4901 1901 4982 frater
1943 4899 2058 4980 karo·
2106 4931 2112 4939 ¹

266 4999 340 5081 lua.
371 5001 553 5083 dilectus·
570 5029 695 5113 gener
722 5033 834 5086 meus
864 5005 1122 5116 megbiuthor
1157 5013 1197 5090 &
1231 5007 1378 5092 dilecta
1401 4988 1496 5120 ‘lilia
1530 5007 1761 5092 hulmlridis
1795 5039 1840 5093 ac
1876 5008 2061 5092 sacerdos
