4317 5975
967 458 1030 513 .··“·
1140 440 1220 521 27²
1333 456 1389 525 ““,·

298 570 475 791 resp,
947 646 1090 792 1298
1133 645 1181 750 d.
1230 646 1300 750 23
1348 648 1476 791 Aug.
1920 648 2065 754 Arno.

278 910 281 921 Ι
368 828 622 975 ,lrlfflllislopgn
654 829 806 975 idUpsala
834 832 906 895 Nus
932 798 1099 895 Arnasmus
1120 831 1199 895 Brel
1220 851 1271 891 om
1306 830 1466 912 betalning
1488 831 1525 892 al
1542 827 1624 893 Hert
1650 830 1752 895 Johnu
1776 827 1892 911 Engels
1923 831 2012 895 skuld
2041 838 2072 896 al

450 933 676 997 Jemerysgo
700 936 722 974 s.
851 953 854 961 ·
1689 995 1910 1064 Mamo-
1976 1009 1980 1017 1

299 1108 302 1115 ’
395 1080 597 1163 Omnibus
625 1097 833 1191 presentes
862 1080 1017 1160 litteras
1045 1085 1310 1190 inspecturis,
1340 1084 1548 1162 Nicotaus
1577 1080 1837 1161 miseracione
1851 1080 1989 1162 diuina
2006 1087 2071 1162 Ar·

204 1246 208 1255 ·
288 1194 571 1301 chiepiscopus
603 1191 841 1300 vpsalensis‚
872 1192 1041 1272 salut'em
1072 1196 1112 1271 in
1141 1191 1307 1274 domino
1335 1195 1637 1301 sempiternam,
1674 1194 1870 1273 Constare
1898 1192 2071 1274 volumus

286 1306 503 1398 uniuersis,
535 1304 753 1382 Dominum
783 1302 1005 1383 iohannem
1036 1302 1188 1383 dictum
1219 1302 1406 1411 angelum
1435 1332 1484 1383 ex
1513 1300 1688 1411 quadam
1722 1300 1957 1411 prediorum
1987 1332 2071 1383 ven-

284 1416 449 1509 dicione
468 1441 608 1523 quam
647 1413 812 1494 fecerat
833 1411 1026 1519 Magistro
1055 1415 1218 1495 Andree
1258 1415 1502 1497 consobrino
1546 1442 1620 1494 suo
1667 1416 1878 1521 preposito
1921 1415 2071 1495 ecclesie

286 1541 427 1607 nostre
456 1522 676 1635 upsalensis
707 1524 823 1604 nobis
849 1527 1085 1633 assignasse,
1122 1526 1295 1607 Centum
1323 1527 1508 1634 Triginta
1539 1540 1621 1603 tres
1655 1525 1837 1605 marchas
1864 1552 1956 1605 cum
1983 1525 2071 1605 dua·

289 1640 368 1719 bus
397 1634 762 1731 o'ris'denariorum
793 1638 954 1715 monete
981 1664 1089 1715 nunc
1124 1640 1343 1734 currentis,
1379 1634 1569 1716 leuandas
1598 1641 1637 1714 &
1671 1633 1937 1743 recipiendas·
1959 1640 2071 1716 nomi·

289 1758 343 1829 n'e
363 1775 457 1842 suc,
487 1776 508 1825 a
530 1743 639 1826 dicto
653 1745 846 1855 Magistro
869 1747 1018 1828 andree
1039 1774 1111 1857 pre
1142 1750 1247 1829 osito
1269 1748 1319 1829 ad
1334 1746 1574 1828 soluendum
1591 1745 1906 1856 &quittandum
1928 1746 2069 1841 debita,

250 1910 253 1917 ι
292 1885 369 1969 pro
398 1857 547 1967 quibus
571 1855 951 1937 dominusKa'rolus
974 1776 1205 1968 Erlemlson
1238 1859 1342 1940 bone
1376 1860 1585 1953 memorie,
1621 1857 1828 1967 qnondam
1857 1858 2071 1939 Canonicus

175 2056 180 2073 ,
293 1970 457 2051 ecclesie
487 1985 622 2077 nostre
657 1968 873 2077 vpsalensis
902 1970 1064 2049 Curiam
1087 1986 1206 2049 'suam
1235 1967 1478 2068 hielmery'rth
1508 1972 1550 2049 in
1577 1970 1735 2066 vithbo,
1768 1996 1862 2048 cunr
1893 1967 2070 2050 molendi·

293 2110 366 2177 n0,
383 2079 566 2175 ¹colonis,
595 2104 641 2157 ac
669 2079 856 2161 omnibus
885 2080 970 2186 alijs
1000 2081 1176 2190 attincijs
1199 2078 1318 2160 dictis
1347 2080 1482 2175 bonis,
1511 2080 1763 2185 obligauerat
1796 2084 1838 2159 8(
1860 2082 2072 2187 assignaue·
2147 2163 2148 2174 ,

293 2211 375 2286 rat,
406 2207 527 2298 prout
555 2190 595 2269 in
626 2206 863 2270 testamento
893 2188 991 2269 dicti
1020 2192 1184 2271 Domini
1212 2190 1342 2272 karoli
1373 2188 1545 2274 lucidius
1583 2208 1712 2299 patet,
1748 2194 1925 2300 insuper
1952 2189 2070 2272 decem

293 2310 328 2384 a
360 2320 454 2383 octo
478 2299 661 2382 Marchas
688 2298 801 2397 den,
837 2328 937 2411 quas
967 2297 1096 2381 eidem
1127 2302 1291 2383 domino
1321 2302 1494 2382 iohanni
1523 2302 1667 2411 angelo
1694 2317 1882 2382 tenemur
1907 2304 2071 2385 similiter
2147 2359 2148 2362 a

225 2432 230 2441 '
294 2414 345 2494 ad
374 2414 621 2493 solucionem
650 2412 850 2495 dictorum
880 2409 1109 2492 debitorum
1139 2414 1368 2523 assignauit.
1434 2414 1589 2493 Horum
1627 2440 1726 2521 ergo
1758 2441 1916 2495 summa
1950 2440 2071 2493 ascen·
2147 2437 2148 2446 ¹

293 2523 354 2604 dit
381 2520 431 2602 ad
461 2524 631 2604 Centum
655 2524 960 2636 Quinquaginta
990 2519 1172 2604 marchas
1199 2554 1290 2605 cum
1318 2524 1455 2605 decem
1485 2528 1566 2605 oris
1594 2523 1685 2604 den.
1719 2524 1932 2607 nolumus
1963 2525 2071 2634 igitur
2147 2523 2148 2606 ᾗ

294 2651 339 2713 vt
365 2634 578 2714 taracione
605 2632 928 2742 supradictorum
957 2632 1156 2715 bonorum
1174 2635 1361 2717 videlicet
1376 2636 1496 2716 Curia
1513 2635 1755 2734 hielmers‘rth
1774 2662 1871 2717 cum
1892 2634 2070 2717 molendi-

294 2771 371 2840 no,
399 2744 569 2841 colonis,
599 2746 855 2825 &omnibus
883 2746 1110 2853 attinencijs
1137 2747 1226 2854 alijs
1256 2748 1373 2828 dictis
1401 2747 1541 2842 bonis,
1569 2744 1808 2828 fideliter&
1839 2748 2070 2855 integraliter
2146 2733 2148 2822 f

236 2958 244 2965 ι
285 2858 543 2969 ‘factmpars
570 2856 701 2966 aliqua
733 2855 783 2938 de
813 2857 868 2935 cis
897 2858 1099 2953 estimata,
1127 2845 1178 2938 acl
1205 2858 1383 2939 valorem
1411 2883 1563 2937 summe
1588 2856 1822 2970 supradicte
1883 2885 1971 2942 uam
2001 2858 2070 2938 sili·

294 2987 358 3050 eet
387 2986 541 3076 partem
579 2968 662 3079 ipse
698 2966 885 3049 dominus
902 2968 1107 3050 lohannes
1122 2968 1270 3078 eligere
1298 2966 1543 3065 decreuerit,
1572 2967 1623 3050 ad
1652 2972 1781 3078 ipsum
1807 2888 2070 3053 deleatdeue-

253 3085 254 3088 '
295 3082 405 3173 nire,
441 3079 609 3161 Prouiso
646 3079 929 3160 nichilominus
974 3078 1088 3190 quod
1124 3078 1303 3188 predicta
1340 3109 1433 3189 pars
1470 3081 1672 3160 bonorum
1708 3079 1959 3178 huiusmodi,
1993 3079 2070 3162 talis

294 3191 370 3272 sibi
406 3187 647 3300 deputetur,
682 3187 794 3298 qnod
831 3218 878 3269 eo
916 3217 995 3269 non
1033 3189 1240 3288 obstante,
1276 3195 1525 3273 remanencia
1571 3189 1679 3272 hona
1706 3191 1945 3274 ¹dummodo
1977 3190 2068 3300 jdem

295 3299 482 3382 dominus
519 3300 718 3410 johannes
752 3299 916 3407 angelus
953 3301 1089 3383 debita
1124 3330 1204 3411 que
1241 3319 1465 3398 remanent,
1505 3304 1608 3384 infra
1645 3301 1790 3383 lestum
1841 3321 2068 3414 pentecostes

296 3440 406 3491 nunc
435 3413 664 3520 proximum
693 3410 745 3490 de
773 3413 855 3491 suis
886 3413 1002 3492 bonis
1030 3415 1205 3527 propriis
1245 3441 1324 3492 non
1413 3413 1621 3509 rsoluerit,
1658 3413 1811 3524 absque
1850 3413 2068 3496 difficultate

295 3549 374 3632 pro
407 3538 543 3602 taxato
573 3523 709 3631 precio
725 3518 901 3615 distrahi,
929 3527 1087 3633 possint
1114 3544 1236 3634 atque
1266 3552 1340 3603 ven
1373 3528 1403 3618 i,
1432 3527 1481 3604 Jn
1512 3525 1659 3606 horum
1682 3544 1817 3606 autem
1845 3525 2069 3608 euidenciam

296 3632 537 3743 pleniorem,
566 3659 644 3713 vna
673 3661 763 3713 cum
792 3632 925 3740 sigillo
955 3652 1096 3718 nostro
1123 3635 1295 3742 sigillum
1324 3639 1540 3720 'cremorati
1576 3635 1728 3716 domini
1767 3637 1961 3718 iohannis
1993 3661 2068 3744 pre·

296 3744 476 3825 sentibus
505 3760 566 3824 est
594 3766 834 3855 appensum,
865 3746 1011 3825 Datum
1043 3746 1153 3855 apud
1182 3763 1285 3840 arno
1312 3773 1417 3827 anno
1446 3747 1599 3828 domini
1627 3747 1702 3829 Μ’.
1724 3748 1827 3830 CC‘.
1849 3745 2066 3832 xc·v111·.

296 3857 462 3938 Decimo
485 3855 576 3940 Kal.
606 3854 854 3963 septembris.

707 3995 884 4080 nlsigillet
907 3999 963 4060 Nm
990 4019 1000 4066 ι
1026 4007 1059 4059 tir
1081 4008 1126 4059 ett
1147 3999 1257 4088 stycle
1277 4019 1374 4088 qvar3
1395 4002 1453 4064 lito
1476 4021 1495 4062 a
1517 3999 1689 4068 bortlallet.
1813 4047 1818 4058 ,

235 4501 239 4509 ¹
309 4351 517 4488 1248.Ι
665 4302 672 4316 l
966 4363 1117 4506 1298
1164 4363 1213 4466 d.
1263 4363 1334 4468 23
1380 4362 1508 4510 Aug.
1932 4369 2066 4474 Arno.

378 4547 475 4622 louis
497 4543 616 4608 essars
637 4547 714 4610 Brel
732 4567 783 4610 om
806 4545 872 4609 dess
895 4545 965 4612 med
987 4545 1242 4633 lale-Biskopen
1264 4549 1358 4610 Nilei
1381 4546 1502 4634 Upsala
1523 4549 1632 4634 gjorde
1654 4550 1829 4637 jordabyte.

1394 4697 1399 4706 ·
1687 4667 1716 4721 B.
1736 4687 1760 4723 a.
1778 4669 1821 4726 52.

250 4727 277 4774 ⁷
404 4747 612 4828 Vniuersis
643 4768 844 4857 presentes
873 4749 1026 4828 litteras
1055 4749 1294 4856 inspecturis
1331 4751 1512 4832 loannes
1540 4749 1671 4832 dictus
1705 4776 1890 4836 Amoenus
1916 4754 2065 4835 salutern

294 4861 336 4939 in
365 4856 530 4939 domino
558 4863 840 4967 sempiternam
870 4860 1075 4940 Noueritis
1104 4887 1167 4949 me
1193 4888 1286 4942 cum
1316 4864 1542 4945 reuerendo
1571 4880 1707 4972 patre,
1735 4893 1782 4946 ac
1800 4865 2063 4953 dominomeo,

304 5015 306 5020 .
1903 4974 2019 5058 domi·
