4317 5975
959 387 1495 470 -526-‘

171 676 175 689 ,
267 650 357 703 curn
386 618 556 703 dimidio
583 619 712 702 teneri
736 602 982 722 obligatum,
1025 595 1179 694 adiecta
1221 607 1473 705 conditione,
1504 623 1549 688 ut
1577 604 1706 690 eidem
1734 608 1942 696 Laurentio
1964 645 2035 704 sen.

267 761 353 815 sum
383 731 538 814 dictum
566 731 737 812 Aflndh
768 729 973 808 annuatim
1017 753 1095 835 pro
1125 739 1240 835 parte
1286 720 1477 834 praedicta
1520 720 1708 804 conferre
1749 718 1909 804 debeam
1934 725 2038 816 donec

127 879 131 887 ’
268 848 441 954 pecunia
471 845 664 926 restiterit
693 839 944 954 integraliter
972 839 1118 918 soluta.
1168 838 1214 918 In
1246 835 1360 917 cuias
1380 833 1439 913 rei
1469 825 1721 917 Euidentiam
1751 833 1918 941 sigillum
1935 867 2038 924 menn
2099 877 2101 882 ’

203 937 214 952 “
269 957 533 1064 praesentibus
561 970 621 1036 est
649 981 870 1064 appensum
901 955 1051 1032 Datum
1081 954 1200 1031 Anao
1231 945 1395 1030 Domini
1425 943 1476 1025 Μ.
1505 945 1620 1029 CCC.
1651 945 1760 1028 VIII.
1790 947 1934 1051 Quarta
1962 951 2038 1036 leria

230 1093 239 1103 ’
271 1069 441 1148 Paschae.

655 1201 659 1206 ·
754 1173 883 1261 *sigillet
903 1173 978 1251 bar,
1004 1174 1103 1253 calist
1124 1171 1293 1255 ritaingen,
1317 1171 1399 1234 rar-it
1419 1166 1582 1232 otksdadt.

199 1639 203 1646 .
271 1536 437 1696 ¹1579.
882 1513 1041 1643 Ι1308
1089 1537 1137 1646 d.
1188 1575 1257 1644 22
1308 1535 1433 1684 Apr.
1557 1561 1560 1568 ’
1848 1533 2043 1646 Poitiers.

349 1761 470 1825 Pdlven
492 1759 628 1821 Casuras
648 1756 705 1820 Vas
727 1757 817 1820 Bulla
845 1758 892 1820 till
923 1757 1041 1842 Upsala
1070 1757 1270 1842 Domiapitel
1295 1755 1366 1820 med
1390 1753 1702 1838 ritttsnnagitvsnde,
1725 1767 1770 1818 att
1792 1755 1937 1843 Bislopen
1957 1761 1965 1820 i
1986 1761 2045 1826 We-

272 1943 276 1950 ¹
401 1844 497 1906 stetis
531 1844 597 1904 Nils
618 1843 723 1906 blilrit
744 1841 894 1906 urnsmud
915 1844 964 1904 till
986 1842 1177 1927 tristatos
1198 1847 1208 1904 l
1229 1841 1357 1927 Ulmum
1821 1921 1847 1974 Α
1877 1940 1886 1976 ι
1915 1927 1930 1978 b

161 2095 166 2103 ¹
268 2096 272 2102 ·
375 2062 567 2143 Casurus
596 2064 812 2171 episcopus
838 2085 980 2140 seruus
1006 2085 1220 2142 seruorum
1247 2057 1311 2141 dei
1343 2057 1508 2140 Dilectis
1529 2055 1620 2166 filijs
1652 2116 1661 2137 .
1691 2116 1700 2139 .
1727 2057 1919 2165 Capitulo
1943 2061 2044 2142 eccle·

264 2174 323 2254 sie
353 2173 584 2281 Vpsalensis
613 2171 789 2254 Salutem
818 2187 859 2252 et
892 2169 1153 2278 apostolicam
1185 2169 1518 2252 benedictionem.
1548 2171 1681 2273 Quam
1712 2169 1765 2247 sit
1792 2188 1934 2251 onusta
1964 2174 2046 2279 peri·

266 2284 368 2398 culis
395 2300 436 2366 et
469 2283 589 2392 plena
617 2277 843 2392 dispendijs
866 2282 1126 2364 ecclesiarum
1165 2282 1323 2392 prolixa
1365 2284 1525 2364 uacatio
1555 2304 1628 2360 nos
1656 2281 1729 2389 qui
1766 2279 1860 2361 licet
1888 2283 2046 2363 immeriti

109 2465 112 2476 .
151 2415 154 2418 “
263 2423 403 2476 sumus
444 2397 553 2476 Petri
594 2412 817 2489 successor,
845 2410 888 2474 et
916 2396 1090 2475 vicarius
1133 2394 1398 2476 Jhesucbristi
1425 2393 1638 2502 prepositi
1683 2392 1869 2499 regimini
1911 2397 2046 2474 uniuer

140 2507 152 2528 ”
263 2506 357 2616 salis
384 2505 570 2600 ecclesie,
599 2504 956 2589 decet‘attendcre
983 2503 1307 2587 consideratione
1336 2505 1528 2601 sollicita,
1565 2521 1612 2582 ut
1641 2531 1751 2584 nunc
1780 2531 1855 2613 per
1883 2503 2047 2614 simplicis

264 2619 509 2728 prouisionis
537 2616 713 2697 officium
743 2646 854 2698 nunc
880 2645 954 2727 per
983 2617 1246 2700 ministerium
1277 2619 1552 2698 translationis
1565 2613 1844 2713 accommode,
1877 2619 1967 2726 ipsis
1992 2647 2044 2698 ua·

159 2725 164 2740 '
263 2731 452 2811 cantibus
482 2747 663 2836 pastores
692 2727 1084 2838 accedantydcnei,
1120 2729 1197 2812 sub
1227 2755 1401 2839 quorum
1448 2729 1651 2840 regimine.
1672 2729 1898 2835 opitulante
1929 2730 2047 2811 diuino

262 2842 463 2948 suffragio
493 2843 761 2950 requiescant.
788 2841 891 2921 Sane
920 2859 1093 2922 uacante
1118 2839 1271 2923 dudum
1303 2835 1468 2922 ecelesia
1500 2857 1634 2922 nostra
1664 2840 1867 2948 upsalensi
1897 2841 2045 2950 perobi·

167 3020 171 3027 .
219 3026 224 3037 ,
264 2945 352 3034 turn
370 2954 477 3034 bone
506 2955 701 3033 memorie
726 2952 883 3040 Nicolai
900 2951 1204 3063 archiepiscopi
1234 2953 1467 3063 Vpsalensis
1497 2979 1570 3034 uos
1601 2953 1756 3032 uocatis
1782 2956 1966 3034 omnibus
1990 2956 2072 3065 quiv

264 3067 486 3147 uoluerunt
527 3064 759 3145 debuerunt
800 3082 841 3145 et
891 3065 1118 3175 potuerunt
1158 3064 1329 3147 comode
1372 3068 1564 3147 interesse
1608 3079 1653 3141 ut
1684 3066 1806 3143 moris
1834 3082 1893 3145 est
1920 3093 2045 3146 conue-

179 3184 194 3201 ’
242 3179 417 3258 'aientes
445 3178 487 3257 in
516 3204 664 3272 unum,
715 3204 792 3285 pro
837 3177 1125 3259 substitutione
1158 3177 1298 3257 ,futuri
1341 3178 1515 3286 pastoris
1544 3204 1592 3257 ac
1620 3173 1915 3272 deliberantes,
1947 3179 1990 3257 ad
2015 3176 2045 3257 id

263 3316 337 3397 per
367 3292 473 3369 uiam
502 3287 691 3396 scrutinij
721 3285 1037 3395 procedendum,
1066 3289 1331 3397 assumpsistis
1368 3286 1537 3369 dilectos
1573 3286 1678 3366 lilios
1718 3288 1951 3397 Magistrum
1980 3292 2045 3368 An·

214 3439 218 3446 ·
262 3399 401 3481 dream
436 3400 690 3507 Propositum
726 3399 908 3505 Oyarum
937 3398 1126 3505 Siggonis
1154 3416 1196 3481 et
1225 3399 1429 3480 Sunonem
1459 3398 1513 3481 de
1543 3397 1826 3479 Adellundum'
1852 3400 1902 3480 de
1930 3401 2044 3490 uobis,

179 3529 183 3538 '
262 3507 488 3617 fidediguos
517 3504 692 3587 eiusdem
722 3507 889 3589 ecclesie
918 3509 1164 3607 Canonicos,
1194 3514 1265 3620 qui
1294 3538 1364 3589 sua
1396 3513 1527 3619 primo
1557 3526 1597 3590 et
1626 3508 1772 3591 deinde
1817 3511 2043 3620 singulorum

126 3667 130 3676 ·
179 3621 182 3628 ’
261 3621 431 3703 aliorum
461 3633 689 3700 uestrorum
714 3636 806 3700 unta
836 3617 1053 3727 diligenter
1083 3622 1352 3730 inquirerent,
1382 3650 1512 3731 eaque
1534 3620 1714 3703 ‘fideliter
1742 3623 1784 3703 in
1817 3626 1973 3732 scriptis
1998 3650 2045 3704 re·

256 3730 377 3813 dacta
407 3730 663 3840 publicarent
692 3730 800 3811 illico
828 3731 870 3810 in
900 3734 1123 3827 communi,
1166 3734 1237 3841 qui
1280 3732 1509 3813 mandatum
1548 3730 1779 3815 huiusmodi
1826 3755 2045 3845 exequentes

260 3858 597 3952 comparuerunt,
625 3839 737 3951 quod
765 3861 846 3922 tam
876 3843 952 3951 ipsi
981 3871 1103 3953 quam
1134 3867 1208 3925 uos
1235 3843 1305 3951 aliJ'
1333 3845 1480 3952 singuli
1510 3846 1551 3924 in
1582 3844 1857 3927 venerabilem
1906 3850 2044 3929 fratrem

259 3972 444 4035 nostrum
473 3952 685 4034 Nicolaum
715 3954 960 4063 Episcopum
997 3952 1204 4063 quondam
1235 3956 1486 4047 Arosiensem
1517 3958 1558 4034 in
1589 3957 1947 4067 Archiepiscopunr
1977 3960 2043 4065 tp

121 4108 162 4151 ¹.
257 4066 451 4149 salensem
489 4063 671 4145 Electum
718 4083 816 4143 uoto
859 4065 1038 4157 unanimi
1082 4065 1350 4151 consensistis.
1409 4066 1462 4148 Et
1490 4064 1635 4147 deinde
1664 4068 1857 4177 Magister
1886 4070 2044 4155 Andreas

151 4252 154 4258 .
257 4178 492 4285 Prepositus
517 4192 778 4289 'memoratus
806 4178 894 4257 uice
916 4204 1010 4273 ‚aaa
1039 4196 1079 4257 et
1110 4178 1383 4287 predictorum
1429 4195 1778 4261 conscrutatorum
1826 4208 1982 4264 suorum
2007 4206 2044 4259 ac

215 4291 220 4297 ’
258 4288 428 4369 aliorum
459 4306 637 4367 uestrum
667 4290 846 4367 omnium
877 4285 927 4367 de
957 4304 1095 4368 uestro
1137 4316 1333 4370 consensu
1363 4306 1404 4369 ct
1433 4288 1645 4387 mandato,
1686 4290 1820 4400 ipsum
1854 4292 2041 4379 Nicolaum

147 4422 151 4429 ‘
258 4404 300 4481 in
328 4402 367 4478 V
371 4398 592 4508 psalensem
622 4397 983 4506 archiepiscopum
1013 4398 1247 4508 postulauit.
1275 4402 1370 4508 lpse
1401 4426 1499 4481 uero
1532 4404 1797 4509 postulationi
1837 4402 2042 4498 huiusmodi

113 4538 118 4549 ’
256 4538 340 4593 non
370 4513 643 4605 consentiens,
688 4508 1038 4609 Necdissentiens
1077 4527 1228 4593 statum
1256 4538 1373 4593 suum
1417 4512 1663 4612 ordinationi
1694 4514 1801 4597 sedis
1845 4517 2041 4623 apostolice

256 4622 437 4706 totaliter
466 4624 507 4701 in
539 4623 613 4702 lrac
645 4637 760 4729 parte
786 4622 984 4721 submisit.
1013 4626 1249 4712 presentato
1276 4624 1414 4733 itaque
1450 4624 1567 4717 nobis
1588 4653 1670 4734 per
1706 4644 2039 4737 procuratores

256 4736 421 4818 nuntios
450 4753 606 4818 uestros
646 4732 937 4842 ,postulationis
964 4735 1150 4833 iamdicta
1178 4732 1342 4837 decreto
1374 4734 1461 4817 Nos.
1483 4738 1608 4847 ipsius
1652 4738 1935 4846 postulationis
1960 4764 2038 4819 era-

256 4846 516 4951 minationem
552 4844 700 4926 dilecto
727 4845 814 4942 lilio
833 4863 980 4945 nostro
1001 4847 1118 4947 ‚Luce
1155 4864 1309 4942 sancte,
1340 4848 1465 4944 Maris
1493 4854 1537 4932 ia
1565 4851 1931 4951 Vialatadiacono
1958 4851 2038 4931 Car·

255 4958 380 5041 dinali
397 4955 599 5070 duximus
627 4956 975 5057 committendam,
1002 4960 1074 5069 qui
1106 4982 1342 5069 processum
1364 4960 1471 5041 illius
1500 4964 1763 5061 examinans,
1794 4962 1907 5075 quod
1933 4986 2036 5069 super
