4317 5975
791 428 1207 537 ..57η-

42 750 48 762 ¹
92 646 290 732 heredum
335 661 590 743 nostrorum,
628 627 808 728 colonias
851 646 1138 757 infrascriptos,
1167 647 1354 731 videlicet
1384 643 1665 754 'baslistab'aem
1695 648 1907 734 bilistabar

91 759 268 867 norbby.
291 756 387 839 sitas
416 758 456 836 in
486 757 641 854 thorso,
670 773 710 837 et
739 755 841 836 duas
867 758 1045 856 colonias
1074 761 1114 842 in
1132 763 1350 858 asenomjn
1368 761 1557 869 parochia
1579 761 1906 870 biaergbsaetrum,
1937 833 1942 842 .

87 900 150 954 ac·
168 886 324 978 partem
360 866 592 974 prediorum
628 866 679 952 ad
711 896 784 947 uos
813 871 1105 975 pertinencium
1136 874 1177 952 in
1213 873 1358 954 louene
1400 899 1491 954 cum
1527 901 1626 978 agro
1656 875 1696 953 in
1727 872 1906 983 karlaeby

86 977 422 1093 quem-possedit
450 980 544 1087 gaesi
574 1008 666 1061 cum
694 979 881 1061 omnibus
923 981 1185 1089 pertinencijs
1213 984 1410 1065 dictarum
1436 984 1684 1065 coloniarum
1715 984 1819 1064 intra
1844 1011 1906 1066 sc·
2039 991 2042 998 “

90 1121 160 1202 pes
189 1109 230 1171 et
258 1111 390 1187 extra,
419 1091 495 1171 hac
523 1090 763 1172 co'ndieioue
791 1089 965 1187 adiecta,
993 1092 1106 1218 quod
1135 1091 1268 1174 dictus
1283 1092 1472 1177 dominus
1488 1095 1531 1176 ,Β
1575 1097 1823 1203 prepositus,
1841 1123 1905 1178 sa·

72 1205 263 1288 ,tisfaciet
305 1203 487 1312 haquino
515 1201 749 1282 aelisiuaeson
784 1230 859 1311 pro
889 1200 1040 1309 prediJs
1068 1197 1112 1285 in¹
1140 1202 1296 1284 barknu
1318 1232 1400 1322 que
1431 1205 1514 1310 ipse
1535 1235 1557 1285 a
1579 1205 1689 1288 dicto
1722 1204 1904 1316 haquino

88 1315 311 1412 reuocauit,
341 1313 429 1401 Hoc
456 1314 581 1393 eciam
605 1329 758 1407 cauto,
786 1312 898 1421 quod
921 1315 1151 1420 sepedictus
1167 1317 1398 1421 prepositus
1413 1315 1679 1398 alienacinnes
1701 1325 1905 1426 quascun-

85 1455 168 1538 que
197 1454 271 1535 per
299 1423 449 1506 dictum
476 1423 638 1504 fratrem
664 1439 849 1533 nostrum⁸
875 1423 1015 1520 lactas,
1046 1423 1266 1505 nullatinus
1282 1425 1521 1520 reuocabit,
1553 1430 1604 1508 ln
1619 1431 1904 1535 premissorum

86 1539 213 1650 igitur
256 1537 529 1618 testimouium
558 1551 600 1616 et
634 1534 885 1616 euidenciam
914 1534 1157 1644 pleniorem,
1198 1535 1327 1644 sigilla
1360 1553 1496 1617 nostra
1526 1539 1779 1644 presentibus
1806 1555 1903 1620 sunt

91 1676 282 1768 appensa.
721 1740 725 1746 ¹
1758 1679 1761 1684 ·

104 1779 160 1854 Ῥἅ
171 1789 369 1872 frasnidum·
390 1788 582 1874 composicio
604 1789 686 1851 facts
708 1789 787 1850 inter
812 1790 995 1870 magistrum
1017 1787 1215 1850 benedictum
1239 1786 1377 1870 johannis
1393 1801 1425 1851 et
1441 1809 1559 1852 sorores
1571 1789 1723 1853 benedicti
1736 1801 1879 1853 tunaeson.

625 1904 698 1967 Atta
719 1905 738 1966 3
760 1903 880 1986 sigillen
902 1905 1089 1982 bestialium
1112 1901 1269 1966 remsnrne
1290 1927 1377 1989 qrer.

107 2187 275 2375 162o.
372 2211 385 2220 ἀ
719 2270 861 2414 1309
908 2268 955 2373 d.
1006 2307 1075 2374 aa
1124 2265 1285 2415 April.
1407 2237 1420 2254 ’θ
1665 2265 1899 2393 ί[θοίιό.

173 2457 327 2539 Bislopen
349 2455 359 2515 i
382 2453 481 2515 Siara
502 2454 659 2516 Rarsous'
678 2457 773 2537 intyg,
796 2468 841 2517 att
868 2457 1047 2518 nuvarande
1075 2459 1283 2540 Domprostcn
1315 2458 1414 2536 Beogt
1435 2455 1516 2537 gjort
1542 2474 1579 2536 en
1603 2454 1705 2534 vtlnlig
1740 2455 1900 2515 diserent-

218 2538 389 2599 lrommelse
411 2538 480 2598 med
505 2539 588 2599 liirre
609 2540 936 2622 Domprostenbengt
956 2539 1129 2602 Tunessons
1151 2549 1265 2622 systrar
1299 2538 1468 2620 lngeborg,
1490 2537 1589 2599 Olevs
1617 2538 1678 2600 och
1707 2537 1824 2599 llelcne
1847 2557 1900 2599 om

217 2621 255 2681 de
277 2620 354 2700 gods
376 2621 517 2682 bemilde
539 2623 629 2682 deres
649 2621 765 2683 broder
786 2621 855 2684 lrdu
878 2624 1127 2708 Domprosteriet
1149 2623 1344 2704 lbrsliograt.
1465 2681 1469 2694 ,
1646 2701 1669 2754 Α
1698 2703 1713 2754 3
1742 2718 1763 2753 ι

101 2814 105 2824 ‘
200 2804 402 2884 Omnibus
432 2833 597 2911 presens
625 2802 818 2913 scriptum
840 2805 1109 2902 cernentibus,
1134 2805 1428 2887 Basnsnnnns
1458 2804 1522 2887 dci
1547 2807 1681 2912 gracia
1704 2803 1899 2884 scarensis

88 2917 335 3027 Episcopus,
363 2914 532 2997 salutem
563 2918 601 2997 in
633 2916 799 2997 domino
826 2917 1133 3025 sempiternam,
1165 2918 1318 2998 Notum
1348 2917 1512 2999 facimus
1542 2916 1755 3013 vniucrsis,
1773 2913 1899 3025 'quod

24 3034 30 3041 ’
91 3028 279 3135 magister
308 3024 543 3110 benedictus
572 3029 802 3138 prepositus
831 3030 1023 3109 scarensis
1051 3028 1096 3135 jn
1127 3030 1329 3137 presencia
1361 3045 1494 3111 nostra
1532 3024 1789 3123 constitutus,
1819 3026 1898 3106 ue-

89 3140 285 3247 cognonit
318 3154 358 3217 et
388 3139 577 3247 pupplice
621 3140 824 3221 fatebatur
860 3168 901 3220 se
945 3140 1082 3220 fecisse
1125 3169 1215 3219 cum
1261 3139 1466 3221 nobilibus
1508 3137 1748 3220 dominabus
1791 3137 1898 3245 jugi·

87 3248 475 3357 byrghe„olaua.et
504 3250 647 3331 helena
675 3250 883 3333 sororibus
911 3251 1065 3360 dominj
1096 3249 1296 3331 benedieti
1327 3268 1433 3330 tunae
1469 3280 1542 3331 son
1573 3250 1766 3357 prepositi
1801 3276 1898 3329 con·

87 3363 181 3443 dam
211 3355 405 3441 scarensis
433 3389 555 3469 super
584 3362 954 3471 permutacionibus
983 3378 1024 3441 et
1055 3360 1349 3443 donacionibus
1379 3360 1609 3468 prediorum
1641 3362 1929 3469 prepositure,

85 3472 261 3553 scarensi
291 3472 602 3579 pertinencium,
632 3501 705 3583 per
733 3476 864 3599 ipsum
895 3471 1101 3553 dominum
1133 3474 1187 3554 .B.
1217 3474 1381 3553 fratrem
1412 3475 1586 3579 ipsarum
1631 3476 1715 3552 sine
1758 3465 1918 3549 nostro‘

85 3585 189 3665 scitu
218 3599 259 3661 et
289 3610 450 3663 assensu
480 3583 614 3681 laetis,
643 3586 981 3693 composicionem
1012 3584 1260 3665 amicabilem
1282 3612 1355 3692 per
1374 3583 1482 3665 hunc
1504 3582 1677 3677 modum,
1700 3580 1898 3677 videlicet,

85 3692 199 3804 quod
229 3690 360 3771 dictus
389 3696 579 3800 magister
601 3697 660 3777 ‘.B.
691 3698 850 3789 nomine
880 3697 1155 3803 prepositure,
1200 3713 1241 3773 et
1269 3695 1417 3801 singuli
1446 3700 1504 3776 sui
1535 3690 1781 3775 successores
1829 3691 1898 3773 de·

61 3808 186 3887 ·bent
215 3802 362 3883 habere
391 3803 481 3911 jure
511 3822 708 3913 perpetuo
738 3805 937 3898 colonias,
967 3833 989 3883 a
1019 3831 1266 3912 quocunque
1295 3821 1335 3884 et
1363 3806 1702 3913 qualitercunque
1744 3819 1897 3909 emptas

84 3916 152 3995 vel
180 3914 446 4022 conquisitas,
475 3944 555 4024 que
591 3933 806 4025 sequntur,
844 3913 1030 3994 videlicet
1062 3914 1334 4010 haeslistadaer‚
1380 3915 1608 4008 bilisasar,
1652 3913 1826 4021 norbby,
1856 3930 1898 3993 et
1966 3997 1972 4009 ,

84 4026 187 4109 duas
215 4025 393 4105 colonias
422 4024 466 4133 jn
495 4053 655 4105 asenom
687 4029 727 4106 in
758 4025 949 4133 parocbia
995 4024 1329 4133 biaerghsaetrum,
1367 4042 1406 4104 et
1442 4027 1639 4107 coloniam
1680 4030 1719 4107 in
1753 4025 1897 4104 louene

82 4166 176 4220 cum
205 4162 324 4244 agro,
352 4164 470 4246 quem
501 4137 633 4217 dictus
660 4137 847 4218 domiuus
882 4136 937 4215 .B.
966 4150 1074 4214 tunae
1116 4164 1189 4215 son
1235 4138 1480 4244 preposituS,
1518 4138 1562 4243 jn
1592 4134 1771 4241 karlaeby
1799 4138 1897 4215 emit

81 4247 137 4329 de
166 4270 309 4353 gaasae,
339 4275 413 4327 nec
443 4274 525 4326 uon
562 4264 601 4329 et
630 4248 829 4328 coloniam
867 4246 1225 4327 inclittrubobom
1270 4276 1361 4327 cum
1404 4250 1591 4332 omnibus
1634 4248 1895 4355 pertinencijs

81 4358 338 4439 coloniarum
368 4359 657 4465 predictarum,
687 4361 792 4439 intra
822 4386 936 4467 sepes
964 4374 1005 4437 et
1034 4375 1168 4456 extra,
1202 4360 1275 4438 hac
1312 4359 1557 4462 condicione,
1585 4360 1753 4452 scilicet,
1783 4356 1896 4467 quod

82 4468 190 4551 idem
210 4470 396 4576 magister
425 4470 478 4550 .B.
509 4486 550 4551 et
578 4471 726 4577 singuli
756 4473 818 4550 s‘ui
848 4495 1108 4567 successores,
1137 4487 1247 4550 ratas
1276 4486 1315 4547 et
1344 4490 1475 4577 gratas
1505 4470 1651 4550 habere
1682 4469 1830 4550 debent
1853 4472 1894 4552 in

81 4599 349 4690 perpetuum,
389 4584 730 4688 permutaciones,
759 4580 1025 4674 donaciones,
1070 4610 1141 4660 seu
1179 4581 1446 4661 alienaciones
1494 4609 1760 4689 quascunque
1805 4610 1895 4687 pre-

81 4692 263 4785 diorum,
292 4718 365 4799 per
393 4691 545 4795 dictum
574 4689 781 4773 dominum
812 4692 864 4771 .B.
903 4692 1153 4798 prepositum
1184 4691 1500 4799 predecessorem
1532 4720 1646 4771 suum
1678 4694 1820 4787 lactas,
1850 4692 1895 4798 jn
2026 4726 2031 4747 ¹

80 4801 232 4911 alleruj
264 4818 305 4882 et
334 4812 522 4913 prestry'd
552 4804 614 4882 vel
645 4803 733 4911 alijs
777 4803 875 4881 locis
918 4802 1251 4912 quibuscunque,
1295 4804 1564 4883 llenunciauit
1607 4802 1774 4910 jusuper
1813 4832 1894 4888 me-

82 4930 266 4994 moratus
295 4912 484 5022 Magister
512 4914 565 4995 .Β.
595 4943 727 5031 nuncn
742 4914 993 5022 prepositus,
1032 4914 1191 4991 nomine
1229 4942 1302 4993 suo
1340 4933 1379 4994 ct
1407 4941 1677 4994 successorum
1710 4933 1894 5015 snorum,

81 5022 199 5132 omnj
227 5025 328 5131 juri,
356 5012 805 5134 quod'sibicompecijt
831 5024 875 5133 ju
906 5022 1070 5132 predijs,
1090 5026 1376 5135 ,touaetborpm
1405 5024 1734 5134 agrydaethorpe,
1764 5040 1804 5104 et
1834 5023 1896 5103 lu·
2013 5100 2018 5109 .
