4317 5975
842 436 1259 541 -273-,-

151 660 323 749 domino
352 657 406 741 N.
447 654 585 740 diuina
615 655 875 737 miseracione
903 657 1207 768 archiepiscopo
1241 657 1443 769 vpsalensi
1475 656 1681 769 quandam
1718 660 1951 768 prediorum
2072 706 2076 709 -
2118 680 2122 688 ·
2157 746 2159 753 A

151 771 499 885 permutacionem
528 764 667 849 fecisse
695 767 738 846 in
767 768 876 849 hunc
905 767 1089 867 modum,
1115 771 1260 851 habuit
1278 799 1327 852 n.
1373 798 1487 852 ame
1515 768 1622 851 idem
1650 768 1837 852 dominus
1873 786 1954 855 nie-
2093 786 2100 792 ’
2133 762 2156 797 ”

155 882 558 989 userchiepiscopus
600 882 642 959 in
687 877 927 986 saeringoum
963 881 1056 961 villa
1097 881 1320 989 biaergbum
1349 910 1494 962 nouem
1523 907 1616 961 oras
1643 908 1733 961 cum
1761 884 1802 962 X
1830 881 1954 965 densa

153 998 227 1079 riis
255 1012 383 1090 terre,
412 1020 504 1074 cum
533 988 726 1071 domibus
747 987 800 1070 ad
836 1018 898 1071 mc
935 994 1246 1099 pertinentibus
1271 989 1437 1088 ibidem,
1472 1020 1551 1100 pro
1579 992 1731 1102 quibus
1757 986 1854 1075 mihi
1882 988 1954 1076 de·

154 1108 220 1193 dit
253 1110 297 1188 in
325 1104 444 1213 garni
476 1098 615 1183 decem
643 1126 734 1180 oras
749 1116 856 1183 terre
885 1104 980 1183 etin
1015 1102 1177 1213 kysingi
1204 1101 1411 1185 dimidiam
1439 1102 1642 1183 marcham
1671 1104 1798 1201 terre,
1841 1096 1954 1214 jusu-
2021 1174 2026 1185 .

154 1238 233 1330 per
260 1213 419 1299 addidit
448 1214 542 1295 mibi
580 1208 870 1321 prodomibus
899 1224 942 1293 et'
980 1216 1264 1296 melioratione
1293 1212 1424 1322 predii
1465 1214 1613 1296 ibidem
1657 1216 1824 1323 triginta
1861 1236 1958 1298 octo·
1992 1291 1996 1295 ,
2059 1220 2065 1229 ’
2107 1252 2114 1259 ’

154 1330 341 1411 marchas
369 1325 507 1411 denar.
535 1339 695 1405 monete
721 1350 830 1406 nunc
867 1330 1089 1425 sumentis,
1118 1324 1171 1407 ad
1200 1324 1319 1407 huius
1351 1328 1477 1407 eciam
1518 1327 1832 1434 'permutationis
1867 1330 1954 1407 eui·
2016 1404 2019 1408 ,
2118 1350 2127 1359 ’

152 1443 260 1525 dens
291 1437 574 1519 testimonium
612 1433 810 1515 firmarios
837 1436 1048 1546 wlgariter
1077 1435 1209 1522 dictos
1235 1436 1336 1527 fasta
1366 1438 1408 1517 in
1436 1438 1640 1518 communi
1670 1432 1849 1544 pretorio
1886 1438 1954 1527 iae·

154 1556 368 1661 cingnum,
396 1548 524 1631 eidem
554 1546 719 1628 domino
748 1573 838 1629 meo
865 1548 1173 1659 archiepiscopo
1202 1547 1422 1629 secundum
1452 1568 1559 1629 terre
1588 1547 1695 1654 lege's
1719 1565 1760 1628 et
1784 1556 1956 1631 'consue-

155 1665 344 1747 tudinem
388 1657 655 1769 approbatam
698 1684 761 1738 mc
804 1670 1050 1767 recognosco
1096 1660 1251 1740 dedisse
1285 1660 1512 1739 laborum
1554 1653 1678 1767 igitur
1705 1658 1954 1739 euidenciam

156 1776 385 1887 pleniorem
412 1770 588 1879 sigilium
630 1796 760 1860 meum
789 1766 888 1850 duxi
917 1771 1173 1878 presentibus
1200 1767 1486 1878 'apponendum
1517 1766 1666 1849 Datum
1702 1767 1833 1878 apud·
1855 1787 1956 1873 arne

155 1894 284 1969 Anno
311 1882 464 1965 domini
493 1880 703 1964 Millesimo
719 1878 994 1964 ducentesimo
1023 1882 1129 1964 XC·.
1157 1896 1305 1962 octauo
1335 1880 1489 1962 decimo
1517 1874 1676 1961 kalend.
1706 1881 1956 1989 septembris.
2055 1978 2067 1987 ι

167 2292 332 2433 ¹²49.
539 2368 543 2377 .
770 2276 921 2413 12928
969 2272 1017 2377 d.
1067 2310 1137 2417 27
1187 2272 1314 2417 Aug.
1625 2248 2054 2418 -Linlsbpingsv

243 2494 397 2579 biskopen
426 2490 436 2553 i
463 2448 644 2575 binliiping
670 2489 753 2555 Lars
780 2492 835 2554 lits
862 2491 1047 2555 vidimatiou
1075 2491 1138 2556 och
1163 2490 1355 2555 sudmtetse
1376 2489 1418 2576 pt
1438 2488 1555 2574 mstop
1575 2489 1711 2552 Ilenriis
1731 2490 1814 2553 Bref.
1890 2575 1897 2584 .

1541 2602 1759 2672 Aban&

205 2703 209 2711 ’
271 2706 472 2790 Omnibus
501 2718 704 2813 presentes
745 2704 903 2787 litteras
917 2708 1160 2814 inspecturis
1188 2706 1448 2787 Lsunsucrus
1475 2699 1540 2784 dei
1569 2706 1704 2811 gracia
1735 2707 1959 2815 Episcopus

69 2824 74 2830 ’
156 2820 428 2928 Lincopensis
456 2815 623 2923 salutem
660 2816 701 2894 in
734 2812 901 2896 domino
938 2820 1234 2924 sempiternam-⁴
1251 2816 1458 2897 Noueritis
1485 2842 1560 2896 nos
1588 2816 1741 2896 litteras
1770 2845 1959 2896 reueren-

156 2932 208 3016 di
249 2932 374 3040 patris
429 2924 722 3037 predecessoris
764 2928 891 3008 nostri
919 2926 1073 3009 henrici
1113 2928 1180 3010 dei
1222 2930 1353 3038 gracia
1381 2925 1587 3038 quondam
1616 2926 1650 3006 E
1683 2928 1807 3035 iscopi
1833 2926 1957 3008 lineo·
2030 3015 2073 3020 Η

157 3045 296 3154 pensis
324 3036 469 3121 vidisse
504 3043 546 3120 in
575 3038 648 3118 hec
679 3035 800 3118 verba
844 3040 1051 3120 Vniuersis
1079 3044 1143 3121 &c
1171 3041 1223 3122 Se
1240 3039 1500 3148 soregdende
1530 3037 1609 3119 N.·o
1652 2956 1732 3120 iso
1749 3035 1816 3150 ‘*).
1874 3039 1959 3120 Nos

154 3155 287 3266 igitur
315 3151 614 3234 ordinacionem
642 3148 761 3229 huius
791 3153 1055 3232 &statutum
1085 3167 1215 3233 ratum
1246 3158 1284 3231 &
1314 3165 1473 3258 gratum
1503 3147 1711 3229 habentes.
1741 3152 1960 3259 auctorita·

152 3280 202 3347 te
231 3275 311 3376 qua
341 3264 547 3371 fungimur
576 3261 875 3357 confirmamus,
905 3259 953 3342 ad
985 3261 1173 3342 maiorem
1206 3265 1490 3371 premissorum
1519 3257 1765 3340 euidenciam
1797 3288 1960 3368 presen-
1989 3313 2009 3352 -,
2128 3293 2132 3300 ·

154 3397 221 3460 tes
251 3377 404 3458 litteras
442 3371 574 3480 sigillo
618 3387 757 3453 nostro
787 3375 982 3482 prepositi
1025 3378 1065 3454 8<
1108 3374 1275 3482 capituli
1306 3373 1566 3468 roborantes,
1600 3371 1746 3452 Datum
1784 3373 1959 3479 lincopie

154 3515 273 3572 anno
300 3486 453 3568 domini
482 3485 539 3568 Μ’
572 3483 659 3564 CC·
689 3482 780 3564 XC⁰
812 3483 910 3564 VIII
940 3500 1055 3566 sexto
1085 3483 1161 3566 kal.
1190 3483 1436 3594 septembris.
1558 3599 1563 3606 Ι
2067 3499 2091 3511 ·-

893 3624 1024 3707 Sigillen
1045 3625 1230 3688 bortinllna.

165 3891 335 4005 1250.
451 3821 464 3834 ’
747 3886 896 4030 1298
944 3887 992 3993 a.
1027 3903 1110 3993 as
1159 3887 1299 4034 sepa.
1390 3935 1398 3944 -
1515 3883 1961 4031 :saaenspap

247 4073 450 4140 svmrrrorr
471 4071 647 4136 Knorssons
668 4071 907 4174 Gdsrobrefpd
931 4072 1094 4156 Herbethy
1121 4072 1198 4155 gods
1221 4073 1270 4134 till
1292 4074 1406 4137 Wreta
1426 4068 1552 4133 kloster.

1605 4150 1641 4204 Δ.
1658 4153 1682 4206 3.
1701 4157 1720 4206 l.
1740 4171 1761 4206 ι.

275 4255 477 4352 Omnibus
502 4254 642 4364 christi
671 4251 859 4334 fidelibus
887 4257 1259 4363 presensscriptum
1276 4254 1422 4335 visuris
1439 4251 1499 4331 vel
1524 4249 1734 4332 audituris.
1763 4248 1960 4330 Swauru·
2011 4279 2014 4282 ’
2117 4236 2120 4243 ’

155 4391 269 4452 rota
309 4390 461 4454 nauum
488 4364 602 4447 ducis
637 4363 845 4475 quondam
872 4365 989 4446 filius.
1032 4363 1206 4446 Salutem
1247 4366 1290 4446 in
1331 4361 1496 4444 domino
1522 4363 1816 4471 sempiternam.
1845 4359 1960 4464 Quo·

153 4481 270 4562 niam
292 4480 403 4560 rarii
443 4493 538 4559 sunt
574 4473 750 4558 humane
793 4471 1022 4584 fragilitatis
1066 4493 1248 4558 euentus.
1279 4482 1318 4555 &
1352 4502 1444 4556 cum
1481 4488 1609 4554 morte
1644 4472 1767 4552 nichil
1794 4473 1959 4552 cercius.
2061 4460 2064 4481 ³

202 4719 230 4797 *l
252 4716 334 4780 Med
354 4715 513 4798 fiiljande
543 4713 709 4778 olilrlretert
741 4715 801 4778 1111
824 4713 993 4778 tbiuonutn
1014 4747 1056 4762 -
1077 4749 1118 4763 -
1143 4749 1185 4766 ι-
1205 4716 1346 4801 expensis
1367 4713 1482 4794 singuli
1503 4711 1544 4773 de
1563 4708 1737 4794 collegioa
1766 4711 1961 4774 decimarum

248 4833 290 4848 ·-
312 4835 355 4848 —
375 4833 417 4846 -—
438 4801 494 4862 oct
516 4799 549 4862 st
571 4817 648 4860 vero
672 4800 853 4884 quempiam
875 4797 915 4861 de
937 4798 1069 4881 collegit
1091 4799 1200 4884 plures
1221 4799 1364 4862 ecclesias
1395 4794 1592 4880 parochiales
1619 4799 1650 4857 ln
1671 4803 1738 4882 ipsa
1761 4797 1961 4882 prepositure
2011 4801 2019 4815 ’
2119 4838 2126 4846 .

247 4885 410 4962 contingat
431 4882 628 4963 optinere-
647 4911 696 4942 -.

220 5059 227 5068 ι
300 4981 348 5034 sv.
364 4981 487 5053 oona.
505 4979 547 5036 ιι.
1211 4978 1223 4995 ‘
1562 5041 1566 5048 .
1723 4959 1763 5024 35
