4317 5975
2054 1 2102 33 ’Ἶ

970 401 1029 426 ..
1140 357 1220 446 608
1332 403 1389 426 ...

293 589 448 712 1663.
915 586 1062 696 1310
1105 588 1154 694 d
1202 588 1402 740 dApr.
1863 603 1866 610 ’
1939 600 2023 722 Hos,
2098 335 2102 612 i

360 777 551 862 Bertigorne
569 779 653 851 Eam
671 779 734 846 och
754 777 952 847 wanninc
972 775 1168 842 stadtsstelse
1189 779 1234 867 pt
1258 779 1349 844 ueras
1376 777 1472 861 ghiso
1491 777 1529 843 es
1546 775 1661 866 Ekeby
1681 781 1693 847 i
1713 779 1829 848 Nerike
1849 785 1893 848 till
1913 787 2023 868 meter.

402 884 445 948 ga
464 865 595 930 kloster.

1823 947 1859 1004 A.
1872 951 1895 1006 3.
1907 967 1930 1007 n.

245 1142 247 1145 ,
390 1055 599 1141 Vniuersis
628 1075 792 1163 presens
818 1049 1014 1158 scriptum
1040 1045 1299 1130 cernentibus
1333 1047 1480 1129 Enrcos
1508 1063 1572 1130 ‚et
1601 1071 1868 1136 ultramuros
1894 1056 1947 1138 dei
1962 1085 2027 1165 gra·

276 1175 341 1261 cia
369 1172 492 1256 duces
519 1191 750 1249 sweuorum
777 1159 943 1244 salutem
972 1159 1019 1268 jn
1048 1157 1213 1239 domino
1241 1160 1536 1266 sempiternam.
1566 1159 1668 1241 Cum
1696 1162 1877 1270 religiose
1897 1164 2029 1256 domine.

276 1301 344 1370 ‚et
372 1283 540 1365 honeste
568 1275 770 1360 abbatissa
799 1287 862 1354 .et.
890 1286 1118 1354 conuentus
1146 1269 1197 1350 de
1224 1269 1437 1379 risenberg
1464 1271 1546 1354 sint
1580 1274 1732 1354 curiam
1760 1274 1823 1355 de.
1859 1277 1976 1378 elohi.
1997 1283 2028 1390 jn

275 1395 428 1481 nericia
455 1419 548 1474 cum
577 1384 836 1499 pertinenciis
863 1411 912 1465 ex
947 1396 1085 1461 nostra
1114 1379 1390 1480 munificencia
1425 1398 1651 1464 consecute.
1690 1385 1936 1494 prohibemus
1965 1391 2029 1474 vni·

274 1509 404 1591 uersis
429 1521 471 1585 et
498 1500 666 1610 singulis
694 1523 743 1579 ne
771 1495 862 1605 quis
891 1507 1095 1602 presumat
1124 1519 1191 1572 eas
1219 1519 1341 1600 super
1369 1491 1508 1574 eadem
1540 1495 1652 1575 ouria
1679 1493 1861 1604 jndebite
1886 1501 2030 1584 molesta-

273 1617 334 1704 ress
368 1617 521 1726 siquis
549 1627 683 1691 autem
711 1603 928 1687 crediderit
955 1631 997 1682 se
1026 1600 1192 1712 aliquod
1229 1602 1291 1682 ius
1327 1603 1477 1684 habere
1511 1631 1635 1713 super
1677 1604 1784 1687 dicta
1828 1612 1931 1690 ouria
1966 1630 2030 1694 tota
2099 1639 2102 1760 q

272 1732 338 1811 vel
368 1729 454 1810 eius
481 1739 597 1833 parte
633 1735 773 1802 contra
811 1713 1014 1823 predictas
1056 1711 1240 1794 dominas
1281 1713 1521 1821 jntentandi.
1558 1713 1663 1824 jllud
1705 1717 1916 1800 seeundum
1953 1723 2033 1831 leges

272 1841 408 1952 patrie
437 1848 708 1945 prosequatur
737 1826 887 1908 nullam
916 1825 1155 1905 violenciam
1184 1823 1235 1906 de
1264 1823 1373 1907 facto
1401 1826 1549 1908 eisdem
1576 1825 1802 1934 inserendo.
1832 1851 1946 1938 prout
1981 1849 2031 1916 no·

273 1972 396 2035 stram
431 1945 755 2055 jndignacionem
783 1938 957 2021 voluerit
986 1937 1140 2016 euitare
1181 1938 1329 2018 Datum
1365 1937 1457 2020 Hof.
1486 1965 1594 2018 anno
1636 1935 1803 2022 domini.
1834 1943 1903 2026 Mt
1929 1945 2033 2027 000⁰.

180 2087 194 2106 ⁸
273 2061 579 2147 decimosexto
608 2053 708 2134 seria
737 2066 832 2132 ante
860 2048 1004 2130 festum
1031 2046 1141 2128 beati
1170 2045 1362 2155 ambrosij
1392 2049 1584 2157 episcopi.
2101 2087 2102 2092 Ν

727 2191 853 2278 sigillet
874 2191 917 2278 pt
935 2210 974 2254 en
994 2210 1036 2254 ur
1056 2188 1184 2252 brefvet
1203 2188 1311 2276 klippt
1331 2186 1450 2272 mmm,
1471 2189 1616 2256 skadsdt.

284 2465 446 2595 1664.
906 2455 1058 2562 1310
1104 2445 1166 2560 d(
1209 2454 1276 2561 18
1322 2453 1449 2603 Apr.
1869 2457 2035 2570 Malmn

352 2652 511 2736 Biskopen
530 2647 716 2714 suscense
736 2649 748 2711 i
768 2645 940 2727 Strengntts
961 2643 1155 2705 stadffistelse
1176 2641 1221 2728 pb
1240 2642 1355 2706 Gamla
1386 2643 1508 2710 kloster
1538 2642 1602 2710 ocb
1629 2643 1790 2732 Helgarna
1816 2646 1932 2736 Kapell
1957 2651 2035 2716 mon

394 2735 500 2819 μὴ
522 2754 659 2796 aunem
680 2731 730 2794 tiu
751 2727 987 2811 wadinberga
1008 2727 1140 2789 kloster.
1809 2815 1848 2869 A·
1867 2814 1889 2868 3·
1906 2812 1931 2868 k·

381 2917 638 3000 Srrnssnnus
666 2915 732 2997 dei
760 2914 895 3023 gracia
923 2913 1139 3022 episcopus
1166 2911 1463 3020 strengenensis
1491 2911 1703 3022 Religiosis
1731 2930 1772 2997 et
1801 2915 1972 2999 honestis
1983 2913 2036 2999 du·

133 3118 138 3123 ,
268 3031 454 3113 minabus
482 3028 684 3109 abbatisse
712 3042 753 3107 et
779 3023 1150 3106 sanctimonialibus
1178 3024 1220 3104 in
1249 3040 1457 3115 corruentu
1486 3028 1633 3107 montis
1669 3028 1789 3109 beate
1823 3032 1979 3139 virginis
2000 3028 2036 3111 de

267 3170 341 3223 sua
369 3140 530 3249 dyocesi
558 3140 729 3219 salntem
757 3138 802 3216 in
831 3134 998 3217 domino
1025 3138 1308 3243 sempiternam
1339 3138 1399 3217 Ne
1436 3162 1558 3243 super
1601 3134 1765 3218 ecclesia
1804 3141 1849 3219 in
1891 3140 2037 3249 gembla·

267 3254 417 3346 closter
451 3276 574 3361 quam
614 3250 666 3328 ab
695 3248 876 3356 antiquis
903 3247 1154 3353 temporibus
1182 3246 1491 3327 conuentualem
1533 3244 1740 3328 eeclesiam
1782 3248 1976 3332 habuistis
2007 3267 2036 3333 et

266 3360 525 3473 postmodum
553 3364 594 3440 in
625 3358 789 3467 pacifica
831 3360 1079 3467 possessione
1117 3359 1299 3438 tenuistis
1337 3374 1377 3439 et
1410 3356 1541 3439 adhuc
1577 3358 1623 3439 in
1657 3362 1839 3466 presenti
1875 3363 2036 3472 optinetis

269 3493 311 3556 et
338 3474 540 3580 boelgarne
568 3471 720 3575 capella
746 3468 824 3565 sibi
853 3494 1010 3549 annexa
1039 3468 1155 3547 vobis
1184 3496 1205 3547 a
1236 3496 1442 3577 quoquam
1472 3470 1511 3546 in
1542 3484 1749 3575 posterum
1779 3476 1910 3579 possit
1936 3474 2037 3579 suspi-

269 3588 336 3665 cio
356 3583 541 3691 generari
569 3596 711 3659 tenore
740 3579 990 3685 presencium
1017 3580 1418 3661 constaresolumus
1447 3578 1658 3681 euidenter
1686 3582 1800 3691 quod
1822 3611 1896 3665 nos
1924 3584 2036 3666 habito

266 3722 392 3803 super
419 3694 497 3772 boo
524 3719 614 3771 cum
645 3688 856 3795 lidedignis
887 3704 1062 3769 tractatu
1093 3704 1134 3767 et
1163 3690 1429 3798 inquisicione
1457 3688 1641 3796 diligenti
1683 3694 1914 3775 inuenimus
1934 3695 2037 3803 jpsam

234 3805 473 3899 *eeclesiam
521 3800 830 3909 gamblaclpster
871 3830 961 3882 cum
1005 3796 1182 3907 predicta
1227 3800 1379 3909 capella
1421 3800 1498 3880 sibi
1540 3828 1695 3883 annexa
1737 3830 1833 3884 eum
1875 3804 2037 3887 omnibus

265 3944 402 3999 earum
435 3910 733 4021 parochialibus
761 3913 917 3994 iuribus
954 3910 1154 3989 fructibus
1182 3928 1221 3989 et
1251 3912 1511 4019 pertinenciis
1541 3916 1782 3993 monasterio
1815 3934 1948 3999 vestro
1979 3918 2036 3996 rite

264 4028 389 4109 foisse
417 4024 602 4105 collatam
632 4041 673 4104 et
699 4026 891 4103 canonice
920 4048 1118 4101 annexam
1148 4040 1239 4101 ante
1257 4022 1380 4101 multa
1403 4020 1483 4129 jam
1514 4038 1697 4131 tempora
1725 4042 1928 4109 retroacta
1944 4045 1979 4108 et
1990 4027 2033 4135 jta

261 4166 340 4249 per
366 4134 615 4217 venerabiles
645 4148 780 4241 patres
808 4131 992 4212 dominos
1020 4131 1227 4213 anundum
1257 4150 1297 4211 et
1327 4160 1487 4236 ysarum
1514 4132 1639 4213 felicis
1659 4136 1956 4220 recordacionis
1970 4140 2036 4246 epi·
2099 4146 2101 4237 l

139 4296 143 4302 ·
263 4274 407 4358 scopos
435 4266 738 4351 strengenenses
767 4243 1067 4351 predecessores
1097 4259 1256 4323 nostros
1283 4244 1545 4325 collusionem
1570 4262 1609 4324 et
1632 4250 1904 4330 annexionem
1924 4252 2037 4331 buius·

263 4362 372 4443 modi
402 4358 678 4438 confirmatam
709 4356 794 4435 Nos
823 4356 947 4462 igitur
978 4353 1249 4460 predictorum
1278 4354 1601 4461 predecessorum
1628 4363 1862 4459 nostrorum
1886 4362 2036 4469 vestigiis

263 4472 495 4552 inherentes
523 4466 868 4547 confirmacionem
911 4464 1172 4543 collacionem
1202 4482 1243 4545 et
1273 4467 1537 4546 annexionem
1579 4466 1832 4574 supradictas
1875 4501 1922 4553 ex
1958 4499 2035 4552 eon·

263 4610 381 4661 sensu
411 4578 578 4687 capituli
605 4576 734 4657 nostri
762 4594 959 4685 quantum
988 4576 1039 4656 de
1067 4575 1155 4655 iure
1190 4602 1399 4682 possumus
1434 4578 1708 4685 approbamus
1747 4585 1952 4691 perpetuis
1983 4608 2037 4661 ex·

260 4718 373 4774 nuno
402 4689 653 4797 temporibus
689 4690 970 4767 confirmamus
1004 4704 1044 4767 et
1082 4690 1289 4801 presentis.
1319 4688 1458 4795 scripti
1502 4692 1727 4795 patrocinio
1764 4694 2034 4775 communimus

259 4805 303 4914 j'n
340 4804 455 4884 coins
496 4801 766 4880 testimoninm
809 4798 985 4905 sigillum
1025 4814 1210 4882 nostrum
1250 4797 1505 4905 presentibus
1545 4816 1606 4881 est
1653 4810 1882 4909 appensum
1909 4808 2034 4887 Datum

261 4915 371 5028 apud
399 4912 604 4995 ecelesiam
633 4911 788 4990 malmae
815 4938 921 4990 anno
950 4910 1103 4989 domini
1132 4910 1192 4989 Μ0
1227 4909 1348 4990 CCC⁰
1377 4908 1533 4993 decimo
1561 4912 1604 4992 in
1634 4910 1770 5021 vigilia
1800 4916 1956 5023 pasche.

445 5054 570 5139 sigillet
591 5062 702 5117 nestun
723 5052 792 5116 helt
807 5052 876 5116 'och
898 5050 998 5114 hallet
1018 5052 1185 5117 bortfallet
1205 5054 1277 5117 frdn
1298 5052 1360 5118 den
1380 5074 1421 5117 ur
1440 5052 1568 5136 brefvet
1587 5054 1713 5143 klippts
1734 5076 1872 5122 nemean.
