4317 5975
858 242 1031 351 ''-
1140 288 1221 383 ms
1333 330 1422 363 -,

235 588 238 592 ,
279 511 390 626 quod
418 537 495 619 ego
523 530 565 594 et
592 511 790 591 Dominus
817 504 1015 590 Anundns
1043 506 1272 589 Bankasson
1309 507 1552 589 cameionem
1590 504 1894 593 molendinarum
1929 517 2027 607 Kosa.

81 670 86 686 ·
143 656 149 661 ⁵
221 653 249 680 ·-
281 646 377 733 torp
405 626 655 732 superiorem
683 622 836 716 iocum,
863 648 954 703 cum
985 619 1319 727 suis-attinentijs
1347 635 1388 699 et
1416 617 1547 701 dictus
1576 620 1771 701 Dominus
1797 624 2028 715 Anundusio·

280 736 469 829 seriorem
498 765 597 835 cum·
617 735 700 815 suis
728 730 950 837 attinentijs
992 747 1220 812 mutaturos
1265 747 1387 813 testes
1421 745 1519 811 sunt
1546 734 1619 841 qui
1647 730 1811 813 fuerunt
1850 764 1954 843 penes
1976 772 2032 829 no.

278 846 484 929 Haraldus
512 848 781 938 Munansson,
809 844 1006 925 Dominus
1034 842 1279 941 Hemnerus,
1311 843 1508 923 Dominus
1521 842 1755 951 Friditphus
1770 846 1945 929 Dominus
1967 852 2032 963 Sig·

243 1050 248 1059 ,
280 976 435 1055 wstus,
462 955 701 1068 Agmundus
727 955 866 1035 Garuli
895 954 1021 1051 filius,
1050 982 1125 1035 nec
1154 970 1299 1035 non‘et
1314 956 1438 1035 ceteri
1460 953 1602 1035 famuli
1630 956 1779 1050 nostri,
1807 974 1845 1037 et
1869 964 2034 1049 cencium

279 1073 342 1152 sui
373 1069 554 1166 suerunt,
582 1066 722 1177 etqui
752 1082 904 1146 secreta
934 1065 1182 1163 babuerunt,
1211 1094 1302 1147 mim
1332 1094 1419 1147 meo
1453 1066 1587 1171 sigillo
1616 1068 1778 1149 secretis
1804 1070 1879 1149 suis
1903 1100 2034 1159 mouns·

185 1259 193 1269 ,
280 1200 388 1263 runt.
416 1180 618 1289 Scriptum
647 1185 767 1260 Anno
795 1179 966 1258 Domini.
994 1177 1046 1259 M.
1077 1178 1190 1274 CCC.
1219 1180 1269 1258 V.
1298 1175 1473 1259 secunda
1501 1174 1566 1259 die
1594 1177 1786 1259 Eufemiae
1812 1180 1970 1289 virginis.

730 1320 856 1402 Sigilien
878 1318 986 1400 basra,
1007 1320 1104 1403 sniigt
1126 1320 1324 1403 techningcn,
1346 1318 1409 1381 siis
1431 1320 1511 1383 varii
1533 1320 1634 1387 bos-ta.

228 1649 461 1772 4432,
608 1635 614 1643 ⁴
880 1635 1018 1745 1305
1061 1638 1109 1743 d.
1158 1676 1228 1744 22
1277 1570 1416 1789 Sept.
1518 1558 1520 1563 Ι
1618 1616 1622 1627 ’
1716 1770 1719 1787 Ι
1910 1642 2040 1752 Luud.

364 1836 496 1942 Kouung
519 1861 617 1923 Eams
638 1861 647 1920 i
669 1856 828 1921 Dsnmarb
852 1860 1029 1923 Gbivobres
1047 1861 1095 1921 till
1118 1824 1222 1922 Lunds
1238 1858 1420 1943 Dnmkyrks
1443 1861 1483 1943 pt
1505 1858 1546 1922 60
1567 1861 1655 1923 mark
1674 1858 1934 1943 Skbnsksibrbgs
1949 1865 2040 1929 inion-

413 1958 492 2025 ster,
514 1946 560 2007 till
582 1966 619 2007 eu
641 1943 816 2027 prebenda,
848 1944 908 2005 och
930 1943 1038 2007 deriid
1060 1942 1195 2005 vsmnds
1222 1942 1342 2021 Kanik,
1365 1942 1459 2005 bvsrt
1478 1942 1870 2030 utptrnnanchonungcn
1883 1944 2039 2011 ib'rbebillca

1800 2054 1831 2113 B.
1851 2074 1872 2111 r:
1891 2074 1941 2113 raa.

392 2193 584 2275 Omnibus
627 2219 790 2301 presens
835 2194 1028 2300 scriptum
1071 2192 1329 2273 cernentibus
1373 2194 1522 2273 Enrcus
1570 2190 1636 2273 dei
1676 2194 1835 2301 gracia..
1876 2194 2043 2273 Danorun

257 2306 600 2414 Senonumque
629 2332 701 2383 rex
744 2303 919 2385 Salutem
941 2304 990 2391 jn
1025 2301 1190 2385 domino
1232 2309 1513 2413 sempiternam
1557 2301 1620 2383 Ad
1652 2321 1885 2413 perpetuam
1912 2305 2044 2385 reisue

283 2422 447 2498 moriam
476 2433 617 2497 tenore
647 2415 868 2495 litterarum
900 2416 1153 2522 presencium
1182 2414 1452 2523 significamus
1472 2414 1678 2496 vninersis.
1707 2412 1821 2526 quod
1850 2442 1920 2496 nos
1946 2432 2044 2496 atten-

283 2530 423 2611 dentes
452 2526 635 2608 sollieite.
664 2529 853 2635 quoniam
894 2553 1119 2605 mensuram
1162 2528 1308 2607 bonam
1338 2546 1378 2609 et
1406 2524 1629 2607 confertam
1673 2528 1715 2607 in
1744 2526 1875 2607 sinum
1903 2524 2043 2607 fidelium

198 2630 203 2639 ’
280 2668 445 2723 suorum
475 2665 551 2747 pro
580 2639 741 2747 pietatis
781 2636 975 2745 operibus
1018 2635 1260 2717 reddendam
1307 2640 1536 2745 promiserit
1564 2666 1636 2719 rex
1663 2638 1822 2719 celestis
1852 2634 1945 2718 Jdeo
1970 2639 2045 2719 circs

281 2748 619 2858 augmentandum
650 2747 779 2829 diuini
808 2748 963 2829 cultum
993 2750 1204 2857 ministerij
1235 2748 1425 2831 affectum
1455 2748 1659 2835 babentes.
1690 2766 1958 2859 sanctamque
1982 2750 2046 2829 lun·

189 2860 222 2969 J
269 2864 442 2945 densem
472 2860 676 2941 ecetesiam
707 2888 824 2967 quam
854 2861 1031 2941 omnium
1062 2860 1320 2941 ecclesiarum
1363 2861 1477 2969 regni
1520 2861 1649 2941 nostri
1679 2879 1805 2970 caput
1834 2888 1915 2941 esse
1942 2888 2050 2971 recog·

281 2976 483 3056 noscimus
511 2991 553 3055 et
581 2970 815 3078 magistrum
845 2971 983 3080 aliquo
1006 2972 1169 3079 speciali
1187 2972 1462 3055 munificencie
1478 2969 1755 3056 nostre'dono
1784 2973 1976 3054 honorare
1998 3000 2048 3053 vo·

210 3152 214 3160 .
281 3088 417 3167 lentes.
445 3101 573 3164 terras
602 3083 677 3163 LX
708 3110 933 3163 marearum
963 3083 1219 3178 denariorum
1254 3086 1455 3166 soanensis
1479 3103 1637 3166 monete
1667 3085 1709 3165 in
1739 3085 1886 3164 annuis
1913 3081 2049 3166 redditi·

279 3201 358 3279 bus
387 3197 594 3276 annuatim
626 3195 816 3273 valentes.
847 3223 937 3274 cum
972 3197 1080 3274 omni
1111 3197 1296 3277 libertate
1323 3213 1364 3275 et
1391 3195 1479 3303 jure
1509 3197 1633 3304 regio.
1659 3195 1777 3305 *quod
1795 3196 1910 3276 nobis
1936 3197 1972 3274 in
1998 3193 2049 3276 eis·

280 3309 370 3391 dem
398 3311 516 3388 terris
546 3321 588 3385 ct
615 3305 840 3393 cultoribus
869 3335 915 3386 ac
944 3305 1241 3387 habitatoribus
1270 3336 1408 3388 eorum
1437 3309 1631 3416 competit
1661 3307 1723 3388 vel
1753 3325 1974 3416 competere
1999 3334 2049 3416 po

280 3424 377 3500 terit
405 3421 446 3498 in
479 3417 662 3498 futurum
691 3415 817 3497 eidem
849 3414 1035 3496 lundensi
1066 3419 1241 3526 ecclesie.
1284 3418 1335 3499 ad
1366 3420 1559 3501 bonorem
1589 3417 1655 3500 dei
1684 3437 1725 3498 et
1753 3419 1865 3500 beati
1893 3415 2050 3522 laurencij

279 3531 454 3611 martiris
483 3531 580 3610 eius.
610 3546 805 3638 perpetua
836 3526 1063 3609 donacione
1092 3529 1344 3611 conferimus.
1390 3531 1446 3610 Vt
1473 3559 1524 3610 ex
1553 3527 1702 3610 eisdem
1731 3534 1852 3612 terris
1880 3547 1919 3616 et
1944 3553 2051 3610 corun

78 3653 83 3661 ’
205 3713 224 3752 .·
281 3643 560 3752 prouentibus.
589 3669 668 3719 vna
696 3638 746 3721 de
776 3667 885 3718 nouo
915 3640 1185 3722 constituatur
1229 3639 1433 3750 prebenda
1477 3643 1520 3722 in
1558 3641 1721 3722 ecclesia
1771 3660 1981 3722 memorata
2015 3637 2052 3716 Et

281 3751 393 3864 quod
425 3782 472 3836 ex
503 3750 694 3860 predictis
723 3749 960 3832 redditibus.
995 3751 1163 3860 triginta
1194 3779 1324 3832 marce
1353 3751 1405 3832 ad
1434 3779 1684 3836 communem
1714 3780 1893 3834 mensam
1920 3747 2051 3830 canoni·

281 3877 422 3945 corum
451 3865 611 3944 racione
637 3865 821 3943 canonici
850 3865 891 3942 in
923 3866 1009 3972 ipsa
1039 3860 1257 3970 prebenda.
1286 3860 1338 3943 ad
1368 3870 1712 3974 presentationem
1744 3882 1933 3946 nostram.
1959 3885 2052 3970 quan

280 3975 333 4058 dc
382 3977 601 4056 voluntate.
651 3976 916 4054 conniuencia
945 3993 985 4053 et
1013 4002 1209 4054 consensu
1253 4003 1443 4082 expresso
1484 3973 1725 4058 venerabilis
1766 3979 1893 4087 patris
1933 3967 2054 4053 domini

281 4091 415 4168 Jsarni
443 4085 649 4167 lundensis
678 4085 972 4196 archiepiscopi
1014 4101 1056 4165 et
1096 4085 1263 4194 capituli
1307 4085 1482 4167 eiusdem
1525 4087 1689 4168 ecclesie
1725 4089 1767 4168 in
1797 4085 1935 4192 eadem
1963 4081 2053 4164 nobis
2110 4140 2111 4143 η

281 4218 323 4281 et
351 4199 498 4279 nostris
526 4197 823 4278 suecessoribus
853 4195 1058 4304 perpetuis
1098 4197 1350 4306 temporibus
1378 4224 1627 4279 reseruemus
1658 4226 1734 4307 pro
1763 4217 1942 4308 tempore
1964 4192 2053 4275 'insti-

281 4313 360 4390 tuti
390 4338 460 4393 seu
489 4306 735 4389 instituendi.
765 4323 964 4416 perpetuo
993 4305 1243 4418 deputentur
1287 4309 1340 4388 Et
1367 4308 1572 4390 residuum
1616 4324 1759 4390 totum.
1790 4311 1844 4393 ad
1872 4335 1957 4390 vsus
1983 4327 2053 4386 suns

283 4420 390 4503 idem
419 4422 635 4501 canonicus
665 4419 792 4500 libere
822 4419 1019 4527 pereipiat
1047 4421 1306 4528 etdisponat
1333 4423 1384 4500 Jn
1417 4421 1532 4501 cuius
1562 4421 1619 4500 rei
1650 4421 1933 4503 testimonium.
1970 4412 2053 4520 sigil-

283 4533 364 4611 lum
397 4551 578 4614 nostrum
608 4532 859 4642 presentibus
888 4529 1077 4612 duximus
1121 4527 1409 4639 apponendum
1453 4534 1603 4612 Datum
1635 4529 1768 4614 lundis
1798 4556 1906 4612 anno
1932 4524 2053 4610 domini

283 4645 427 4725 MCCC
455 4645 601 4754 quinto
630 4645 679 4725 Jn
708 4645 883 4725 crastino
913 4641 1021 4722 beati
1051 4641 1195 4722 mathei
1225 4642 1399 4749 apostoli
1428 4658 1468 4722 et
1501 4643 1770 4753 ewangeliste.
1797 4648 1850 4724 Jn
1879 4637 2052 4751 presencia

283 4773 434 4838 nostra.

443 4863 655 4948 O‘fnerakn'fe:
676 4861 837 4926 Frndacio
858 4861 1017 4927 cuiusdam
1039 4858 1198 4945 prebende
1219 4861 1249 4920 in
1271 4860 1399 4924 ecclesia
1421 4861 1558 4925 lundensi
1580 4861 1619 4928 de
1640 4863 1710 4927 Lx·
1737 4863 1850 4928 marcis
1870 4881 1924 4950 per

952 4947 1120 5008 Dominum
1144 4943 1271 5008 Ericum
1293 4943 1419 5027 Regem.
1928 4963 1930 4968 ·
