4317 5975
248 596 536 693 constituimus
573 609 622 689 8(
664 603 896 691 ordinamus
936 600 1130 688 discretos
1169 604 1294 719 uiros
1331 602 1535 688 dominos.
1578 600 1814 713 Magistrum
1855 600 2057 689 nicolaum.
2153 646 2158 656 ,

135 798 141 819 ,
257 717 499 803 canonicum
527 723 568 800 &
595 714 864 800 benedictum.
892 734 1181 827 procuratores
1209 733 1370 799 nostros
1405 724 1446 799 &
1482 716 1653 807 nuncios
1689 712 1897 824 speciales,
1917 742 2054 826 quem·

133 852 138 867 ⁸
257 829 360 911 libet
387 856 528 912 eorum
554 831 596 910 in
623 827 799 909 solidum
829 831 884 912 ita
912 827 1026 939 quod
1055 855 1140 908 non
1167 829 1220 909 sit
1249 829 1393 911 melior
1420 827 1606 911 condicio
1621 826 1858 935 occupantis
1871 845 1931 908 set
1946 826 2055 937 quod
2150 830 2157 841 '

207 952 214 961 '
257 967 365 1023 unus
393 966 532 1022 eorum
560 942 756 1049 inceperit
784 940 888 1021 alter
915 940 1049 1021 ualeat
1077 968 1325 1023 consumare.
1352 941 1507 1023 dantes.
1536 946 1577 1021 &
1604 936 2056 1021 concedentes'eisdem

258 1051 592 1163 procuratoribus
621 1052 768 1134 nostris
795 1057 835 1133 8(
862 1052 1029 1132 cuilibet
1056 1078 1196 1133 eorum
1225 1054 1269 1132 in
1303 1050 1477 1134 solidum
1513 1050 1672 1160 plenam
1704 1055 1750 1130 8(
1783 1049 1951 1131 liberam
1986 1078 2059 1160 po·

173 1174 177 1181 “
258 1179 442 1249 testatem
469 1162 733 1244 submittendi
762 1190 836 1243 nos
877 1164 1309 1245 excommunicacionis
1343 1167 1548 1245 sentencie
1584 1189 1659 1271 per
1693 1159 1961 1243 reuerendum
1978 1190 2060 1272 pa·

260 1292 362 1355 trem
391 1272 601 1354 dominum
628 1272 878 1385 upsalensem
911 1274 954 1354 in
992 1303 1066 1355 nos
1106 1274 1271 1356 ferendo
1306 1302 1430 1385 super
1466 1273 1647 1355 articulis
1681 1271 1950 1383 infrascriptis
1984 1273 2059 1355 sal-

259 1386 322 1467 uis
351 1388 559 1467 tamenin
593 1382 780 1467 omnibus
807 1391 846 1466 8(
875 1384 1044 1492 singulis
1071 1388 1324 1468 consciencia
1355 1402 1490 1467 nostra
1518 1388 1607 1466 iure
1642 1400 1783 1467 nostro
1815 1387 1903 1466 iure
1936 1386 2061 1468 eccle·

258 1494 317 1581 sie
345 1514 495 1580 nostre.
524 1502 563 1579 8(
591 1495 745 1579 ordine.
774 1494 959 1577 videlicet
989 1496 1102 1607 quod
1117 1526 1328 1609 nunquam
1357 1501 1505 1579 erimus
1527 1513 1670 1578 eontra
1695 1523 1842 1602 regem.
1869 1524 1941 1577 seu
1970 1497 2059 1577 illu·

260 1624 363 1691 stres
394 1607 546 1689 liberos
573 1636 667 1689 suos
696 1636 851 1690 nocuus
879 1609 1067 1691 consiliis.
1110 1610 1278 1711 ausiliis·
1298 1609 1475 1719 publicis
1508 1614 1556 1691 8(
1603 1608 1784 1691 occultis.
1826 1624 1887 1687 set
1931 1610 2061 1716 ipsum
2146 1610 2151 1621 '

260 1718 469 1801 dominum
497 1736 680 1801 nostrum
709 1716 845 1831 regem
886 1724 927 1800 8(
968 1719 1133 1802 inolitos
1169 1720 1317 1803 liberos
1353 1722 1479 1831 ipsius
1515 1721 1756 1801 iuuabimus.
1771 1813 1775 1820 ,
1793 1725 1833 1800 8(
1869 1720 1926 1799 eis
1961 1738 2061 1801 asta·

261 1832 396 1915 bimus
419 1848 620 1960 quantum
647 1860 870 1942 possumus.
899 1831 1022 1913 saluis
1050 1833 1314 1914 consciencia.
1352 1835 1440 1913 iure
1477 1831 1643 1913 ecclesie
1675 1846 1813 1913 nostre
1841 1836 1883 1911 8(
1910 1830 2063 1920 ordine.

133 1989 140 1998 ·
263 1945 307 2025 in
336 1937 455 2022 licitrs
483 1946 523 2022 8(
552 1942 740 2027 honestis.
768 1947 873 2025 item
901 1940 1014 2054 qnod
1047 1971 1181 2055 neque
1209 1944 1351 2026 fratres
1378 1950 1541 2025 ¹nostros
1568 1971 1702 2054 neque
1731 1941 1832 2037 alios
1860 1942 2063 2133 cpuoslibet

263 2082 367 2166 quos
395 2054 577 2134 inimicos
605 2051 758 2135 domini
787 2057 892 2164 regis
920 2083 1032 2136 nunc
1060 2082 1145 2136 esse
1173 2057 1385 2137 noscimus.
1415 2083 1488 2136 sen
1516 2056 1749 2136 nouerimus
1783 2055 1826 2135 in
1887 2070 2063 2136 uturum.

263 2165 308 2247 in
336 2165 401 2247 sui
427 2164 694 2273 preindieium
722 2185 793 2247 aut
834 2167 949 2275 regni
992 2166 1292 2262 detrimentum,
1336 2166 1576 2249 fouebimus.
1619 2167 1793 2277 puplice.
1826 2163 1891 2245 vel
1920 2164 2063 2247 oculte.

263 2303 397 2387 neque
419 2275 744 2385 procurabimus
771 2307 843 2360 sen
879 2281 1090 2388 procurari
1111 2278 1319 2361 faciemus.
1349 2281 1435 2361 siue
1469 2278 1573 2360 infra
1610 2306 1783 2387 regnum
1817 2277 1904 2357 siue
1941 2296 2065 2360 extra.

189 2428 191 2436 ¹
266 2386 380 2501 quod
407 2384 631 2469 secundum
671 2391 936 2473 consienciam
979 2407 1172 2473 nostram
1200 2390 1467 2500 preindieium
1510 2408 1689 2500 prestare
1732 2391 1885 2497 poterit
1926 2390 2064 2499 regno.

162 2499 191 2535 ²
236 2526 337 2597 ‚seu
365 2499 474 2607 regie
502 2498 710 2585 maiestati.
738 2504 778 2583 8(
805 2502 838 2582 si
872 2503 1069 2587 ueraciter
1102 2504 1205 2595 scire
1233 2505 1455 2612 poterimus
1484 2502 1595 2584 aliud
1615 2502 1839 2611 apersonis
1854 2498 2066 2607 lidedignis

264 2609 379 2721 quod
407 2609 485 2717 ipsi
513 2608 679 2691 domino
708 2627 847 2694 nostro
875 2614 972 2723 rogi.
1000 2641 1072 2702 seu
1101 2615 1238 2707 liberis
1266 2616 1347 2702 suis
1375 2611 1601 2697 illustribus
1627 2612 1770 2694 obesse
1797 2612 1960 2722 poterit.
1989 2612 2067 2693 boc

238 2721 304 2841 ¹ei
344 2736 416 2800 aut
458 2720 578 2803 alicui
619 2721 911 2807 aduocatorum
960 2752 1127 2811 suorum
1170 2744 1294 2837 prout
1330 2727 1496 2815 utilitati
1537 2727 1665 2835 regni.
1706 2723 1928 2808 secundum
1970 2748 2068 2803 con·

234 2832 477 2951 ⁸scienciam
506 2848 685 2917 nostram
721 2836 912 2945 expedire
953 2837 1199 2929 orederimus
1240 2838 1471 2921 curabimus
1512 2837 1698 2921 intimare
1740 2864 1864 2946 quam
1906 2860 2067 2916 excom·

168 2970 172 2977 ·
265 2942 556 3026 municacionis
582 2947 825 3032 sentenciam
868 2968 1017 3039 extunc
1044 2952 1078 3031 si
1120 2967 1263 3034 contra
1295 2948 1507 3050 fecerimus
1548 2950 1810 3031 incurremus.
1853 2948 1996 3030 Ratun]
2027 2952 2069 3032 &

154 3111 163 3128 .
265 3053 426 3136 firmum
453 3055 633 3138 habituri
661 3057 863 3168 quidquid
891 3089 965 3168 per
1000 3059 1133 3144 dictos
1168 3077 1453 3168 procuratores
1489 3077 1651 3142 nostros
1687 3061 1754 3144 uel
1790 3062 1971 3170 ipsorum
2007 3057 2069 3138 al·

267 3181 400 3247 terum
428 3163 580 3244 factum
608 3164 802 3249 fueritin
832 3169 1033 3277 premissis
1062 3175 1103 3250 8(
1128 3170 1314 3282 quolibet
1341 3173 1626 3280 premissorum
1654 3173 1698 3254 in
1725 3173 1841 3254 euius
1868 3177 1930 3252 rei
1956 3171 2070 3252 testi·
2110 3266 2114 3271 p

163 3370 167 3382 1
267 3275 448 3358 monium
474 3272 651 3384 sigillum
679 3293 862 3360 nostrum
893 3279 1147 3390 presentibus
1174 3301 1233 3364 est
1253 3310 1475 3392 appensum
1503 3287 1653 3365 Datum
1677 3283 1924 3395 qualdinshn
1959 3309 2071 3368 anno

222 3429 225 3434 ·
269 3385 434 3472 domini.
462 3387 934 3480 M’.CC'.LXXX'VIII⁹
964 3390 1030 3474 die
1056 3396 1215 3474 ueneris
1242 3396 1427 3501 proxima
1455 3413 1547 3504 post
1577 3394 1725 3484 festum
1759 3397 1867 3478 boati
1903 3393 2067 3479 andree.

1050 3507 1170 3618 sigillet
1188 3534 1291 3600 finucs

178 3823 407 4047 ''9'8n
873 3902 1420 4018 '1288d10Dec
1650 3884 1697 4022 ⁵.
1842 3902 2075 4052 Sigtuna.

352 4119 512 4190 honnus
531 4117 660 4192 Enniam
681 4119 799 4186 Enosis
819 4121 937 4186 dotters
957 4125 1153 4189 Testamente
1175 4105 1213 4187 af
1228 4121 1405 4206 lasdgbetcr
1425 4122 1473 4184 till
1485 4121 1751 4205 Sigmnakloster,
1769 4135 1851 4188 saint
1871 4124 1920 4191 till
1941 4123 2076 4209 Kyrros

276 4257 278 4262 .
371 4243 375 4260 ·
404 4201 466 4271 osb
486 4204 604 4269 kloster
624 4205 806 4291 penningar,
827 4204 934 4268 hrilla
955 4209 1054 4272 slulle
1075 4210 1149 4292 nlgd
1171 4204 1209 4290 irs
1224 4209 1422 4290 Weongarn,
1443 4207 1611 4290 Tullgarn,
1633 4225 1674 4268 m.
1694 4230 1737 4270 m.

257 4489 259 4494 .
381 4427 435 4506 Jn
461 4425 625 4508 nomine
653 4427 780 4536 patris
807 4431 848 4516 &
875 4427 946 4524 filii
975 4433 1016 4514 8(
1048 4427 1215 4536 spiritus
1242 4427 1381 4525 sancti,
1411 4454 1539 4526 amen,
1567 4418 1678 4508 Cum¹
1697 4425 1891 4512 terminus
1926 4426 2075 4507 mortis

223 4541 237 4627 j
270 4535 425 4616 eunctis
454 4537 692 4619 mortalibus
720 4539 772 4618 sit
799 4540 988 4621 incertus.
1018 4544 1059 4621 8(
1090 4554 1258 4649 propter
1284 4541 1419 4622 varios
1448 4538 1624 4619 humane
1652 4536 1879 4646 fragilitatis
1893 4552 2074 4631 euentus
2151 4573 2157 4586 ·

179 4725 183 4736 ,
271 4663 471 4752 gestarum
495 4675 635 4729 rerum
663 4651 854 4730 memoria
883 4679 955 4759 per
991 4651 1242 4732 obliuionem
1284 4653 1365 4732 cito
1408 4649 1604 4734 dilabitur
1651 4651 1729 4731 nisi
1769 4675 1869 4729 voce
1902 4647 2075 4731 testium

259 4758 313 4836 8(
367 4757 591 4841 litterarum
618 4759 780 4870 indicijs
807 4762 1080 4870 confirmetur,
1108 4759 1269 4843 ideireo
1297 4791 1373 4872 ego
1399 4763 1624 4846 Rsenmms
1652 4763 1833 4842 earnm
1861 4758 2078 4873 quondam

270 4864 365 4968 filia,
392 4895 502 4954 nunc
531 4899 633 4956 vxor
654 4873 817 4957 Domini
845 4875 984 4985 Magni
1011 4874 1215 4986 Gregorij‚
1259 4873 1311 4956 ad
1352 4875 1647 4968 vniuersorum,
1675 4871 1835 4956 deduco
1875 4871 2076 4955 noticiam

1938 5007 2016 5096 per
