4317 5975
835 306 904 434 ’ν’
1006 351 1092 459 537
1204 397 1261 416 -

150 573 223 656 dat
251 571 452 656 fortitudo
480 591 521 657 et
550 600 622 683 per
649 573 828 666 bostium
843 578 1037 684 ,ipsorum
1063 573 1252 658 seniciam
1282 569 1431 656 eisdem
1459 575 1592 684 regnis
1635 575 1777 684 positis
1805 578 1847 662 in
1877 575 1948 658 de·
2028 577 2032 582 ’

31 711 36 719 ·
107 756 111 760 .
148 689 362 769 solacionis
390 687 591 768 excidium
620 683 756 772 fideles
785 688 863 796 ipsi
890 687 979 771 dire
1007 689 1148 770 mortis
1165 685 1335 786 suasibus
1362 703 1620 796 exponantur
1649 689 1732 768 vias
1752 681 1948 782 'strandoe
2012 705 2014 714 '

148 798 294 881 studiis
322 798 528 906 diligentis
554 796 830 905 indagacionis
858 799 1285 908 exquirimus‘quibus
1313 815 1420 878 terre
1442 798 1637 908 acregnis
1663 796 1949 908 eisdemopor·

9 928 13 974 ἱ
103 936 110 953 ’
148 912 239 992 tuni
270 939 429 992 manum
460 909 600 993 auxilii
642 909 851 1018 porrigere
881 910 1093 993 valcamus.
1151 911 1200 990 O.
1228 935 1350 1018 quarn
1379 937 1546 1016 grauem
1573 909 1850 992 confusionem
1889 939 1948 992 re·

9 1038 14 1083 ῑ
148 1025 301 1131 ciperet
328 1023 364 1102 si
390 1020 507 1131 quod
532 1020 633 1102 deus
660 1037 817 1102 auertat
844 1019 936 1114 talis
961 1047 1079 1101 casus
1104 1034 1326 1128 emergeret
1359 1036 1445 1116 tota
1482 1024 1622 1129 religio
1664 1021 1881 1116 christiana
1911 1023 1951 1102 O

10 1154 12 1196 ὲ
148 1161 270 1245 quarn
298 1132 569 1242 opprobriose
595 1130 851 1238 dispendium
880 1130 1149 1232 deformitatis
1162 1133 1387 1212 incurreret
1408 1135 1442 1212 si
1464 1161 1536 1240 per
1565 1134 1750 1242 ipsorum
1775 1133 1971 1217 bostium&

10 1266 12 1309 ὲ
148 1246 303 1328 rabiem
330 1243 599 1324 truculentam
628 1259 710 1324 tarn
734 1243 946 1338 ¹nobilibus
968 1242 1162 1324 ¹membris
1189 1268 1276 1322 eam
1305 1240 1417 1350 quod
1446 1243 1551 1326 absit
1578 1247 1951 1354 contigeretmuti·

10 1376 12 1423 1
150 1359 223 1438 lari
252 1356 354 1461 Quis
383 1356 584 1438 nimirum
609 1360 744 1463 posset
772 1358 828 1436 eis
856 1353 1128 1454 misericordie
1166 1353 1320 1435 viscera
1367 1352 1566 1457 claudere.
1607 1358 1699 1464 quis
1734 1353 1951 1463 denegabit

10 1490 12 1537 ὲ
149 1497 194 1550 ea
224 1467 317 1563 illis¹
337 1463 604 1574 preliantibus
646 1467 806 1573 aperire
839 1468 934 1576 quis
974 1494 997 1546 a
1038 1494 1081 1546 se
1108 1465 1175 1562 ¹sic
1203 1466 1395 1546 virtutem
1441 1466 1711 1560 misericordie
1754 1465 1952 1574 relegabit
2007 1479 2009 1500 ¹

148 1580 261 1690 quod
290 1604 415 1686 supra
441 1577 604 1658 turbam
633 1576 810 1658 fidelium
840 1574 1087 1673 eorumdem·
1107 1577 1324 1658 nesciuerit
1352 1577 1541 1658 misereri.
1593 1576 1804 1661 Credimus
1832 1579 1950 1661 nimi·

152 1719 243 1773 rum
265 1687 376 1799 quod
404 1717 495 1770 cum
525 1691 582 1772 eis
609 1689 661 1768 in.
681 1687 912 1771 huiusmodi
941 1688 1186 1786 necessitatis
1214 1685 1387 1770 articulo
1415 1687 1657 1776 subuenitur
1685 1706 1844 1795 gratum
1861 1690 1951 1785 ‚deo

150 1802 387 1885 sacrificium
416 1801 648 1882 immolatur
674 1801 827 1881 Verum
857 1799 1039 1890 leuantes
1053 1801 1095 1878 in
1112 1800 1282 1890 circuitu
1297 1797 1439 1879 oculos
1461 1817 1622 1894 nostros
1651 1817 1694 1880 vt
1725 1799 1951 1892 uideremus
2054 1875 2057 1882 ⁴

148 1916 183 1996 si
210 1940 315 2025 quos
343 1912 502 2020 pugiles
527 1929 568 1993 et
595 1913 629 1992 si
657 1939 763 2022 quos
789 1912 1057 2019 reperiremus
1098 1907 1268 2008 athletas
1310 1910 1463 1992 domini
1504 1910 1555 1994 ad
1596 1911 1746 1994 bellum
1787 1929 1976 2020 paratos.
2036 1980 2042 1986 .

152 2028 279 2136 ipsius
306 2021 466 2106 tandem
496 2020 548 2116 ad
575 2021 743 2105 dilectos
770 2022 875 2102 filios
902 2023 1135 2130 Magistrum
1164 2036 1206 2100 et
1234 2019 1377 2104 fratres
1406 2021 1616 2131 hospitalis
1652 2025 1781 2104 sancti
1808 2022 1951 2130 johan·

150 2141 211 2218 nis
239 2134 542 2218 ierosolimitani
571 2151 708 2214 nostre
738 2134 883 2214 mentis
923 2132 1175 2218 reflectentes
1217 2132 1410 2217 intuitum
1436 2149 1488 2228 et,
1505 2152 1715 2242 sperantes
1756 2134 1868 2244 quod
1897 2133 1951 2214 ad
2001 2189 2004 2202 ·

10 2290 11 2299 κ
149 2248 424 2330 defensionem
454 2265 561 2329 terre
589 2274 638 2326 ac
666 2247 1106 2353 regnorumupsorum
1142 2241 1342 2352 adquam
1372 2260 1466 2338 sunt
1494 2245 1721 2351 specialiter
1763 2244 1950 2354 deputati

10 2396 11 2441 ;
148 2359 379 2442 alliciantur
406 2384 455 2440 ex
484 2355 607 2441 corde
635 2373 677 2436 et
706 2385 782 2465 pro
811 2357 1054 2440 liberarioue
1095 2372 1204 2436 terre
1246 2356 1373 2462 ipsius
1414 2355 1466 2438 de
1505 2357 1689 2438 manibus
1731 2353 1974 2475 impiorum

10 2508 23 2580 '.
146 2473 291 2553 mortis
319 2469 496 2580 pericula
526 2495 609 2552 nou
638 2466 855 2557 formident
881 2484 1036 2572 certum
1065 2494 1137 2575 per
1166 2493 1235 2548 eos
1272 2467 1454 2574 equiturn
1485 2483 1525 2546 et
1555 2466 1736 2576 peditum
1777 2483 1951 2560 armato·

9 2621 13 2667 ε
148 2611 239 2666 rum
268 2583 491 2691 passagium
522 2581 635 2690 prius
662 2608 755 2664 cum
784 2581 914 2689 ipsius
939 2577 1148 2689 hospitalis
1176 2594 1218 2660 et
1247 2577 1386 2678 militie
1415 2577 1554 2686 templi
1585 2579 1785 2687 magistris
1812 2594 1976 2660 etma·.
2082 2638 2088 2650 ,

9 2736 13 2781 1
141 2693 304 2778 loribus
332 2694 639 2802 preceptoribus
679 2709 896 2801 antequam
937 2689 1045 2775 idem
1086 2691 1274 2799 magister
1315 2689 1439 2798 ipsius
1482 2689 1627 2780 milicie
1668 2706 1883 2799 caperetur
1911 2708 1952 2788 et
2042 2727 2046 2740 ·

148 2833 271 2917 quam
301 2804 486 2914 pluribus
514 2804 610 2886 aliis
625 2803 878 2886 secularibus
892 2805 1048 2912 magnis
1062 2820 1104 2886 et
1120 2800 1386 2913 prudentibus
1400 2799 1498 2884 viris
1511 2803 1584 2912 qui
1605 2818 1755 2884 statum
1782 2816 1823 2882 et
1852 2826 1949 2882 con·
1979 2881 1981 2888 Α

9 2982 14 3008 s
150 2919 351 3024 dicionem
379 2936 487 3001 terre
514 2945 562 2999 ac
589 2944 806 3025 regnorum
834 2919 1015 3027 ipsorum
1045 2915 1204 3033 plenius
1232 2917 1499 3023 cognouerint
1537 2912 1694 2997 diutina
1723 2920 1764 2999 et
1793 2931 1978 2997 matura:

10 3077 12 3123 ;
148 3030 444 3111 deliberacione
475 3029 688 3137 prehabita
719 3045 843 3138 prout
874 3032 978 3112 tanti
1006 3031 1162 3138 negocii
1191 3031 1370 3138 grauitas
1405 3027 1591 3137 exigebat
1632 3028 1854 3139 habitoque
1882 3053 1981 3109 su·›

11 3191 14 3204 ·
77 3146 81 3151 ’
150 3170 221 3247 per
249 3141 325 3221 hoc
354 3142 654 3222 karissimorum
683 3143 726 3221 in
754 3142 907 3222 christo
936 3142 1109 3223 frliornm
1139 3156 1370 3219 nostrorum
1387 3140 1500 3248 Cipri
1529 3155 1571 3221 et
1594 3140 1770 3221 armenie
1806 3166 1981 3247 regum!

9 3303 16 3348 ς
148 3254 365 3334 illustrium
415 3250 587 3361 pleniori
623 3250 741 3349 nobis
784 3280 857 3361 per
899 3256 1081 3359 ipsorum
1123 3250 1276 3331 litteras
1323 3248 1525 3333 destinato
1568 3267 1609 3333 et
1656 3244 1976 3359 subsequenter

9 3416 44 3463 i,
146 3364 321 3464 eiusdem
351 3364 458 3471 regis
484 3362 714 3448 francorum
743 3392 792 3446 ac
820 3366 1036 3448 nouissime
1073 3360 1243 3455 fratrum
1274 3378 1503 3448 nostrorum
1545 3362 1713 3445 consilio
1742 3362 1792 3443 ad
1822 3358 1951 3453 dictos

9 3545 13 3575 2
55 3561 95 3584 ·.
146 3504 237 3559 rum
264 3477 367 3582 cipri
395 3489 436 3554 et
464 3474 640 3568 armenie
678 3502 821 3581 regum
865 3475 1081 3561 instantem
1117 3475 1355 3567 instanciam
1383 3472 1462 3580 pr'o
1488 3472 1596 3553 illius
1625 3472 1771 3555 modici
1800 3471 1950 3555 residui

9 3646 14 3687 ‚
146 3588 259 3696 quod
289 3584 382 3667 lidei
407 3586 589 3694 predicte
615 3587 843 3693 cultoribus
871 3587 914 3665 in
942 3583 1081 3668 eadem
1111 3602 1220 3669 terra
1248 3586 1483 3679 remansisse
1512 3583 1736 3669 dinoscitur
1766 3613 1813 3666 ac
1841 3586 1950 3692 ipso·

147 3727 236 3779 rum
267 3714 374 3778 terre
402 3714 442 3777 et
471 3724 688 3804 regnorum
717 3694 951 3777 defensione
980 3722 1027 3777 ac
1055 3723 1194 3777 secura
1218 3694 1401 3781 custodia
1431 3696 1550 3777 etad
1580 3716 1949 3803 oportunaprcpa7

146 3806 275 3891 rande
303 3806 510 3889 obstacula
542 3807 705 3916 perfidis
734 3807 1039 3887 christianis‘ne
1068 3804 1255 3887 victualia
1275 3820 1325 3903 ¹et
1354 3833 1508 3887 merces
1548 3807 1774 3913 prohibitas
1802 3802 1949 3890 eisdem

104 3928 107 3933 ’
147 3922 332 4003 deferant
382 3920 600 4000 sarracenis
641 3934 684 3998 et
709 3944 944 3997 sarracenos
984 3918 1096 4025 ipsos
1138 3930 1261 4023 prout
1296 3915 1487 4021 possibile
1531 3915 1655 3997 fuerit
1697 3916 1950 4027 inpugnandi

10 4093 11 4100 a
145 4061 227 4113 non
258 4028 490 4127 dedecima
521 4028 584 4126 vel
614 4033 738 4136 partis
764 4026 984 4115 cuiuslibet
1010 4024 1369 4109 ecclesiasticorum
1399 4027 1650 4135 inposicione
1680 4028 1783 4109 facta
1813 4025 1949 4111 reddi·
2049 4024 2088 4093 ἶ

145 4164 259 4225 tuum
289 4139 361 4223 sed
387 4139 439 4222 de
468 4141 657 4221 thesauro
695 4156 831 4236 nostre
878 4164 1035 4222 camere
1055 4134 1241 4237 eiusdem
1285 4140 1389 4245 regis
1419 4137 1650 4221 francorum
1687 4138 1868 4221 affluenti
1896 4141 1948 4228 ad

146 4258 224 4337 hoc
254 4253 486 4363 pecuniario
514 4249 710 4334 adiuncto
736 4246 918 4331 subsidio
946 4251 989 4349 in
1020 4251 1206 4357 proximo
1232 4250 1384 4345 vernali
1400 4267 1582 4357 tempore
1612 4248 1864 4359 procidimus
1881 4278 1949 4329 or·

145 4363 365 4448 dicandum
394 4380 436 4447 et
478 4358 804 4472 prosequendum
835 4387 908 4471 per
937 4362 1045 4470 ipsos
1080 4360 1158 4443 deo
1195 4356 1298 4441 duce
1326 4386 1401 4469 per
1429 4364 1754 4472 quinquennium
1785 4377 1948 4469 sequtu-

145 4505 236 4557 rum
266 4503 340 4585 per
368 4474 447 4557 hoc
485 4474 611 4582 ipsius
647 4489 803 4554 camere
837 4471 1297 4554 attenuandoerarinm
1327 4490 1367 4553 et
1408 4474 1565 4555 semitas
1607 4472 1784 4583 quodam
1829 4471 1948 4553 modo
2051 4502 2052 4507 ¹

147 4605 290 4696 pontes
316 4605 356 4668 et
383 4588 468 4667 vias
495 4582 546 4666 ad
578 4580 683 4665 idem
711 4584 900 4692 generale
929 4585 1153 4692 passagium
1186 4582 1445 4691 preparando
1474 4586 1536 4669 Ex
1566 4612 1649 4695 quo
1663 4584 1827 4695 quidem
1860 4610 1948 4691 pas·

143 4701 256 4808 sagio
285 4696 361 4777 deo
388 4696 550 4780 fauente
579 4696 776 4802 therioris
804 4694 959 4777 fructus
988 4694 1135 4789 eisdem
1163 4710 1274 4775 terre
1303 4710 1344 4789 et
1373 4696 1509 4801 regnis
1532 4694 1742 4777 commoda
1773 4722 1949 4802 prouenf
2014 4773 2032 4793 ,
2151 4744 2152 4751 ¹

144 4830 236 4891 tura
266 4825 482 4917 sperantur
510 4836 631 4917 quam
661 4806 714 4909 de·
738 4805 890 4916 quouis
915 4810 1100 4915 passagio
1129 4809 1170 4903 in
1188 4806 1370 4912 ipsorum
1390 4822 1502 4897 terre
1531 4824 1570 4889 et
1598 4830 1817 4915 regnorum
1840 4805 1948 4885 lacto
1986 4867 1989 4875 .

143 4919 367 5005 subsidium
399 4922 635 5031 prouenerit
662 4946 686 4999 e
715 4918 848 5027 longis
876 4918 1129 5027 temporibus
1156 4916 1375 5027 retroactis¹
1401 4917 1463 4999 et
1492 4918 1587 5028 quia
1616 4916 1790 5001 fidelium
1817 4915 1960 5001 subet·
2072 4930 2077 4948 “
