4317 5975
681 341 1051 492 «flos
1160 427 1218 466 ····
1343 431 1347 438 ⁴

120 613 280 724 1665.
592 601 597 610 ’
748 613 1294 766 131od.2oAprss
1478 748 1482 760 Ι
1614 611 1907 766 Nylrbping'.

180 798 519 952 'affligem
534 797 1254 973 ἷξέἒέεὲὶοἲὴὲοξωιίἒζὲἒίἰὸιέςεσώῗὲξιὶγνὴ,
1273 803 1349 874 med
1377 803 1553 883 fe'ttihutt,
1574 812 1623 868 att
1653 802 1756 872 under
1785 806 1905 894 Bitkop

1608 971 1771 1041 Mela.
1855 1018 1859 1028 .

218 1070 420 1154 Omnibus
461 1086 685 1181 presentes*
707 1071 860 1153 litteras
910 1074 1153 1181 inspecturis
1203 1097 1487 1158 manusuetus
1530 1075 1593 1157 dei
1644 1077 1779 1183 gracia
1821 1072 1907 1155 dux

108 1209 311 1264 sweorum
338 1182 508 1265 salutem
536 1182 580 1264 in
607 1181 772 1264 domino
799 1185 1095 1292 sempiternam.
1153 1184 1267 1263 Licet
1298 1185 1460 1265 ecclesia
1501 1187 1745 1296 lincopensis
1782 1212 1906 1294 quam

109 1295 390 1406 progenitores
417 1294 547 1375 nostri
576 1292 750 1375 illustres
779 1292 1061 1376 fundauerant.
1091 1295 1295 1378 libertates
1323 1310 1364 1374 et
1394 1295 1603 1406 priuilegia
1630 1323 1790 1405 semper
1823 1295 1906 1376 huc

108 1433 236 1518 nsque
264 1405 463 1488 habuerat
490 1431 566 1485 nos
592 1422 728 1488 tamen
756 1407 882 1515 ipsam
913 1424 953 1488 et
980 1406 1071 1514 jura
1100 1433 1172 1486 sua
1203 1433 1293 1486 cum
1331 1408 1513 1514 personis
1548 1407 1706 1490 familiis
1734 1435 1782 1490 ec
1818 1407 1907 1487 aliis

109 1518 296 1600 omnibus
326 1517 377 1598 ad
406 1513 583 1598 eamdem
614 1517 913 1625 pertinentibus
950 1516 994 1597 in
1030 1533 1208 1598 nostram
1253 1520 1547 1626 proteccionem
1576 1536 1617 1600 et
1643 1518 1769 1598 tutele
1810 1543 1904 1626 gra·

107 1631 206 1711 eiam
236 1629 453 1738 recipimus
481 1628 708 1736 specialiter
737 1630 779 1709 in
807 1628 991 1708 absencia
1025 1626 1253 1710 Reuerendi
1292 1631 1419 1736 patris
1463 1629 1615 1711 domini
1657 1627 1788 1710 karoli
1821 1629 1907 1712 ibi·

108 1743 200 1823 dem
227 1769 338 1822 nunc
367 1740 546 1848 episcopi
574 1739 796 1821 offerentes
822 1767 897 1820 nos
929 1767 1007 1846 pro
1040 1743 1127 1848 ipsa
1156 1755 1197 1821 ct
1225 1737 1278 1819 ad
1295 1742 1417 1849 ipsam
1445 1741 1731 1850 spectantibus
1754 1735 1906 1852 quoad

111 1855 301 1962 premisse
329 1851 467 1930 omnia
491 1866 676 1960 paratum
699 1867 741 1930 et
763 1847 1027 1932 wluntarium
1056 1851 1327 1961 responsalem
1349 1853 1399 1931 Jn
1415 1855 1528 1934 cuius
1543 1854 1617 1935 Rei
1632 1851 1908 1933 testimonium

110 1962 285 2072 sigillum
312 1977 496 2044 nostrum
526 1961 781 2071 presentibus
808 1977 869 2043 est
900 1988 1124 2074 appensum
1153 1965 1303 2044 Datum
1332 1964 1502 2072 Nicopie
1538 1991 1647 2047 anno
1682 1961 1837 2048 domini
1864 1961 1907 2044 M

108 2075 210 2156 CCC
237 2075 310 2156 X0.
335 2073 516 2188 secunda
545 2073 610 2154 die
644 2075 802 2181 pasche.
1611 2121 1615 2126 -
1782 2097 1785 2104 ’

434 2215 462 2278 I
475 2215 637 2280 brttdden:
656 2215 883 2284 waldemarus
901 2211 968 2282 dux
988 2213 1118 2280 exhibet
1139 2235 1172 2278 se
1192 2215 1322 2280 ecclesie
1343 2217 1568 2307 responsalem.

120 2646 290 2758 1666.
748 2648 880 2756 1310
922 2647 972 2754 d.
1019 2648 1091 2756 26
1138 2650 1266 2798 Apr.
1690 2643 1906 2766 Wiksta.

185 2833 424 2921 btebnkopen
443 2835 516 2902 lius
535 2833 737 2902 umnam
755 2839 768 2900 i
787 2835 911 2923 Upssla
929 2835 1007 2902 bret
1028 2837 1072 2922 pd
1097 2838 1136 2916 do
1163 2838 1277 2922 dagam
1306 2835 1385 2901 aflet
1415 2837 1466 2901 lb'r
1498 2835 1690 2920 botgdrere,
1721 2855 1790 2902 som
1820 2837 1903 2900 vieta

227 2917 327 3003 dagar-
346 2919 465 2988 basah
482 2919 830 3021 Prediksrebr'o'dernas
848 2920 953 3008 kyrie
974 2921 987 2986 i
1006 2920 1151 3016 Sigtuna·
1651 3004 1676 3057 Α
1704 3002 1719 3055 3
1748 3018 1770 3059 a
1884 3012 1891 3015 ,
1968 3016 1974 3025 ,

218 3106 421 3189 Omnibus
464 3121 667 3215 presentes
709 3086 863 3189 litteras
901 3107 1172 3215 inspecturis,
1216 3106 1424 3187 Ntcouatts
1461 3102 1600 3185 diuina
1641 3098 1905 3187 miseracione
2020 3154 2032 3171 -
2097 3093 2102 3105 ¹

109 3219 448 3328 Archiepiscopus
476 3220 717 3327 upsalensis,
744 3220 916 3300 salutem
944 3219 987 3299 in
1015 3217 1181 3298 domino
1208 3219 1505 3325 sempiternam,
1534 3218 1739 3320 Quoniam
1767 3232 1814 3297 ut
1846 3218 1904 3298 ait

106 3330 332 3441 apostolus,
366 3332 518 3409 Omnes
550 3329 743 3410 stabimus
771 3346 863 3411 ante
891 3330 1071 3411 tribunal
1100 3329 1259 3426 christi,
1288 3330 1489 3435 recepturi
1518 3346 1640 3437 prout
1669 3332 1905 3437 incorpore

107 3444 298 3548 gessimus
320 3442 404 3521 sine
432 3440 584 3521 bonnm
612 3440 734 3522 fuerit
760 3443 846 3520 sine
874 3440 1035 3538 malum,
1064 3455 1229 3548 oportet
1258 3465 1331 3518 nos
1358 3436 1462 3518 diem
1494 3439 1697 3520 messionis
1725 3442 1913 3520 extreme

106 3550 377 3635 misericordie
407 3551 599 3661 operibus
627 3552 863 3659 preuenire,
891 3549 936 3659 jd
964 3578 1129 3661 quoque
1165 3551 1362 3632 seminare
1404 3550 1444 3630 in
1484 3554 1621 3646 terris,
1659 3548 1772 3661 quod
1814 3547 1906 3633 red·
2028 3586 2032 3592 ·

106 3665 227 3746 dente
256 3662 444 3758 domino,
481 3662 751 3771 multiplicato
801 3662 939 3742 fructu
981 3662 1217 3770 recolligere
1264 3660 1466 3741 valeamus
1509 3660 1550 3740 in
1593 3662 1722 3758 celis,
1750 3658 1906 3742 firmam

106 3804 240 3885 spem,
267 3773 536 3881 fiduciamque
572 3788 775 3867 tenentes,
816 3776 1007 3880 quoniam
1046 3773 1119 3879 qui
1160 3797 1280 3880 parce
1323 3773 1491 3851 seminet
1534 3797 1651 3876 parce
1680 3790 1721 3852 et
1762 3788 1903 3869 metet,
1954 3772 1956 3777 ’

107 3906 147 3968 et
175 3888 248 3998 qni
276 3886 445 3965 seminat
473 3886 514 3962 in
544 3880 899 3963 benediccionibus
927 3881 978 3962 de
1008 3879 1365 3963 benediccionibus
1393 3896 1434 3960 et
1469 3896 1591 3961 metet
1633 3883 1757 3962 vitam
1799 3901 1903 3962 eter-

107 4028 218 4094 nam,
246 3995 466 4105 Cupientes
494 3994 641 4101 J'gitur,
678 4011 725 4073 ut
755 3992 932 4075 Ecclesia
961 3991 1129 4073 fratrum
1173 3990 1326 4074 ordinis
1369 3988 1668 4100 predicatorum
1713 3993 1902 4087 simonie,

106 4109 371 4203 inhonorem
402 4106 576 4213 gloriose
606 4106 772 4211 virginis
800 4104 925 4184 Marie
960 4121 1190 4184 consecrata
1227 4104 1419 4209 congruis
1455 4102 1677 4183 honoribus
1714 4103 1904 4213 frequen-

107 4239 215 4301 tetur
245 4239 284 4300 et
312 4247 334 4299 a
363 4214 716 4304 christifidelibus
760 4216 908 4321 iugiter
947 4231 1162 4296 veneretur
1191 4215 1392 4295 Omnibus
1429 4242 1524 4293 vere
1560 4215 1836 4323 penitentibus
1864 4233 1904 4294 et
2020 4262 2030 4273 -

106 4332 315 4425 confessis,
345 4331 417 4438 qui
446 4325 496 4407 ad
525 4325 671 4406 dictam
702 4325 939 4420 Ecclesiam,
977 4324 1019 4433 J'n
1050 4326 1161 4405 festis
1197 4327 1312 4407 beate
1350 4324 1536 4431 virginis,
1559 4325 1786 4429 ¹uidelicet,
1829 4330 1904 4406 As-

104 4440 372 4549 sumptionis,
399 4438 762 4536 AnnunciacioniS,
790 4437 1025 4518 Natiuitatis
1054 4452 1095 4514 et
1124 4437 1442 4533 Purificacionis,
1470 4452 1510 4517 et
1540 4434 1650 4517 festis
1692 4437 1903 4522 beatorum

105 4556 214 4636 Petri
245 4566 346 4630 mart
376 4550 449 4648 ris,
484 4576 531 4630 ac
559 4547 749 4628 dominici
777 4563 817 4628 et
846 4548 1062 4657 Augustini
1092 4547 1383 4649 confessorum,
1412 4574 1485 4627 nec
1517 4574 1598 4627 non
1633 4562 1674 4626 et
1715 4548 1757 4627 in
1799 4548 1903 4628 cele-

106 4668 257 4766 britate
289 4580 558 4742 derlicacionis
587 4658 712 4765 ipsius
741 4658 924 4759 ecclesie,
953 4688 1000 4739 ac
1030 4658 1141 4739 festis
1170 4672 1322 4738 sancte
1347 4660 1485 4739 Crucis
1513 4644 1914 4755 videlicet,·Jnuen·'

106 4777 234 4859 cionis
261 4789 302 4853 et
331 4772 620 4865 Exaltacionis,
650 4798 767 4851 causa
796 4768 1031 4851 deuocionis
1067 4772 1322 4864 accesserint,
1364 4786 1405 4847 et
1445 4768 1734 4879 sollempnitati
1775 4771 1899 4852 deuo·

104 4891 222 4970 tione
250 4883 388 4967 debita
423 4883 699 4979 interfuerint,
734 4882 795 4961 De
831 4878 1120 4989 omnipotentis
1162 4876 1227 4960 dei
1270 4878 1564 4979 misericordia,
1604 4898 1646 4962 et
1690 4882 1930 4987 beatorumv

102 5000 213 5083 Petri
241 5016 282 5081 et
308 4994 423 5106 pauli
448 4995 726 5106 apostolorum
756 4992 862 5091 eius,
889 4993 1151 5106 auctoritate,
1191 5018 1239 5075 ac
1275 4988 1488 5079 beatorum
1521 4994 1754 5093 martirum,
1796 4995 1901 5077 Lau·
