4317 5975
840 387 1387 470 ,-'a18-

165 592 210 665 f
279 638 396 709 uere,
439 584 638 689 uniuersis
666 606 792 715 igitur
825 620 908 687 tam
945 608 1222 715 presentibus,
1258 634 1382 719 quarn
1415 603 1564 687 futuris
1597 594 1785 687 voluinus
1812 634 1896 690 esse
1922 592 2065 712 nolum,

279 725 391 836 quod
436 750 511 803 nos
552 716 850 799 considerantes
891 716 1099 800 honestam
1148 720 1294 817 vitam,
1347 734 1389 799 et
1431 717 1666 827 religionem
1709 718 1969 817 laudabilem,
2007 711 2112 806 cui‘.

279 853 477 948 quantum
520 856 693 939 cumque
722 825 773 910 de
816 828 1077 938 benignitatis
1111 832 1246 939 gracia
1287 828 1341 911 ad
1380 846 1540 937 tempus
1575 826 1841 931 effundimus,
1884 834 1978 941 ipsi,
2011 864 2093 917 rc··

277 948 487 1058 giregum
519 944 706 1025 omnium
729 940 985 1041 exhibemus,
1019 940 1070 1022 de
1099 945 1213 1024 cuius
1242 967 1404 1023 munere
1441 942 1615 1021 viuimns
1642 939 1834 1039 feliciter,
1866 958 1908 1024 et
1935 970 2067 1055 regua·

280 1086 387 1154 mus,
438 1054 488 1136 de
536 1052 789 1134 liberalitatis
831 1068 969 1133 nostre
1006 1056 1162 1159 gracia,
1224 1061 1263 1135 &
1306 1055 1456 1147 intuitu
1499 1053 1782 1133 retribucionis
1818 1070 1955 1135 eterne
2001 1058 2069 1139 Re·

278 1170 439 1276 ligiosas
482 1164 664 1247 dominas
715 1160 978 1262 abbatissam,
1020 1180 1232 1277 totumque
1272 1183 1519 1246 conuentum
1562 1162 1613 1243 de
1661 1180 1796 1245 monte
1847 1164 1964 1246 beate
2000 1171 2071 1249 vir·

277 1282 383 1390 ginis
427 1305 518 1359 cum
565 1274 755 1355 omuibus
796 1275 914 1357 bonis
942 1278 1118 1384 ipsarum
1150 1276 1387 1371 mobilibus,
1413 1282 1454 1357 8r
1482 1275 1775 1371 immobilibus,
1802 1275 1963 1373 villicis,
2002 1280 2071 1364 Co·

279 1394 403 1487 lonis,
431 1388 609 1477 familiis,
639 1391 681 1468 &
707 1390 889 1495 personis
927 1390 1067 1468 ceteris
1104 1390 1147 1468 in
1175 1388 1324 1470 eisdem
1361 1387 1480 1469 bonis
1518 1386 1874 1469 commorantibus·
1896 1387 1971 1467 sub
2006 1418 2070 1469 no

278 1520 361 1585 stre
404 1500 668 1609 protectionis
710 1496 928 1605 presidium
973 1501 1187 1608 recipimus
1227 1497 1419 1609 speciale,
1463 1497 1693 1580 Reddcntes
1729 1514 1966 1579 memoratas
2007 1499 2070 1581 do·

227 1644 232 1669 ¹
281 1616 427 1707 minas,
464 1638 555 1691 cum
599 1610 799 1690 uniuersis
844 1610 962 1690 bonis
1003 1616 1042 1690 8<
1085 1614 1266 1720 personis
1294 1611 1479 1721 superius
1506 1607 1643 1707 dictis,
1673 1609 1726 1691 ab
1754 1611 1942 1690 omnibus
1976 1611 2065 1717 juri·

279 1726 378 1820 bus,
414 1723 608 1802 &causis
639 1721 859 1827 regalibus,
900 1719 1175 1803 soluciouibus
1205 1722 1390 1805 videlicet
1417 1722 1698 1829 spannamale,
1735 1725 1775 1800 8r
1803 1720 2068 1802 ledhunxlam·

280 1864 365 1932 me,
394 1831 631 1939 aettaegyald,
663 1836 703 1910 &
731 1832 966 1939 skipwistis,
996 1861 1041 1913 ac
1069 1834 1396 1915 exhibicionibus
1422 1834 1734 1942 quibuscunque
1766 1834 1847 1912 iuri
1874 1851 2007 1916 nostro
2039 1840 2071 1915 8(

280 1946 435 2031 nomini
481 1942 627 2025 debitis
672 1942 818 2025 liberas
851 1946 1014 2052 penitus
1051 1949 1090 2022 δι
1118 1962 1342 2055 exemptas,
1369 1946 1403 2025 si
1441 1967 1537 2023 vero
1574 1941 1878 2050 expedicionem
1909 1962 2069 2026 nostram
2147 1985 2151 1998 ·

282 2056 524 2169 generaliter
553 2055 736 2149 euocari,
779 2081 851 2133 seu
880 2052 1075 2162 judicium
1107 2072 1287 2137 nostrum
1316 2054 1379 2135 vel
1415 2080 1566 2135 corone
1601 2056 1875 2163 juramentum
1904 2055 2072 2165 infringi,

282 2173 369 2252 siue
398 2168 522 2247 eciam
552 2162 772 2247 subsidium
803 2167 1044 2271 generaliter
1071 2196 1094 2247 a
1125 2184 1212 2250 toto
1246 2194 1375 2273 regno
1412 2167 1565 2275 requiri
1602 2168 1836 2275 contigerit,
1879 2166 1956 2274 jsta
1989 2169 2072 2276 ipsis

227 2314 234 2325 ·
283 2277 515 2362 nullatenus
545 2275 671 2357 libera
702 2275 927 2374 reddimus,
970 2274 1038 2358 sed
1068 2307 1114 2358 ea
1143 2278 1195 2361 ad
1224 2278 1524 2361 ordinacionem
1561 2293 1759 2372 nostram,
1802 2274 1923 2358 &ad
1951 2277 2070 2359 fiscum

284 2393 441 2501 regium
469 2387 698 2497 specialiter
726 2386 911 2469 volumus
948 2392 1151 2497 pertinere
1196 2390 1459 2499 prohibentes
1487 2390 1671 2484 firmiter,
1714 2394 1755 2468 ἃ
1783 2387 1981 2484 districte,
2021 2390 2105 2470 Ne'

190 2504 197 2517 ’
284 2504 376 2613 quis
404 2502 511 2609 ipsas
540 2514 683 2581 contra
713 2500 944 2608 premissam
973 2502 1204 2595 tuicionem,
1232 2507 1273 2583 8r
1301 2501 1527 2583 libertatem
1559 2516 1759 2596 nostram,
1787 2530 1890 2611 quas
1917 2500 2069 2581 eiscon·
2151 2586 2152 2596 ,

287 2610 487 2695 cedendas
517 2609 725 2709 duximus,
767 2612 811 2691 in
848 2612 970 2693 rebus
1007 2630 1077 2693 aut
1106 2614 1291 2721 personis
1318 2613 1371 2693 ali
1404 2611 1523 2695 uibus
1551 2614 1798 2720 prenotatis,
1842 2608 1986 2694 audeat
2010 2612 2071 2692 ali·

286 2740 485 2835 quatenus
513 2721 723 2803 molestare
760 2722 865 2804 sicut
900 2725 1074 2831 graciam
1119 2741 1298 2807 nostram
1342 2642 1473 2831 diligit
1517 2724 1776 2819 inoffensam,
1819 2752 1845 2803 a
1886 2739 2070 2805 structura
2151 2781 2152 2784 ,

286 2842 327 2916 &
355 2835 614 2941 reparacione
644 2835 807 2912 nauium
838 2834 1112 2943 expedicionis
1139 2854 1278 2919 nostre
1306 2836 1537 2937 nullatenus
1570 2839 1651 2915 sint
1685 2851 1894 2943 exempta,
1937 2836 2068 2915 Datum

285 2942 570 3058 Syfwiaesund,
587 2972 694 3024 anno
711 2943 875 3028 domini.
905 2946 1193 3046 M',CC⁸,XC⁰,
1220 2964 1356 3046 sexto,
1384 2950 1435 3030 lu
1461 2945 1526 3027 die
1550 2947 1677 3028 sancti
1693 2945 1889 3057 laurencij
1903 2946 2071 3030 Martiris.
2151 2971 2152 2980 ¹

1031 3089 1153 3170 Sigillrt
1174 3089 1343 3154 bortfallct.

162 3328 165 3350 ¹
301 3371 469 3514 ¹¹73·
738 3343 743 3352 ’
919 3367 1462 3516 1296d.13Aug.
1878 3363 2070 3515 Anagni.

374 3591 491 3652 Pdfveu
516 3589 694 3650 Bnruaorus
718 3585 817 3647 Vlllts
838 3587 915 3646 Bref
933 3587 977 3648 till
1000 3585 1228 3672 lrlebislopeu
1250 3589 1260 3647 i
1282 3588 1413 3671 Upsala‚
1435 3589 1653 3651 inueblllande
1675 3589 1867 3653 stadustetse
1889 3591 1926 3674 pt
1948 3591 2072 3652 Gottltu·

425 3676 586 3752 ninguines
609 3671 714 3731 hillills
735 3667 824 3749 ofltga
844 3677 903 3731 sart
924 3679 970 3730 att
992 3671 1068 3752 salja
1091 3672 1229 3749 Praeter,
1250 3673 1341 3754 jemla
1362 3674 1532 3754 befallniug
1556 3673 1602 3734 till
1620 3672 1851 3758 lrlebislopen
1867 3685 1913 3736 att
1924 3675 2011 3750 tiliae,
2030 3671 2074 3733 du

425 3755 529 3824 deuna
546 3753 691 3836 r·tltligbet
712 3752 780 3814 isle
802 3753 939 3814 lrlules.
1293 3771 1304 3782 ·
1712 3835 1747 3889 Δ.
1767 3856 1787 3891 ι·
1806 3838 1835 3891 d·
1854 3841 1896 3894 86·
1979 3816 1989 3833 ,

426 3971 670 4056 Romaanus
698 3969 910 4077 episcopus
937 3995 1077 4050 seruus
1105 3999 1313 4052 seruorum
1339 3971 1415 4054 dei.
1449 3971 1679 4054 Venerabili
1701 3972 1841 4055 fratri.
1859 3971 2072 4078 ‚Archiepi

144 4065 161 4153 s
253 4152 257 4168 .
293 4096 418 4192 scopo
447 4067 665 4192 vpsalcnsi,
705 4079 899 4175 Salutem,
934 4095 974 4160 et
1011 4082 1274 4188 apostolicam
1306 4084 1641 4166 benedictionem.
1698 4087 1823 4164 Justis
1851 4085 2072 4168 dilectorum

293 4189 466 4280 filiorum
497 4194 604 4273 Cleri
631 4211 670 4273 et
699 4195 984 4287 Patronorum,
1013 4195 1385 4301 Prepositurarum,
1414 4194 1595 4276 Plebium
1623 4211 1664 4274 et
1684 4195 1935 4278 ecclesiarum
1950 4189 2072 4274 insule

295 4304 514 4388 Gutlandie
543 4304 807 4412 Lincopensis
836 4299 1003 4382 diocesis
1039 4303 1402 4412 postulationibus,
1443 4323 1561 4411 grato
1596 4323 1883 4415 concurrentes
1910 4329 2082 4394 assensu„

296 4417 571 4500 rationabilem
603 4411 955 4507 consuetudinem,
999 4431 1039 4493 et
1067 4415 1263 4496 hactenus
1297 4417 1462 4523 pacifice
1499 4419 1773 4514 obseruatum,
1816 4447 1936 4528 quam
1980 4417 2072 4496 circa

296 4527 503 4637 eligendos
532 4543 573 4609 et
601 4521 867 4635 preficiendos
896 4525 1145 4632 Prepositos,
1188 4525 1478 4634 presentandos
1508 4527 1725 4625 Plebanos,
1762 4544 1802 4609 et
1831 4525 2072 4611 Rectores·in

257 4689 260 4698 ·
297 4641 585 4748 Preposituris,
629 4636 818 4721 Plebibus
854 4650 895 4714 et
931 4636 1109 4745 ecclesijs
1136 4663 1221 4716 non
1250 4638 1481 4746 Collegiatis
1509 4641 1647 4720 lnsrrle
1675 4639 1899 4721 Gutlandie
1924 4631 2075 4750 quando

285 4769 446 4833 ,uacant
473 4771 513 4830 se
541 4750 691 4831 habere
720 4761 974 4858 proponunt,
1003 4748 1108 4829 sicut
1135 4776 1223 4830 eam
1251 4749 1357 4830 iuste
1384 4777 1430 4832 ac
1457 4750 1622 4859 pacifice
1650 4752 1853 4849 obtinent,
1884 4753 2106 4832 eisaucto·x

296 4867 416 4944 ritate
445 4864 668 4943 litterarum
705 4875 934 4940 nostrarum
975 4854 1164 4942 duximus
1205 4859 1529 4943 confirmandam.
1587 4864 1809 4965 Quocirca,
1851 4851 2074 4943 fraternitati

298 4992 367 5058 tue
400 5003 473 5087 per
501 4973 720 5083 apostolica
749 4969 898 5079 scripta
928 4969 1182 5072 mandamus,
1209 4974 1402 5083 quatinus
1424 4973 1586 5064 Clerum
1601 4991 1642 5054 et
1656 4977 1854 5056 Patronus
1869 4973 2073 5085 predictos,
