4317 5975
930 394 1034 511 ¹-
1145 442 1227 538 aet
1318 480 1392 508 ·-·

282 668 419 763 rimus,
448 664 552 748 dicta
583 662 701 759 bona,
729 662 876 745 cedant
905 663 1009 772 proli
1038 665 1081 745 in
1112 665 1340 773 portionem
1369 662 1614 745 baereditatis
1641 661 1842 760 blaternae,
1868 663 1910 745 Si
1934 680 2049 756 nutent

282 781 369 887 ipsa
407 776 527 858 michi
555 778 707 887 absque
735 775 849 884 prole
876 776 1167 884 supervixerit,
1184 771 1387 885 praedicta
1415 774 1525 856 bona
1560 772 1612 857 ad
1646 774 1787 883 ipsam,
1811 791 1854 857 et
1879 778 1960 860 eius
1985 782 2051 863 he·
2141 767 2142 798 ⁷

281 889 398 969 redes
435 889 560 985 libere
600 885 884 982 devoluantur,
927 888 959 966 si
1001 914 1099 967 vero
1146 892 1234 996 ipsa
1275 902 1369 967 ante
1411 912 1475 966 me
1515 884 1670 995 absque
1711 885 1827 995 prole
1853 895 2052 997 'superstite

281 1000 440 1097 obierit,
485 996 596 1109 quod
632 996 748 1093 absit,
786 999 848 1077 ius
884 999 978 1077 milri
1013 998 1065 1078 sit
1100 999 1274 1103 liberum
1311 1014 1435 1107 atque
1476 996 1635 1078 saluum
1667 997 1802 1078 omnia
1832 996 1932 1079 bona
1964 1002 2054 1088 redi·

280 1109 416 1189 mendi
440 1108 661 1217 praedicta,
707 1106 811 1187 inira
851 1109 1055 1190 biennium
1092 1138 1114 1188 a
1152 1127 1334 1223 tempore
1366 1108 1505 1190 obitus
1535 1110 1599 1188 sui
1633 1106 1953 1215 compotandum,
1989 1143 2055 1221 pro

279 1222 464 1302 ducentis
501 1220 684 1300 marchis·
708 1221 1192 1313 Denariorum,'monete
1227 1219 1391 1315 vsualis,
1426 1235 1527 1299 tunc
1563 1220 1911 1315 currennmoto
1949 1224 2054 1307 etiam
2117 1270 2135 1323 .·

199 1340 204 1349 “
279 1331 390 1441 quod
428 1332 536 1413 dicta
573 1330 889 1438 bona'tempore
924 1328 1196 1411 defunctionis
1231 1336 1317 1411 eius
1357 1329 1676 1426 conscribantur,
1717 1346 1759 1410 et
1792 1329 1869 1411 sub
1903 1332 2055 1441 disposi·
2132 1431 2136 1448 1

156 1452 164 1465 “
279 1449 391 1523 tione
423 1469 507 1522 mea
537 1443 623 1525 sine
654 1441 930 1523 Diminntione
968 1459 1158 1523 maneant
1186 1470 1260 1550 per
1295 1440 1504 1522 biennium
1541 1457 1815 1521 memoratum.
1875 1440 1923 1523 ln
1956 1448 2055 1529 cuius

279 1572 412 1633 atatem
443 1581 538 1633 meae
568 1552 815 1632 Donationis*
835 1554 963 1633 robur
984 1570 1024 1631 et
1052 1554 1292 1649 firmitatem,
1320 1550 1641 1635 etEvidentiam
1668 1552 1897 1647 firmiorem,
1931 1555 2055 1637 secun·

41 1641 63 1663 Ἡ
153 1708 156 1715 -
250 1664 373 1743 ¹dum
407 1664 512 1770 leges
541 1664 693 1761 Patriae,
722 1658 890 1773 allhibiti
931 1680 1025 1743 sunt
1062 1681 1182 1744 testes
1216 1692 1288 1744 seu
1323 1663 1487 1771 lirmarij
1526 1664 1599 1773 qui
1634 1663 1856 1770 vulgariter
1882 1664 2055 1749 dicuntur

67 1794 72 1803 '
162 1838 193 1859 ,,
245 1778 400 1855 instar
428 1774 581 1853 scilicet
610 1774 863 1855 Venerabilis
893 1776 1023 1870 Pater,
1059 1776 1257 1855 Dominus
1292 1775 1482 1855 Nicolnus
1521 1775 1596 1856 Dei
1631 1776 1759 1881 gratie
1797 1774 2056 1885 Arcbiepisco·

279 1916 355 1995 pus
398 1884 628 1993 vpsalensis,
669 1901 710 1965 et
754 1885 1011 1967 honorabiles
1061 1888 1135 1966 viri
1179 1887 1353 1981 Domini,
1397 1883 1578 1966 Andreirs
1612 1887 1856 1993 Praepositus
1897 1886 2054 1969 eiusdem
2139 1907 2140 1912 ’

277 1998 478 2091 Ecclesiae,
507 1997 581 2075 lon
609 1996 902 2105 lngiualdsson,
931 1988 1120 2106 Birgerus
1148 1996 1400 2092 Pethersscn,
1428 1996 1595 2102 legiferi.
1659 1998 1830 2103 Magnus
1863 1996 2054 2106 Gregoris·

277 2139 364 2204 sou,
391 2110 564 2187 Roricus
593 2108 838 2214 Birgersson,
868 2109 1078 2216 Philippus
1107 2108 1158 2187 de
1186 2108 1360 2214 Rumby,
1389 2108 1601 2215 Philippus
1635 2106 1927 2215 lngiualdsson,
1960 2110 2054 2217 Mag·

278 2248 355 2301 nus
392 2220 657 2313 lilarinusson,
694 2218 862 2297 Carolus
898 2220 1229 2326 lngiborgusson,
1265 2219 1433 2299 Carolus
1469 2219 1752 2325 Gregorisson,
1787 2220 1954 2299 Mathias
1985 2222 2054 2299 lla·

212 2328 216 2335 ’
278 2329 593 2415 titnmndasson,
623 2330 765 2411 Ericus
793 2323 1027 2424 Ostensson,
1058 2329 1311 2437 Bothulphus
1346 2331 1526 2426 lonsson,
1553 2328 1830 2437 llagnwaldus
1853 2331 2054 2440 lngiunlds·
2125 2379 2141 2441 3

277 2472 363 2538 son,
391 2442 632 2521 Laurentius
662 2440 961 2539 Anbornasson,
992 2468 1174 2521 necnon
1203 2441 1341 2549 etalij
1374 2440 1490 2524 multi
1525 2440 1687 2523 discreti
1724 2442 1893 2537 riri-ln
1929 2443 2054 2523 lacrum

171 2610 174 2617 ·
277 2556 404 2660 igitur
431 2552 610 2631 crmrinm
639 2548 930 2632 Testimonium
958 2568 999 2631 et
1027 2550 1283 2631 Evidenciam
1324 2552 1673 2661 pleniorem,lvnn
1707 2580 1801 2635 curn
1840 2552 1967 2659 sigillo
1999 2583 2055 2634 re·
2136 2565 2140 2654 ζ

276 2663 468 2751 nerabilis
496 2665 626 2742 Patris
653 2663 815 2741 Domini
846 2662 1032 2771 Nicbolaj
1070 2665 1220 2741 Divina·
1251 2664 1506 2777 miseratione
1538 2662 1844 2773 Archiepiscopi
1880 2664 2053 2773 Vpsnlen·
2137 2667 2140 2694 ²

276 2776 347 2871 sis,
386 2792 427 2854 et
465 2768 633 2853 aliorum
671 2773 774 2854 infra
810 2775 1072 2881 scriptorum,
1105 2774 1293 2855 videlicet
1328 2776 1614 2871 Dominorum,
1663 2775 1829 2857 Andree
1867 2778 2053 2883 Praepositi
2135 2821 2141 2840 ι

276 2885 452 2967 Ecclesie
488 2882 738 2992 Vpsalensis,
768 2883 1271 2995 lconsslngivsldssonss,
1299 2884 1454 2994 Birgeri
1482 2886 1759 2983 Petlrerssons,
1786 2886 2054 2995 'legilerorum
2137 2884 2141 2940 ἓ

278 2999 414 3106 Magni
442 2997 710 3102 Gregorisson
740 2996 917 3104 Philippi
947 2998 997 3078 de
1027 2997 1200 3104 Rumby,
1229 2998 1365 3104 Magni
1402 2999 1690 3094 Marinusscns,
1723 2999 1867 3080 Rurici
1899 3000 2054 3106 Birgers·

276 3137 382 3203 sons,
412 3107 588 3214 Philippi
617 3105 925 3212 lngiraldsscus,
954 3109 1095 3214 sigillis
1130 3109 1305 3215 sigillum
1337 3137 1467 3189 mcum
1505 3111 1604 3190 duxi
1641 3110 1913 3217 praesentibus
1944 3137 2053 3219 appo-

211 3237 212 3244 '
279 3219 468 3302 nendum.
535 3215 682 3295 Datum
719 3221 838 3298 Anno
877 3220 1039 3298 Domini
1069 3218 1280 3300 lllillesimo
1313 3222 1598 3302 Ducentesimo
1631 3223 1906 3330 Nonagesimo
1945 3247 2054 3317 nono,
2141 3282 2142 3301 i

275 3329 400 3438 Apud
431 3329 554 3423 Fano,
584 3331 625 3408 in
654 3328 838 3408 Crastino
867 3329 1153 3410 Conversionis
1183 3329 1290 3409 beati
1319 3329 1479 3440 Paulis)

170 3521 175 3528 .
248 3471 323 3538 ,Αἰ
346 3471 386 3534 de
413 3469 564 3533 teclnade
593 3467 712 3552 sigillen
741 3491 831 3552 spnes
859 3473 915 3540 mo
941 3495 952 3536 1
980 3472 1075 3534 helva
1105 3472 1187 3534 varit
1215 3470 1339 3534 mindre
1365 3472 1494 3558 tydligt,
1514 3475 1573 3538 llto
1600 3474 1701 3538 eceb
1729 3476 1985 3562 lglullsttndige,
2004 3476 2053 3540 Nn

1058 3555 1079 3634 4
1102 3554 1280 3642 utplinadt.

222 3923 453 4086 ι1268.
892 3870 1042 4070 sopp
1088 3925 1136 4031 d.
1200 3962 1267 4030 ιο
1312 3922 1459 4032 Febr.
1812 3873 2053 4038 Helicae

356 4110 509 4192 Bislopen
540 4107 548 4164 i
581 4107 679 4168 Stern
704 4107 858 4173 Barnous
884 4113 1028 4174 lirelom
1051 4111 1111 4174 den
1133 4115 1312 4194 cunning,
1334 4114 1397 4176 han
1419 4117 1429 4175 i
1452 4110 1664 4175 stadonense
1685 4113 1828 4197 Araberg
1848 4126 1929 4178 samt
1948 4113 2053 4193 Ofrnds

410 4193 468 4254 oclr
492 4189 675 4269 Tingeneds
695 4213 843 4274 quernae,
860 4196 957 4274 ,gilvit
978 4195 1153 4276 Ragntrald
1174 4197 1263 4259 Male
1283 4198 1334 4260 lbr
1355 4198 1394 4258 de
1414 4197 1491 4277 gods
1511 4198 1522 4256 i
1544 4197 1619 4274 Nes,
1641 4196 1751 4258 lavillu
1773 4195 2053 4282 Bisltcpeusbrode'r

408 4276 526 4338 honom
550 4273 698 4351 allrttndt,
734 4277 802 4336 med
828 4279 969 4361 uppdrag
992 4279 1025 4340 tit
1047 4279 1189 4342 Andreas
1210 4281 1390 4356 Tuwesson,
1414 4293 1459 4342 att
1481 4281 1563 4355 dem,
1585 4279 2051 4364 lBislcpentvtigner,lagligea

406 4359 507 4502 glit'ttab
530 4355 589 4497 oph
604 4353 768 4498 ubezprim,
790 4361 859 4421 mee
882 4359 1028 4421 achillam
1053 4362 1272 4446 derjemte,att
1299 4361 1415 4445 Kongl.
1437 4363 1525 4446 Majtt
1545 4363 1607 4424 och
1629 4361 1759 4425 Rilsens
1782 4363 1853 4428 Ritl
1874 4363 1967 4448 derpl
1990 4359 2052 4422 ville
2140 4408 2142 4423 .

422 4463 486 4502 ase
511 4457 543 4501 re
579 4459 599 4498 u
629 4459 715 4502 arn.

1709 4529 1746 4582 Α.
1763 4529 1789 4580 6.
1807 4545 1832 4582 a.
1849 4546 1873 4582 n
1909 4529 1935 4580 6.

325 4595 328 4606 ’
408 4607 609 4688 Omnibus
641 4626 844 4716 presentes
871 4608 1025 4690 litteras
1053 4610 1299 4718 inspecturis
1327 4611 1370 4691 B.
1398 4610 1463 4692 dei
1492 4614 1625 4719 gracia
1661 4616 1859 4693 scarensis
1893 4529 2051 4719 4Ε’ρίεοο·

249 4721 365 4824 pus,
393 4718 569 4798 Salutem
599 4717 643 4826 jn
673 4719 836 4802 domino
868 4723 1164 4828 sempiternam.
1220 4724 1370 4804 Notum
1399 4721 1822 4820 lecimus·vniuersis,
1856 4722 1975 4826 Quod
1991 4741 2052 4798 nos

202 4881 206 4890 ¹
273 4883 510 4902 mna..-

316 4927 343 5003 Ἰ
363 4929 465 4989 Anm.
488 4929 522 4988 *l
545 4949 669 5008 morgen
693 4939 737 5006 fir,
761 4929 813 4990 vid
836 4929 974 4990 brelvets
995 4928 1118 5014 biirjan,
1137 4930 1327 4994 cnteclnadt
1347 4931 1419 4994 med
1440 4931 1662 5018 blyertspenne
1683 4931 1770 4996 desse
1792 4944 1899 4996 nestun
1918 4925 2051 5013 urpltnass

354 5009 393 5071 de
424 5009 498 5096 opd:
529 5013 643 5076 ''Detta
663 5011 797 5094 original
820 5010 903 5074 hade
930 5013 980 5096 iag
1004 5013 1040 5074 nl
1063 5013 1122 5080 lltr
1143 5015 1217 5078 Carl
1245 5016 1362 5100 Sperre
1394 5012 1481 5101 1696.
1509 5035 1557 5098 27·
1584 5019 1700 5095 Nov.'';
1726 5018 1787 5081 och
1811 5016 1866 5081 rid
1887 5014 1977 5100 simet
1996 5006 2068 5069 stirs
