<?xml version="1.0" encoding="UTF-8"?>
<!DOCTYPE html PUBLIC "-//W3C//DTD XHTML 1.0 Transitional//EN"
    "http://www.w3.org/TR/xhtml1/DTD/xhtml1-transitional.dtd">
<html xmlns="http://www.w3.org/1999/xhtml" xml:lang="en" lang="en">
 <head>
  <title>
</title>
<meta http-equiv="Content-Type" content="text/html;charset=utf-8" />
  <meta name='ocr-system' content='tesseract 3.04.00' />
  <meta name='ocr-capabilities' content='ocr_page ocr_carea ocr_par ocr_line ocrx_word'/>
</head>
<body>
  <div class='ocr_page' id='page_1' title='image "./svensktdiplomat01swegoog/svensktdiplomat01swegoog_0611.png"; bbox 0 0 4317 5975; ppageno 0'>
   <div class='ocr_carea' id='block_1_1' title="bbox 970 372 1387 506">
    <p class='ocr_par' dir='ltr' id='par_1_1' title="bbox 970 372 1387 506">
     <span class='ocr_line' id='line_1_1' title="bbox 970 372 1387 506; baseline -0.005 -67"><span class='ocrx_word' id='word_1_1' title='bbox 970 372 1217 506; x_wconf 55' lang='lat'>*.4²²</span> <span class='ocrx_word' id='word_1_2' title='bbox 1329 416 1387 437; x_wconf 79' lang='lat'><strong>..-</strong></span> 
     </span>
    </p>
   </div>
   <div class='ocr_carea' id='block_1_2' title="bbox 143 589 2036 2585">
    <p class='ocr_par' dir='ltr' id='par_1_2' title="bbox 143 589 2036 2585">
     <span class='ocr_line' id='line_1_2' title="bbox 143 589 2027 707; baseline -0.003 -23"><span class='ocrx_word' id='word_1_3' title='bbox 143 613 169 659; x_wconf 61' lang='lat'><em>²</em></span> <span class='ocrx_word' id='word_1_4' title='bbox 259 600 423 684; x_wconf 86' lang='lat' dir='ltr'><strong>&#39;ibidem</strong></span> <span class='ocrx_word' id='word_1_5' title='bbox 453 594 851 707; x_wconf 46' lang='lat' dir='ltr'><strong>receperatpfamuli</strong></span> <span class='ocrx_word' id='word_1_6' title='bbox 880 595 893 674; x_wconf 93' lang='lat' dir='ltr'><strong>i</strong></span> <span class='ocrx_word' id='word_1_7' title='bbox 945 594 1006 687; x_wconf 85' lang='lat' dir='ltr'><strong>ius</strong></span> <span class='ocrx_word' id='word_1_8' title='bbox 1033 594 1173 675; x_wconf 90' lang='lat' dir='ltr'><strong>omnia·</strong></span> <span class='ocrx_word' id='word_1_9' title='bbox 1195 589 1570 704; x_wconf 71' lang='lat' dir='ltr'><strong>que&#39;deexpensis</strong></span> <span class='ocrx_word' id='word_1_10' title='bbox 1585 592 1879 700; x_wconf 87' lang='lat' dir='ltr'><strong>procuraciouis</strong></span> <span class='ocrx_word' id='word_1_11' title='bbox 1905 626 2027 693; x_wconf 77' lang='lat' dir='ltr'><strong>reman-</strong></span> 
     </span>
     <span class='ocr_line' id='line_1_3' title="bbox 272 621 2029 823; baseline -0.006 -31"><span class='ocrx_word' id='word_1_12' title='bbox 272 726 410 792; x_wconf 81' lang='lat' dir='ltr'><strong>serant</strong></span> <span class='ocrx_word' id='word_1_13' title='bbox 439 710 687 792; x_wconf 85' lang='lat' dir='ltr'><strong>clluderunt.</strong></span> <span class='ocrx_word' id='word_1_14' title='bbox 716 711 768 789; x_wconf 69' lang='lat' dir='ltr'><strong>{ln</strong></span> <span class='ocrx_word' id='word_1_15' title='bbox 798 621 977 807; x_wconf 58' lang='lat' dir='ltr'><strong>Sindim</strong></span> <span class='ocrx_word' id='word_1_16' title='bbox 1005 728 1145 787; x_wconf 88' lang='lat' dir='ltr'><strong>omnes</strong></span> <span class='ocrx_word' id='word_1_17' title='bbox 1173 705 1368 787; x_wconf 91' lang='lat' dir='ltr'><strong>conuiuas</strong></span> <span class='ocrx_word' id='word_1_18' title='bbox 1395 701 1851 811; x_wconf 78' lang='lat' dir='ltr'><strong>nupciales‚-cuiusdam</strong></span> <span class='ocrx_word' id='word_1_19' title='bbox 1870 736 2029 823; x_wconf 72' lang='lat' dir='ltr'><strong>consang.</strong></span> 
     </span>
     <span class='ocr_line' id='line_1_4' title="bbox 193 812 2029 929; baseline 0.003 -28"><span class='ocrx_word' id='word_1_20' title='bbox 193 889 198 901; x_wconf 92' lang='lat'>.</span> <span class='ocrx_word' id='word_1_21' title='bbox 272 824 383 902; x_wconf 86' lang='lat' dir='ltr'><strong>uinci</strong></span> <span class='ocrx_word' id='word_1_22' title='bbox 411 825 492 920; x_wconf 85' lang='lat' dir='ltr'><strong>sui,</strong></span> <span class='ocrx_word' id='word_1_23' title='bbox 521 821 573 902; x_wconf 87' lang='lat' dir='ltr'><strong>ad</strong></span> <span class='ocrx_word' id='word_1_24' title='bbox 603 846 796 929; x_wconf 81' lang='lat' dir='ltr'><strong>expensas</strong></span> <span class='ocrx_word' id='word_1_25' title='bbox 822 834 924 929; x_wconf 81' lang='lat' dir='ltr'><strong>quas</strong></span> <span class='ocrx_word' id='word_1_26' title='bbox 951 817 1028 897; x_wconf 93' lang='lat' dir='ltr'><strong>sibi</strong></span> <span class='ocrx_word' id='word_1_27' title='bbox 1056 817 1220 899; x_wconf 80' lang='lat' dir='ltr'><strong>racione</strong></span> <span class='ocrx_word' id='word_1_28' title='bbox 1249 816 1570 927; x_wconf 86' lang='lat' dir='ltr'><strong>procuracionis‚</strong></span> <span class='ocrx_word' id='word_1_29' title='bbox 1611 812 1788 899; x_wconf 87' lang='lat' dir='ltr'><strong>eiusdem</strong></span> <span class='ocrx_word' id='word_1_30' title='bbox 1815 818 1962 901; x_wconf 85' lang='lat' dir='ltr'><strong>ecclesie</strong></span> <span class='ocrx_word' id='word_1_31' title='bbox 1982 853 2029 907; x_wconf 88' lang='lat' dir='ltr'><strong>sa-</strong></span> 
     </span>
     <span class='ocr_line' id='line_1_5' title="bbox 273 921 2031 1042; baseline 0.002 -28"><span class='ocrx_word' id='word_1_32' title='bbox 273 932 417 1040; x_wconf 82' lang='lat' dir='ltr'><strong>cerdos</strong></span> <span class='ocrx_word' id='word_1_33' title='bbox 447 950 659 1042; x_wconf 84' lang='lat' dir='ltr'><strong>parauerat</strong></span> <span class='ocrx_word' id='word_1_34' title='bbox 688 932 895 1028; x_wconf 82' lang='lat' dir='ltr'><strong>inuitauit,</strong></span> <span class='ocrx_word' id='word_1_35' title='bbox 923 930 974 1008; x_wconf 85' lang='lat' dir='ltr'><strong>ln</strong></span> <span class='ocrx_word' id='word_1_36' title='bbox 1004 928 1184 1028; x_wconf 65' lang='lat' dir='ltr'><strong>illusae,</strong></span> <span class='ocrx_word' id='word_1_37' title='bbox 1229 928 1401 1025; x_wconf 82' lang='lat' dir='ltr'><strong>Garnae,</strong></span> <span class='ocrx_word' id='word_1_38' title='bbox 1440 943 1482 1008; x_wconf 87' lang='lat' dir='ltr'><strong>et</strong></span> <span class='ocrx_word' id='word_1_39' title='bbox 1510 921 1724 1022; x_wconf 84' lang='lat' dir='ltr'><strong>Sandom,¹</strong></span> <span class='ocrx_word' id='word_1_40' title='bbox 1751 934 2031 1018; x_wconf 77' lang='lat' dir='ltr'><strong>consecrationes</strong></span> 
     </span>
     <span class='ocr_line' id='line_1_6' title="bbox 272 1034 2030 1149; baseline 0.001 -24"><span class='ocrx_word' id='word_1_41' title='bbox 272 1044 553 1141; x_wconf 82' lang='lat' dir='ltr'><strong>eeclesiarum,</strong></span> <span class='ocrx_word' id='word_1_42' title='bbox 581 1042 780 1135; x_wconf 80' lang='lat' dir='ltr'><strong>altarium,</strong></span> <span class='ocrx_word' id='word_1_43' title='bbox 804 1057 851 1125; x_wconf 76' lang='lat' dir='ltr'><strong>,et</strong></span> <span class='ocrx_word' id='word_1_44' title='bbox 879 1040 1194 1139; x_wconf 65' lang='lat' dir='ltr'><strong>Cimiteriorum</strong></span> <span class='ocrx_word' id='word_1_45' title='bbox 1223 1037 1380 1135; x_wconf 86' lang='lat' dir='ltr'><strong>diuisit,</strong></span> <span class='ocrx_word' id='word_1_46' title='bbox 1423 1040 1480 1121; x_wconf 91' lang='lat' dir='ltr'><strong>ita</strong></span> <span class='ocrx_word' id='word_1_47' title='bbox 1508 1034 1621 1149; x_wconf 90' lang='lat' dir='ltr'><strong>quod</strong></span> <span class='ocrx_word' id='word_1_48' title='bbox 1649 1066 1725 1119; x_wconf 86' lang='lat' dir='ltr'><strong>vna</strong></span> <span class='ocrx_word' id='word_1_49' title='bbox 1754 1037 2030 1146; x_wconf 75' lang='lat' dir='ltr'><strong>die&#39;ecclesiam,</strong></span> 
     </span>
     <span class='ocr_line' id='line_1_7' title="bbox 271 1145 2032 1262; baseline 0.001 -27"><span class='ocrx_word' id='word_1_50' title='bbox 271 1155 349 1235; x_wconf 80' lang='lat' dir='ltr'><strong>alia</strong></span> <span class='ocrx_word' id='word_1_51' title='bbox 380 1152 530 1250; x_wconf 84' lang='lat' dir='ltr'><strong>altare,</strong></span> <span class='ocrx_word' id='word_1_52' title='bbox 557 1155 680 1236; x_wconf 88' lang='lat' dir='ltr'><strong>tercia</strong></span> <span class='ocrx_word' id='word_1_53' title='bbox 698 1154 965 1253; x_wconf 61' lang='lat' dir='ltr'><strong>rcimiterium</strong></span> <span class='ocrx_word' id='word_1_54' title='bbox 989 1145 1211 1246; x_wconf 86' lang='lat' dir='ltr'><strong>dedicauit,</strong></span> <span class='ocrx_word' id='word_1_55' title='bbox 1250 1151 1290 1230; x_wconf 90' lang='lat' dir='ltr'><strong>in</strong></span> <span class='ocrx_word' id='word_1_56' title='bbox 1320 1150 1399 1232; x_wconf 91' lang='lat' dir='ltr'><strong>hoc</strong></span> <span class='ocrx_word' id='word_1_57' title='bbox 1426 1150 1612 1232; x_wconf 86' lang='lat' dir='ltr'><strong>ecclesius</strong></span> <span class='ocrx_word' id='word_1_58' title='bbox 1649 1152 1855 1258; x_wconf 77' lang='lat' dir='ltr'><strong>expensis,</strong></span> <span class='ocrx_word' id='word_1_59' title='bbox 1882 1172 1917 1233; x_wconf 87' lang='lat' dir='ltr'><strong>et</strong></span> <span class='ocrx_word' id='word_1_60' title='bbox 1941 1182 2032 1262; x_wconf 83' lang='lat' dir='ltr'><strong>prro·</strong></span> 
     </span>
     <span class='ocr_line' id='line_1_8' title="bbox 272 1259 2033 1373; baseline 0.002 -29"><span class='ocrx_word' id='word_1_61' title='bbox 272 1264 438 1363; x_wconf 81' lang='lat' dir='ltr'><strong>chianos</strong></span> <span class='ocrx_word' id='word_1_62' title='bbox 467 1264 732 1366; x_wconf 73' lang='lat' dir='ltr'>incommodis</span> <span class='ocrx_word' id='word_1_63' title='bbox 760 1265 852 1373; x_wconf 90' lang='lat' dir='ltr'><strong>plus</strong></span> <span class='ocrx_word' id='word_1_64' title='bbox 879 1264 999 1345; x_wconf 91' lang='lat' dir='ltr'><strong>solito</strong></span> <span class='ocrx_word' id='word_1_65' title='bbox 1027 1259 1312 1370; x_wconf 80' lang='lat' dir='ltr'><strong>aggrauando,</strong></span> <span class='ocrx_word' id='word_1_66' title='bbox 1358 1265 1411 1341; x_wconf 88' lang='lat' dir='ltr'><strong>Jn</strong></span> <span class='ocrx_word' id='word_1_67' title='bbox 1440 1262 1611 1371; x_wconf 86' lang='lat' dir='ltr'><strong>tboptu,</strong></span> <span class='ocrx_word' id='word_1_68' title='bbox 1648 1278 1859 1373; x_wconf 88' lang='lat' dir='ltr'><strong>postquam</strong></span> <span class='ocrx_word' id='word_1_69' title='bbox 1886 1266 2033 1347; x_wconf 78' lang='lat' dir='ltr'><strong>sacerdo</strong></span> 
     </span>
     <span class='ocr_line' id='line_1_9' title="bbox 271 1369 2033 1483; baseline 0.001 -27"><span class='ocrx_word' id='word_1_70' title='bbox 271 1393 353 1463; x_wconf 86' lang='lat' dir='ltr'><strong>tem</strong></span> <span class='ocrx_word' id='word_1_71' title='bbox 384 1369 532 1455; x_wconf 84' lang='lat' dir='ltr'><strong>ibidem</strong></span> <span class='ocrx_word' id='word_1_72' title='bbox 562 1377 727 1480; x_wconf 85' lang='lat' dir='ltr'><strong>ecclesia</strong></span> <span class='ocrx_word' id='word_1_73' title='bbox 756 1392 797 1457; x_wconf 91' lang='lat' dir='ltr'><strong>et</strong></span> <span class='ocrx_word' id='word_1_74' title='bbox 827 1377 944 1457; x_wconf 81' lang='lat' dir='ltr'><strong>burris</strong></span> <span class='ocrx_word' id='word_1_75' title='bbox 971 1374 1159 1454; x_wconf 88' lang='lat' dir='ltr'><strong>omnibus</strong></span> <span class='ocrx_word' id='word_1_76' title='bbox 1188 1375 1444 1483; x_wconf 84' lang='lat' dir='ltr'><strong>priuauerat‚</strong></span> <span class='ocrx_word' id='word_1_77' title='bbox 1472 1400 1557 1455; x_wconf 90' lang='lat' dir='ltr'><strong>non</strong></span> <span class='ocrx_word' id='word_1_78' title='bbox 1585 1370 1768 1453; x_wconf 83' lang='lat' dir='ltr'><strong>deductis</strong></span> <span class='ocrx_word' id='word_1_79' title='bbox 1795 1370 1944 1470; x_wconf 85' lang='lat' dir='ltr'><strong>debitis,</strong></span> <span class='ocrx_word' id='word_1_80' title='bbox 1979 1404 2033 1461; x_wconf 89' lang='lat' dir='ltr'><strong>nec</strong></span> 
     </span>
     <span class='ocr_line' id='line_1_10' title="bbox 270 1480 2033 1596; baseline 0.001 -28"><span class='ocrx_word' id='word_1_81' title='bbox 270 1486 391 1568; x_wconf 91' lang='lat' dir='ltr'><strong>bonis</strong></span> <span class='ocrx_word' id='word_1_82' title='bbox 422 1489 599 1596; x_wconf 84' lang='lat' dir='ltr'><strong>paternis</strong></span> <span class='ocrx_word' id='word_1_83' title='bbox 628 1490 669 1568; x_wconf 92' lang='lat' dir='ltr'><strong>in</strong></span> <span class='ocrx_word' id='word_1_84' title='bbox 701 1485 828 1568; x_wconf 91' lang='lat' dir='ltr'><strong>lundo</strong></span> <span class='ocrx_word' id='word_1_85' title='bbox 857 1488 982 1595; x_wconf 88' lang='lat' dir='ltr'><strong>ipsius</strong></span> <span class='ocrx_word' id='word_1_86' title='bbox 1010 1484 1197 1580; x_wconf 74' lang='lat' dir='ltr'>ecclesie,</span> <span class='ocrx_word' id='word_1_87' title='bbox 1233 1484 1334 1564; x_wconf 82' lang='lat' dir='ltr'><strong>vltra</strong></span> <span class='ocrx_word' id='word_1_88' title='bbox 1365 1484 1667 1595; x_wconf 85' lang='lat' dir='ltr'><strong>quadrimestre¹</strong></span> <span class='ocrx_word' id='word_1_89' title='bbox 1702 1499 1858 1593; x_wconf 88' lang='lat' dir='ltr'><strong>tempus</strong></span> <span class='ocrx_word' id='word_1_90' title='bbox 1884 1480 1966 1567; x_wconf 88' lang='lat' dir='ltr'><strong>lecit</strong></span> <span class='ocrx_word' id='word_1_91' title='bbox 1987 1516 2033 1569; x_wconf 85' lang='lat' dir='ltr'><strong>re·</strong></span> 
     </span>
     <span class='ocr_line' id='line_1_11' title="bbox 147 1590 2033 1707; baseline -0.001 -27"><span class='ocrx_word' id='word_1_92' title='bbox 147 1590 151 1601; x_wconf 74' lang='grc'>’</span> <span class='ocrx_word' id='word_1_93' title='bbox 271 1598 487 1680; x_wconf 84' lang='lat' dir='ltr'><strong>sidenciam</strong></span> <span class='ocrx_word' id='word_1_94' title='bbox 503 1599 792 1707; x_wconf 82' lang='lat' dir='ltr'><strong>personalem,-</strong></span> <span class='ocrx_word' id='word_1_95' title='bbox 819 1597 1095 1680; x_wconf 89' lang='lat' dir='ltr'><strong>obuenciones</strong></span> <span class='ocrx_word' id='word_1_96' title='bbox 1123 1596 1248 1703; x_wconf 87' lang='lat' dir='ltr'><strong>ipsius</strong></span> <span class='ocrx_word' id='word_1_97' title='bbox 1275 1594 1439 1677; x_wconf 80' lang='lat' dir='ltr'><strong>ecclesie</strong></span> <span class='ocrx_word' id='word_1_98' title='bbox 1467 1597 1621 1705; x_wconf 82' lang='lat' dir='ltr'><strong>integre</strong></span> <span class='ocrx_word' id='word_1_99' title='bbox 1652 1595 1924 1705; x_wconf 84' lang='lat' dir='ltr'><strong>percipiendo,</strong></span> <span class='ocrx_word' id='word_1_100' title='bbox 1949 1598 2033 1702; x_wconf 85' lang='lat' dir='ltr'><strong>Qua·</strong></span> 
     </span>
     <span class='ocr_line' id='line_1_12' title="bbox 269 1706 2033 1819; baseline 0.001 -30"><span class='ocrx_word' id='word_1_101' title='bbox 269 1728 443 1818; x_wconf 87' lang='lat' dir='ltr'><strong>propter</strong></span> <span class='ocrx_word' id='word_1_102' title='bbox 471 1709 587 1790; x_wconf 86' lang='lat' dir='ltr'><strong>vobis</strong></span> <span class='ocrx_word' id='word_1_103' title='bbox 616 1738 693 1792; x_wconf 87' lang='lat' dir='ltr'><strong>vna</strong></span> <span class='ocrx_word' id='word_1_104' title='bbox 723 1738 812 1789; x_wconf 91' lang='lat' dir='ltr'><strong>cum</strong></span> <span class='ocrx_word' id='word_1_105' title='bbox 843 1708 960 1792; x_wconf 87' lang='lat' dir='ltr'><strong>dictis</strong></span> <span class='ocrx_word' id='word_1_106' title='bbox 976 1706 1167 1816; x_wconf 85' lang='lat' dir='ltr'><strong>grauatis,</strong></span> <span class='ocrx_word' id='word_1_107' title='bbox 1199 1723 1397 1817; x_wconf 88' lang='lat' dir='ltr'><strong>quantum</strong></span> <span class='ocrx_word' id='word_1_108' title='bbox 1423 1734 1633 1816; x_wconf 86' lang='lat' dir='ltr'><strong>possumus</strong></span> <span class='ocrx_word' id='word_1_109' title='bbox 1655 1706 1940 1816; x_wconf 76' lang='lat' dir='ltr'><strong>supplicamus,</strong></span> <span class='ocrx_word' id='word_1_110' title='bbox 1958 1738 2033 1819; x_wconf 85' lang='lat' dir='ltr'><strong>qua·</strong></span> 
     </span>
     <span class='ocr_line' id='line_1_13' title="bbox 255 1817 2033 1929; baseline 0.001 -28"><span class='ocrx_word' id='word_1_111' title='bbox 255 1820 388 1903; x_wconf 67' lang='lat' dir='ltr'><strong>⁴tenus</strong></span> <span class='ocrx_word' id='word_1_112' title='bbox 421 1823 679 1929; x_wconf 85' lang='lat' dir='ltr'><strong>procuratori</strong></span> <span class='ocrx_word' id='word_1_113' title='bbox 706 1818 906 1900; x_wconf 90' lang='lat' dir='ltr'><strong>dictorum</strong></span> <span class='ocrx_word' id='word_1_114' title='bbox 934 1820 1216 1926; x_wconf 77' lang='lat' dir='ltr'><strong>granatorum,</strong></span> <span class='ocrx_word' id='word_1_115' title='bbox 1246 1818 1444 1927; x_wconf 85' lang='lat' dir='ltr'><strong>presentis</strong></span> <span class='ocrx_word' id='word_1_116' title='bbox 1461 1819 1671 1927; x_wconf 83' lang='lat' dir='ltr'><strong>portitori,</strong></span> <span class='ocrx_word' id='word_1_117' title='bbox 1699 1817 1865 1923; x_wconf 87' lang='lat' dir='ltr'><strong>dourino</strong></span> <span class='ocrx_word' id='word_1_118' title='bbox 1890 1820 2033 1917; x_wconf 70' lang='lat' dir='ltr'><strong>Simoni.</strong></span> 
     </span>
     <span class='ocr_line' id='line_1_14' title="bbox 270 1929 2033 2040; baseline 0.001 -28"><span class='ocrx_word' id='word_1_119' title='bbox 270 1958 394 2040; x_wconf 89' lang='lat' dir='ltr'><strong>super</strong></span> <span class='ocrx_word' id='word_1_120' title='bbox 424 1934 625 2039; x_wconf 82' lang='lat' dir='ltr'><strong>premissis</strong></span> <span class='ocrx_word' id='word_1_121' title='bbox 654 1932 720 2012; x_wconf 93' lang='lat' dir='ltr'><strong>dei</strong></span> <span class='ocrx_word' id='word_1_122' title='bbox 748 1931 896 2012; x_wconf 90' lang='lat' dir='ltr'><strong>intuitu</strong></span> <span class='ocrx_word' id='word_1_123' title='bbox 925 1947 967 2011; x_wconf 93' lang='lat' dir='ltr'><strong>et</strong></span> <span class='ocrx_word' id='word_1_124' title='bbox 996 1944 1227 2009; x_wconf 85' lang='lat' dir='ltr'><strong>nostrarum</strong></span> <span class='ocrx_word' id='word_1_125' title='bbox 1260 1958 1422 2037; x_wconf 88' lang='lat' dir='ltr'><strong>precum</strong></span> <span class='ocrx_word' id='word_1_126' title='bbox 1452 1932 1687 2011; x_wconf 86' lang='lat' dir='ltr'><strong>interuentu</strong></span> <span class='ocrx_word' id='word_1_127' title='bbox 1709 1929 1864 2011; x_wconf 79' lang='lat' dir='ltr'><strong>faciatis</strong></span> <span class='ocrx_word' id='word_1_128' title='bbox 1891 1930 1966 2012; x_wconf 85' lang='lat' dir='ltr'><strong>lieri</strong></span> <span class='ocrx_word' id='word_1_129' title='bbox 1983 1934 2033 2013; x_wconf 68' lang='lat' dir='ltr'><strong>‘iu-</strong></span> 
     </span>
     <span class='ocr_line' id='line_1_15' title="bbox 221 2038 2035 2152; baseline 0.002 -33"><span class='ocrx_word' id='word_1_130' title='bbox 221 2108 227 2119; x_wconf 39' lang='lat' dir='ltr'><strong><em>s</em></strong></span> <span class='ocrx_word' id='word_1_131' title='bbox 269 2042 382 2123; x_wconf 87' lang='lat' dir='ltr'><strong>stieie</strong></span> <span class='ocrx_word' id='word_1_132' title='bbox 420 2042 784 2152; x_wconf 85' lang='lat' dir='ltr'><strong>coruplementurn‚&#39;</strong></span> <span class='ocrx_word' id='word_1_133' title='bbox 821 2057 865 2121; x_wconf 88' lang='lat' dir='ltr'><strong>vt</strong></span> <span class='ocrx_word' id='word_1_134' title='bbox 892 2068 943 2121; x_wconf 86' lang='lat' dir='ltr'><strong>ex</strong></span> <span class='ocrx_word' id='word_1_135' title='bbox 972 2038 1204 2121; x_wconf 79' lang='lat' dir='ltr'><strong>defensione</strong></span> <span class='ocrx_word' id='word_1_136' title='bbox 1246 2040 1466 2122; x_wconf 87' lang='lat' dir='ltr'><strong>eorundem</strong></span> <span class='ocrx_word' id='word_1_137' title='bbox 1509 2058 1771 2151; x_wconf 82' lang='lat' dir='ltr'><strong>granatorum</strong></span> <span class='ocrx_word' id='word_1_138' title='bbox 1801 2043 2035 2123; x_wconf 81' lang='lat' dir='ltr'><strong>sciamus&#39;uus</strong></span> 
     </span>
     <span class='ocr_line' id='line_1_16' title="bbox 270 2150 2034 2263; baseline -0.001 -29"><span class='ocrx_word' id='word_1_139' title='bbox 270 2182 363 2234; x_wconf 89' lang='lat' dir='ltr'><strong>cum</strong></span> <span class='ocrx_word' id='word_1_140' title='bbox 391 2179 551 2235; x_wconf 88' lang='lat' dir='ltr'><strong>necesse</strong></span> <span class='ocrx_word' id='word_1_141' title='bbox 579 2152 780 2235; x_wconf 84' lang='lat' dir='ltr'><strong>lueritad</strong></span> <span class='ocrx_word' id='word_1_142' title='bbox 808 2150 1059 2259; x_wconf 66' lang='lat' dir='ltr'><strong>vosbaberc</strong></span> <span class='ocrx_word' id='word_1_143' title='bbox 1090 2151 1288 2259; x_wconf 80' lang='lat' dir='ltr'><strong>refugium</strong></span> <span class='ocrx_word' id='word_1_144' title='bbox 1320 2153 1511 2261; x_wconf 87' lang='lat' dir='ltr'><strong>speciale,</strong></span> <span class='ocrx_word' id='word_1_145' title='bbox 1541 2154 1625 2233; x_wconf 90' lang='lat' dir='ltr'><strong>Nos</strong></span> <span class='ocrx_word' id='word_1_146' title='bbox 1653 2156 1790 2263; x_wconf 84' lang='lat' dir='ltr'><strong>itaque</strong></span> <span class='ocrx_word' id='word_1_147' title='bbox 1819 2154 2034 2261; x_wconf 83' lang='lat' dir='ltr'><strong>omniapre·</strong></span> 
     </span>
     <span class='ocr_line' id='line_1_17' title="bbox 176 2260 2034 2373; baseline 0 -30"><span class='ocrx_word' id='word_1_148' title='bbox 176 2278 210 2336; x_wconf 81' lang='grc'><strong>“,</strong></span> <span class='ocrx_word' id='word_1_149' title='bbox 269 2262 378 2343; x_wconf 90' lang='lat' dir='ltr'><strong>dicta</strong></span> <span class='ocrx_word' id='word_1_150' title='bbox 406 2280 446 2342; x_wconf 88' lang='lat' dir='ltr'><strong>et</strong></span> <span class='ocrx_word' id='word_1_151' title='bbox 473 2262 632 2373; x_wconf 85' lang='lat' dir='ltr'><strong>singula</strong></span> <span class='ocrx_word' id='word_1_152' title='bbox 660 2266 831 2365; x_wconf 85' lang='lat' dir='ltr'><strong>scientes</strong></span> <span class='ocrx_word' id='word_1_153' title='bbox 859 2260 1069 2343; x_wconf 89' lang='lat' dir='ltr'><strong>euidencia</strong></span> <span class='ocrx_word' id='word_1_154' title='bbox 1099 2264 1159 2343; x_wconf 91' lang='lat' dir='ltr'><strong>rei</strong></span> <span class='ocrx_word' id='word_1_155' title='bbox 1188 2278 1359 2345; x_wconf 86' lang='lat' dir='ltr'><strong>testante</strong></span> <span class='ocrx_word' id='word_1_156' title='bbox 1388 2264 1473 2343; x_wconf 91' lang='lat' dir='ltr'><strong>sine</strong></span> <span class='ocrx_word' id='word_1_157' title='bbox 1502 2263 1631 2345; x_wconf 93' lang='lat' dir='ltr'><strong>dubio</strong></span> <span class='ocrx_word' id='word_1_158' title='bbox 1654 2290 1738 2345; x_wconf 90' lang='lat' dir='ltr'><strong>esse</strong></span> <span class='ocrx_word' id='word_1_159' title='bbox 1755 2291 1859 2360; x_wconf 83' lang='lat' dir='ltr'><strong>reru,</strong></span> <span class='ocrx_word' id='word_1_160' title='bbox 1886 2264 2034 2371; x_wconf 83' lang='lat' dir='ltr'><strong>Sigillum</strong></span> 
     </span>
     <span class='ocr_line' id='line_1_18' title="bbox 268 2372 2036 2564; baseline 0.001 -111"><span class='ocrx_word' id='word_1_161' title='bbox 268 2392 377 2454; x_wconf 90' lang='lat' dir='ltr'><strong>terre</strong></span> <span class='ocrx_word' id='word_1_162' title='bbox 406 2375 448 2453; x_wconf 93' lang='lat' dir='ltr'><strong>in</strong></span> <span class='ocrx_word' id='word_1_163' title='bbox 479 2377 761 2483; x_wconf 88' lang='lat' dir='ltr'><strong>premissorum</strong></span> <span class='ocrx_word' id='word_1_164' title='bbox 797 2375 1091 2471; x_wconf 84' lang='lat' dir='ltr'><strong>testimonium,</strong></span> <span class='ocrx_word' id='word_1_165' title='bbox 1128 2375 1387 2564; x_wconf 86' lang='lat' dir='ltr'><strong>presentibus</strong></span> <span class='ocrx_word' id='word_1_166' title='bbox 1435 2376 1589 2489; x_wconf 83' lang='lat' dir='ltr'><strong>apponi</strong></span> <span class='ocrx_word' id='word_1_167' title='bbox 1629 2372 1795 2457; x_wconf 84' lang='lat' dir='ltr'><strong>lecimus</strong></span> <span class='ocrx_word' id='word_1_168' title='bbox 1823 2392 1862 2455; x_wconf 91' lang='lat' dir='ltr'><strong>et</strong></span> <span class='ocrx_word' id='word_1_169' title='bbox 1889 2378 2036 2471; x_wconf 84' lang='lat' dir='ltr'><strong>annecti,</strong></span> 
     </span>
     <span class='ocr_line' id='line_1_19' title="bbox 268 2482 1922 2585; baseline 0 -20"><span class='ocrx_word' id='word_1_170' title='bbox 268 2485 420 2565; x_wconf 89' lang='lat' dir='ltr'><strong>Datum</strong></span> <span class='ocrx_word' id='word_1_171' title='bbox 449 2512 559 2569; x_wconf 88' lang='lat' dir='ltr'><strong>anno</strong></span> <span class='ocrx_word' id='word_1_172' title='bbox 586 2484 750 2569; x_wconf 90' lang='lat' dir='ltr'><strong>domini.</strong></span> <span class='ocrx_word' id='word_1_173' title='bbox 775 2486 859 2584; x_wconf 52' lang='lat' dir='ltr'><strong>Mt.</strong></span> <span class='ocrx_word' id='word_1_174' title='bbox 879 2484 1123 2585; x_wconf 57' lang='lat' dir='ltr'><strong>c·c·c·.‚11</strong></span> <span class='ocrx_word' id='word_1_175' title='bbox 1149 2486 1178 2566; x_wconf 93' lang='grc' dir='ltr'><strong>Ι.</strong></span> <span class='ocrx_word' id='word_1_176' title='bbox 1206 2482 1314 2585; x_wconf 65' lang='lat' dir='ltr'><strong>idus</strong></span> <span class='ocrx_word' id='word_1_177' title='bbox 1340 2484 1449 2566; x_wconf 86' lang='lat' dir='ltr'><strong>Julii.</strong></span> <span class='ocrx_word' id='word_1_178' title='bbox 1917 2512 1922 2521; x_wconf 87' lang='lat'><strong>·</strong></span> 
     </span>
    </p>
   </div>
   <div class='ocr_carea' id='block_1_3' title="bbox 921 2624 1421 2711">
    <p class='ocr_par' dir='ltr' id='par_1_3' title="bbox 921 2624 1421 2711">
     <span class='ocr_line' id='line_1_20' title="bbox 921 2624 1421 2711; baseline -0.004 -21"><span class='ocrx_word' id='word_1_179' title='bbox 921 2624 1042 2708; x_wconf 75' lang='lat' dir='ltr'><strong>sigillet</strong></span> <span class='ocrx_word' id='word_1_180' title='bbox 1063 2624 1172 2707; x_wconf 74' lang='lat' dir='ltr'><strong>botta,</strong></span> <span class='ocrx_word' id='word_1_181' title='bbox 1192 2644 1314 2688; x_wconf 83' lang='lat' dir='ltr'><strong>remsan</strong></span> <span class='ocrx_word' id='word_1_182' title='bbox 1334 2646 1421 2711; x_wconf 65' lang='grc' dir='ltr'><strong>φναν.</strong></span> 
     </span>
    </p>
   </div>
   <div class='ocr_carea' id='block_1_4' title="bbox 93 3010 2036 3228">
    <p class='ocr_par' dir='ltr' id='par_1_4' title="bbox 93 3003 2036 3228">
     <span class='ocr_line' id='line_1_21' title="bbox 93 3010 2036 3228; baseline -0.017 -17"><span class='ocrx_word' id='word_1_183' title='bbox 93 3221 97 3228; x_wconf 56' lang='grc'>,</span> <span class='ocrx_word' id='word_1_184' title='bbox 184 3213 188 3219; x_wconf 67' lang='grc'>,</span> <span class='ocrx_word' id='word_1_185' title='bbox 274 3010 447 3206; x_wconf 30' lang='grc' dir='ltr'>’143λᾶ</span> <span class='ocrx_word' id='word_1_186' title='bbox 919 3071 1158 3216; x_wconf 69' lang='lat' dir='ltr'><strong>13⁰ld·</strong></span> <span class='ocrx_word' id='word_1_187' title='bbox 1208 3071 1283 3219; x_wconf 60' lang='lat' dir='ltr'><strong>{td</strong></span> <span class='ocrx_word' id='word_1_188' title='bbox 1327 3066 1491 3178; x_wconf 65' lang='lat' dir='ltr'><strong>iuli.v</strong></span> <span class='ocrx_word' id='word_1_189' title='bbox 1563 3175 1576 3186; x_wconf 84' lang='grc'><strong>,,</strong></span> <span class='ocrx_word' id='word_1_190' title='bbox 1637 3057 1639 3064; x_wconf 66' lang='lat'><em>,</em></span> <span class='ocrx_word' id='word_1_191' title='bbox 1815 3071 2036 3220; x_wconf 73' lang='lat' dir='ltr'><strong>&#39;Arbuga</strong></span> 
     </span>
    </p>
   </div>
   <div class='ocr_carea' id='block_1_5' title="bbox 271 3248 2037 3566">
    <p class='ocr_par' dir='ltr' id='par_1_5' title="bbox 271 3248 2037 3566">
     <span class='ocr_line' id='line_1_22' title="bbox 271 3248 2035 3380; baseline -0.003 -21"><span class='ocrx_word' id='word_1_192' title='bbox 271 3268 275 3273; x_wconf 27' lang='lat'>⁵</span> <span class='ocrx_word' id='word_1_193' title='bbox 349 3248 483 3359; x_wconf 78' lang='lat' dir='ltr'><strong>Maurus</strong></span> <span class='ocrx_word' id='word_1_194' title='bbox 504 3291 860 3358; x_wconf 70' lang='lat' dir='ltr'><strong>Circsmrs&#39;Fauebrel</strong></span> <span class='ocrx_word' id='word_1_195' title='bbox 875 3295 915 3380; x_wconf 77' lang='lat' dir='ltr'><strong>pa</strong></span> <span class='ocrx_word' id='word_1_196' title='bbox 937 3296 990 3358; x_wconf 86' lang='lat' dir='ltr'><strong>det</strong></span> <span class='ocrx_word' id='word_1_197' title='bbox 1012 3296 1101 3380; x_wconf 79' lang='lat' dir='ltr'><strong>hyle,</strong></span> <span class='ocrx_word' id='word_1_198' title='bbox 1123 3292 1322 3374; x_wconf 76' lang='lat' dir='ltr'><strong>brarigeuom</strong></span> <span class='ocrx_word' id='word_1_199' title='bbox 1356 3291 1419 3355; x_wconf 86' lang='lat' dir='ltr'><strong>bun</strong></span> <span class='ocrx_word' id='word_1_200' title='bbox 1439 3261 1607 3380; x_wconf 73' lang='lat' dir='ltr'><strong>alliis&#39;lop</strong></span> <span class='ocrx_word' id='word_1_201' title='bbox 1636 3295 1717 3359; x_wconf 76' lang='lat' dir='ltr'><strong>Ysur</strong></span> <span class='ocrx_word' id='word_1_202' title='bbox 1740 3295 1748 3356; x_wconf 93' lang='lat' dir='ltr'><strong>i</strong></span> <span class='ocrx_word' id='word_1_203' title='bbox 1773 3293 1932 3376; x_wconf 77' lang='lat' dir='ltr'><strong>Strengnm</strong></span> <span class='ocrx_word' id='word_1_204' title='bbox 1959 3259 2035 3357; x_wconf 80' lang='lat' dir='ltr'><strong>erbill</strong></span> 
     </span>
     <span class='ocr_line' id='line_1_23' title="bbox 398 3375 2036 3460; baseline -0.002 -22"><span class='ocrx_word' id='word_1_205' title='bbox 398 3378 573 3459; x_wconf 79' lang='lat' dir='ltr'><strong>Tbegnuby</strong></span> <span class='ocrx_word' id='word_1_206' title='bbox 594 3377 654 3437; x_wconf 86' lang='lat' dir='ltr'><strong>och</strong></span> <span class='ocrx_word' id='word_1_207' title='bbox 676 3375 716 3438; x_wconf 84' lang='lat'><strong>80</strong></span> <span class='ocrx_word' id='word_1_208' title='bbox 738 3378 826 3438; x_wconf 80' lang='lat' dir='ltr'><strong>marli</strong></span> <span class='ocrx_word' id='word_1_209' title='bbox 850 3388 961 3460; x_wconf 57' lang='grc' dir='ltr'><strong>μορε</strong></span> <span class='ocrx_word' id='word_1_210' title='bbox 984 3390 1072 3460; x_wconf 83' lang='lat' dir='ltr'><strong>mynt</strong></span> <span class='ocrx_word' id='word_1_211' title='bbox 1093 3387 1178 3439; x_wconf 86' lang='lat' dir='ltr'><strong>emut</strong></span> <span class='ocrx_word' id='word_1_212' title='bbox 1205 3379 1249 3436; x_wconf 83' lang='lat' dir='ltr'><strong>siu</strong></span> <span class='ocrx_word' id='word_1_213' title='bbox 1271 3379 1349 3456; x_wconf 76' lang='lat' dir='ltr'><strong>gdrd</strong></span> <span class='ocrx_word' id='word_1_214' title='bbox 1372 3381 1380 3438; x_wconf 91' lang='lat' dir='ltr'><strong>i</strong></span> <span class='ocrx_word' id='word_1_215' title='bbox 1403 3375 1579 3453; x_wconf 86' lang='lat' dir='ltr'><strong>Eldasund,</strong></span> <span class='ocrx_word' id='word_1_216' title='bbox 1603 3379 1672 3440; x_wconf 80' lang='lat' dir='ltr'><strong>rned</strong></span> <span class='ocrx_word' id='word_1_217' title='bbox 1696 3379 1814 3458; x_wconf 72' lang='lat' dir='ltr'><strong>tilligg,</strong></span> <span class='ocrx_word' id='word_1_218' title='bbox 1837 3392 1880 3440; x_wconf 85' lang='lat' dir='ltr'><strong>att</strong></span> <span class='ocrx_word' id='word_1_219' title='bbox 1903 3379 2036 3460; x_wconf 83' lang='lat' dir='ltr'><strong>Bislopers</strong></span> 
     </span>
     <span class='ocr_line' id='line_1_24' title="bbox 344 3459 2037 3566; baseline 0.001 -45"><span class='ocrx_word' id='word_1_220' title='bbox 344 3546 346 3553; x_wconf 18' lang='lat' dir='ltr'>y</span> <span class='ocrx_word' id='word_1_221' title='bbox 397 3462 478 3524; x_wconf 86' lang='lat' dir='ltr'><strong>intill</strong></span> <span class='ocrx_word' id='word_1_222' title='bbox 499 3460 676 3548; x_wconf 67' lang='lat' dir='ltr'><strong>Uregoaby</strong></span> <span class='ocrx_word' id='word_1_223' title='bbox 688 3460 945 3566; x_wconf 68' lang='lat' dir='ltr'><strong>grtossudegdrd</strong></span> <span class='ocrx_word' id='word_1_224' title='bbox 958 3462 1169 3544; x_wconf 76' lang='lat' dir='ltr'><strong>Mundistorps</strong></span> <span class='ocrx_word' id='word_1_225' title='bbox 1189 3471 1314 3543; x_wconf 60' lang='grc' dir='ltr'><strong>δώσει·</strong></span> <span class='ocrx_word' id='word_1_226' title='bbox 1330 3459 1391 3523; x_wconf 84' lang='lat' dir='ltr'><strong>acb</strong></span> <span class='ocrx_word' id='word_1_227' title='bbox 1416 3459 1830 3543; x_wconf 73' lang='lat' dir='ltr'><strong>tillbiiriglr&#39;rterderigenom</strong></span> <span class='ocrx_word' id='word_1_228' title='bbox 1854 3460 1918 3524; x_wconf 83' lang='lat' dir='ltr'><strong>iclc</strong></span> <span class='ocrx_word' id='word_1_229' title='bbox 1940 3463 2037 3530; x_wconf 71' lang='lat' dir='ltr'><strong>mmo</strong></span> 
     </span>
    </p>
   </div>
   <div class='ocr_carea' id='block_1_6' title="bbox 1598 3579 1929 3660">
    <p class='ocr_par' dir='ltr' id='par_1_6' title="bbox 1598 3579 1929 3660">
     <span class='ocr_line' id='line_1_25' title="bbox 1598 3579 1929 3660; baseline -0.012 -25"><span class='ocrx_word' id='word_1_230' title='bbox 1598 3581 1600 3588; x_wconf 51' lang='lat'><strong>¹</strong></span> <span class='ocrx_word' id='word_1_231' title='bbox 1684 3652 1687 3660; x_wconf 37' lang='grc' dir='ltr'>Ι</span> <span class='ocrx_word' id='word_1_232' title='bbox 1813 3579 1929 3650; x_wconf 65' lang='lat' dir='ltr'><strong>mg.</strong></span> 
     </span>
    </p>
   </div>
   <div class='ocr_carea' id='block_1_7' title="bbox 247 3684 2037 3823">
    <p class='ocr_par' dir='ltr' id='par_1_7' title="bbox 247 3684 2037 3823">
     <span class='ocr_line' id='line_1_26' title="bbox 247 3684 2037 3823; baseline -0.001 -31"><span class='ocrx_word' id='word_1_233' title='bbox 247 3684 250 3693; x_wconf 74' lang='lat'>,</span> <span class='ocrx_word' id='word_1_234' title='bbox 371 3711 573 3793; x_wconf 87' lang='lat' dir='ltr'><strong>Omnibus</strong></span> <span class='ocrx_word' id='word_1_235' title='bbox 602 3729 808 3820; x_wconf 86' lang='lat' dir='ltr'><strong>presentes</strong></span> <span class='ocrx_word' id='word_1_236' title='bbox 844 3712 998 3809; x_wconf 85' lang='lat' dir='ltr'><strong>litteras</strong></span> <span class='ocrx_word' id='word_1_237' title='bbox 1038 3712 1299 3823; x_wconf 85' lang='lat' dir='ltr'><strong>inspecturis,</strong></span> <span class='ocrx_word' id='word_1_238' title='bbox 1343 3707 1520 3795; x_wconf 71' lang='lat' dir='ltr'><strong>alicnus</strong></span> <span class='ocrx_word' id='word_1_239' title='bbox 1563 3725 1770 3800; x_wconf 75' lang='lat' dir='ltr'><strong>usntssort&#39;</strong></span> <span class='ocrx_word' id='word_1_240' title='bbox 1817 3719 1856 3796; x_wconf 89' lang='lat' dir='ltr'><strong>in</strong></span> <span class='ocrx_word' id='word_1_241' title='bbox 1900 3711 2037 3795; x_wconf 85' lang='lat' dir='ltr'><strong>domino</strong></span> 
     </span>
    </p>
   </div>
   <div class='ocr_carea' id='block_1_8' title="bbox 103 3823 2039 3936">
    <p class='ocr_par' dir='ltr' id='par_1_8' title="bbox 103 3823 2039 3936">
     <span class='ocr_line' id='line_1_27' title="bbox 103 3823 2039 3936; baseline -0.004 -30"><span class='ocrx_word' id='word_1_242' title='bbox 103 3915 106 3923; x_wconf 55' lang='grc'><em>,</em></span> <span class='ocrx_word' id='word_1_243' title='bbox 199 3823 371 3906; x_wconf 72' lang='grc' dir='ltr'><strong>”ἰ1]θεη</strong></span> <span class='ocrx_word' id='word_1_244' title='bbox 401 3825 553 3904; x_wconf 87' lang='lat' dir='ltr'><strong>cbristo</strong></span> <span class='ocrx_word' id='word_1_245' title='bbox 580 3823 748 3902; x_wconf 87' lang='lat' dir='ltr'><strong>salutem</strong></span> <span class='ocrx_word' id='word_1_246' title='bbox 779 3826 981 3928; x_wconf 82' lang='lat' dir='ltr'><strong>Quoniam</strong></span> <span class='ocrx_word' id='word_1_247' title='bbox 1015 3851 1061 3934; x_wconf 78' lang='lat' dir='ltr'><strong>ea</strong></span> <span class='ocrx_word' id='word_1_248' title='bbox 1090 3826 1276 3936; x_wconf 88' lang='lat' dir='ltr'><strong>querite</strong></span> <span class='ocrx_word' id='word_1_249' title='bbox 1305 3841 1504 3930; x_wconf 82' lang='lat' dir='ltr'><strong>aguntur,</strong></span> <span class='ocrx_word' id='word_1_250' title='bbox 1533 3824 1771 3908; x_wconf 86' lang='lat' dir='ltr'><strong>indubium</strong></span> <span class='ocrx_word' id='word_1_251' title='bbox 1805 3829 1906 3908; x_wconf 81' lang='lat' dir='ltr'><strong>verti</strong></span> <span class='ocrx_word' id='word_1_252' title='bbox 1932 3825 2039 3904; x_wconf 79' lang='lat' dir='ltr'><strong>solent</strong></span> 
     </span>
    </p>
   </div>
   <div class='ocr_carea' id='block_1_9' title="bbox 147 3931 2036 4840">
    <p class='ocr_par' dir='ltr' id='par_1_9' title="bbox 147 3931 2036 4840">
     <span class='ocr_line' id='line_1_28' title="bbox 255 3931 2036 4046; baseline -0.003 -28"><span class='ocrx_word' id='word_1_253' title='bbox 255 3954 295 4018; x_wconf 89' lang='lat' dir='ltr'><strong>et</strong></span> <span class='ocrx_word' id='word_1_254' title='bbox 326 3937 565 4046; x_wconf 90' lang='lat' dir='ltr'><strong>plerumque</strong></span> <span class='ocrx_word' id='word_1_255' title='bbox 593 3935 645 4015; x_wconf 90' lang='lat' dir='ltr'><strong>ab</strong></span> <span class='ocrx_word' id='word_1_256' title='bbox 674 3931 880 4016; x_wconf 89' lang='lat' dir='ltr'><strong>bominum</strong></span> <span class='ocrx_word' id='word_1_257' title='bbox 911 3941 1101 4018; x_wconf 91' lang='lat' dir='ltr'><strong>memoria</strong></span> <span class='ocrx_word' id='word_1_258' title='bbox 1131 3937 1292 4045; x_wconf 88' lang='lat' dir='ltr'><strong>penitus</strong></span> <span class='ocrx_word' id='word_1_259' title='bbox 1321 3933 1427 4016; x_wconf 85' lang='lat' dir='ltr'><strong>‘elabi</strong></span> <span class='ocrx_word' id='word_1_260' title='bbox 1459 3937 1533 4018; x_wconf 90' lang='lat' dir='ltr'><strong>nisi</strong></span> <span class='ocrx_word' id='word_1_261' title='bbox 1564 3937 1653 4018; x_wconf 87' lang='lat' dir='ltr'><strong>riua</strong></span> <span class='ocrx_word' id='word_1_262' title='bbox 1686 3965 1785 4020; x_wconf 81' lang='lat' dir='ltr'><strong>voce</strong></span> <span class='ocrx_word' id='word_1_263' title='bbox 1817 3939 1879 4020; x_wconf 83' lang='lat' dir='ltr'><strong>vel</strong></span> <span class='ocrx_word' id='word_1_264' title='bbox 1912 3937 2036 4017; x_wconf 86' lang='lat' dir='ltr'><strong>littera·</strong></span> 
     </span>
     <span class='ocr_line' id='line_1_29' title="bbox 254 4039 2034 4160; baseline -0.003 -31"><span class='ocrx_word' id='word_1_265' title='bbox 254 4077 343 4129; x_wconf 89' lang='lat' dir='ltr'><strong>rum</strong></span> <span class='ocrx_word' id='word_1_266' title='bbox 375 4047 606 4128; x_wconf 87' lang='lat' dir='ltr'><strong>testimonio</strong></span> <span class='ocrx_word' id='word_1_267' title='bbox 635 4047 716 4126; x_wconf 88' lang='lat' dir='ltr'><strong>sint</strong></span> <span class='ocrx_word' id='word_1_268' title='bbox 745 4047 888 4127; x_wconf 80' lang='lat' dir='ltr'><strong>vallata</strong></span> <span class='ocrx_word' id='word_1_269' title='bbox 918 4048 1070 4129; x_wconf 91' lang='lat' dir='ltr'><strong>Notum</strong></span> <span class='ocrx_word' id='word_1_270' title='bbox 1103 4047 1271 4128; x_wconf 86' lang='lat' dir='ltr'><strong>facimus</strong></span> <span class='ocrx_word' id='word_1_271' title='bbox 1296 4039 1377 4128; x_wconf 79' lang='lat' dir='ltr'><strong>tam</strong></span> <span class='ocrx_word' id='word_1_272' title='bbox 1394 4050 1564 4158; x_wconf 82' lang='lat' dir='ltr'><strong>posteris</strong></span> <span class='ocrx_word' id='word_1_273' title='bbox 1579 4069 1700 4159; x_wconf 81' lang='lat' dir='ltr'><strong>quum</strong></span> <span class='ocrx_word' id='word_1_274' title='bbox 1733 4049 1933 4154; x_wconf 81' lang='lat' dir='ltr'><strong>modernis</strong></span> <span class='ocrx_word' id='word_1_275' title='bbox 1948 4041 2034 4160; x_wconf 84' lang='lat' dir='ltr'><strong>quod</strong></span> 
     </span>
     <span class='ocr_line' id='line_1_30' title="bbox 147 4155 2036 4272; baseline -0.005 -31"><span class='ocrx_word' id='word_1_276' title='bbox 147 4183 153 4187; x_wconf 83' lang='grc'><em>·</em></span> <span class='ocrx_word' id='word_1_277' title='bbox 221 4187 344 4242; x_wconf 77' lang='lat' dir='ltr'><strong>&#39;cum</strong></span> <span class='ocrx_word' id='word_1_278' title='bbox 375 4158 595 4239; x_wconf 84' lang='lat' dir='ltr'><strong>venerabili</strong></span> <span class='ocrx_word' id='word_1_279' title='bbox 630 4176 765 4266; x_wconf 84' lang='lat' dir='ltr'><strong>patre,</strong></span> <span class='ocrx_word' id='word_1_280' title='bbox 799 4159 966 4240; x_wconf 89' lang='lat' dir='ltr'><strong>domiuo</strong></span> <span class='ocrx_word' id='word_1_281' title='bbox 1007 4160 1147 4259; x_wconf 63' lang='lat' dir='ltr'><strong>issara,</strong></span> <span class='ocrx_word' id='word_1_282' title='bbox 1192 4156 1395 4268; x_wconf 81' lang='lat' dir='ltr'><strong>Episcopo</strong></span> <span class='ocrx_word' id='word_1_283' title='bbox 1423 4155 1719 4266; x_wconf 78' lang='lat' dir='ltr'><strong>strengianensi</strong></span> <span class='ocrx_word' id='word_1_284' title='bbox 1747 4161 1952 4272; x_wconf 85' lang='lat' dir='ltr'><strong>quoddam</strong></span> <span class='ocrx_word' id='word_1_285' title='bbox 1979 4155 2036 4235; x_wconf 82' lang='lat' dir='ltr'><strong>leci</strong></span> 
     </span>
     <span class='ocr_line' id='line_1_31' title="bbox 250 4260 2036 4381; baseline -0.003 -29"><span class='ocrx_word' id='word_1_286' title='bbox 250 4271 452 4352; x_wconf 88' lang='lat' dir='ltr'><strong>cambium</strong></span> <span class='ocrx_word' id='word_1_287' title='bbox 483 4269 738 4378; x_wconf 87' lang='lat' dir='ltr'><strong>prediorum,</strong></span> <span class='ocrx_word' id='word_1_288' title='bbox 766 4266 952 4351; x_wconf 90' lang='lat' dir='ltr'><strong>videlicet</strong></span> <span class='ocrx_word' id='word_1_289' title='bbox 979 4263 1092 4381; x_wconf 81' lang='lat' dir='ltr'><strong>quod</strong></span> <span class='ocrx_word' id='word_1_290' title='bbox 1121 4268 1320 4379; x_wconf 85' lang='lat' dir='ltr'><strong>recipiens</strong></span> <span class='ocrx_word' id='word_1_291' title='bbox 1353 4267 1405 4350; x_wconf 85' lang='lat' dir='ltr'><strong>ab</strong></span> <span class='ocrx_word' id='word_1_292' title='bbox 1432 4298 1482 4351; x_wconf 86' lang='lat' dir='ltr'><strong>co</strong></span> <span class='ocrx_word' id='word_1_293' title='bbox 1507 4269 1677 4364; x_wconf 74' lang='lat' dir='ltr'><strong>curiam·</strong></span> <span class='ocrx_word' id='word_1_294' title='bbox 1718 4301 1809 4353; x_wconf 79' lang='lat' dir='ltr'><strong>uani</strong></span> <span class='ocrx_word' id='word_1_295' title='bbox 1851 4271 1981 4352; x_wconf 85' lang='lat' dir='ltr'><strong>babuit</strong></span> <span class='ocrx_word' id='word_1_296' title='bbox 2003 4260 2036 4345; x_wconf 86' lang='lat' dir='ltr'><strong>in</strong></span> 
     </span>
     <span class='ocr_line' id='line_1_32' title="bbox 250 4303 2033 4492; baseline -0.002 -32"><span class='ocrx_word' id='word_1_297' title='bbox 250 4381 479 4488; x_wconf 82' lang='lat' dir='ltr'><strong>tbiaegnaby</strong></span> <span class='ocrx_word' id='word_1_298' title='bbox 524 4410 625 4461; x_wconf 87' lang='lat' dir='ltr'><strong>eum-</strong></span> <span class='ocrx_word' id='word_1_299' title='bbox 650 4381 839 4465; x_wconf 87' lang='lat' dir='ltr'><strong>omnibus</strong></span> <span class='ocrx_word' id='word_1_300' title='bbox 866 4383 949 4461; x_wconf 91' lang='lat' dir='ltr'><strong>suis</strong></span> <span class='ocrx_word' id='word_1_301' title='bbox 983 4381 1236 4490; x_wconf 84' lang='lat' dir='ltr'><strong>attinencijs‚</strong></span> <span class='ocrx_word' id='word_1_302' title='bbox 1265 4399 1305 4462; x_wconf 87' lang='lat' dir='ltr'><strong>ct</strong></span> <span class='ocrx_word' id='word_1_303' title='bbox 1334 4383 1540 4492; x_wconf 84' lang='lat' dir='ltr'><strong>octoginta</strong></span> <span class='ocrx_word' id='word_1_304' title='bbox 1572 4303 1766 4464; x_wconf 72' lang='lat' dir='ltr'><strong>‚marellias</strong></span> <span class='ocrx_word' id='word_1_305' title='bbox 1803 4383 2033 4483; x_wconf 71' lang='lat' dir='ltr'><strong>denariorum</strong></span> 
     </span>
     <span class='ocr_line' id='line_1_33' title="bbox 246 4480 2032 4605; baseline -0.002 -37"><span class='ocrx_word' id='word_1_306' title='bbox 246 4494 397 4572; x_wconf 72' lang='lat' dir='ltr'><strong>usualis</strong></span> <span class='ocrx_word' id='word_1_307' title='bbox 425 4511 602 4589; x_wconf 81' lang='lat' dir='ltr'><strong>monete,</strong></span> <span class='ocrx_word' id='word_1_308' title='bbox 638 4492 800 4593; x_wconf 82' lang='lat' dir='ltr'><strong>Curiam</strong></span> <span class='ocrx_word' id='word_1_309' title='bbox 828 4519 951 4603; x_wconf 88' lang='lat' dir='ltr'><strong>quarn</strong></span> <span class='ocrx_word' id='word_1_310' title='bbox 979 4491 1105 4598; x_wconf 27' lang='lat' dir='ltr'><strong>babuli</strong></span> <span class='ocrx_word' id='word_1_311' title='bbox 1135 4494 1174 4572; x_wconf 89' lang='lat' dir='ltr'><strong>in</strong></span> <span class='ocrx_word' id='word_1_312' title='bbox 1204 4489 1422 4574; x_wconf 84' lang='lat' dir='ltr'><strong>Eldaesund</strong></span> <span class='ocrx_word' id='word_1_313' title='bbox 1452 4497 1542 4575; x_wconf 83' lang='lat' dir='ltr'><strong>cuin</strong></span> <span class='ocrx_word' id='word_1_314' title='bbox 1583 4480 1729 4602; x_wconf 39' lang='lat' dir='ltr'><strong>agris}</strong></span> <span class='ocrx_word' id='word_1_315' title='bbox 1752 4490 1903 4605; x_wconf 77' lang='lat' dir='ltr'><strong>pratis,</strong></span> <span class='ocrx_word' id='word_1_316' title='bbox 1941 4491 2032 4574; x_wconf 86' lang='lat' dir='ltr'><strong>sil&#39;uis</strong></span> 
     </span>
     <span class='ocr_line' id='line_1_34' title="bbox 208 4599 2031 4714; baseline -0.003 -32"><span class='ocrx_word' id='word_1_317' title='bbox 208 4625 214 4638; x_wconf 57' lang='lat'>²</span> <span class='ocrx_word' id='word_1_318' title='bbox 246 4604 429 4712; x_wconf 85' lang='lat' dir='ltr'><strong>piscariis</strong></span> <span class='ocrx_word' id='word_1_319' title='bbox 459 4620 499 4684; x_wconf 93' lang='lat' dir='ltr'><strong>et</strong></span> <span class='ocrx_word' id='word_1_320' title='bbox 528 4605 670 4685; x_wconf 88' lang='lat' dir='ltr'><strong>ceteris</strong></span> <span class='ocrx_word' id='word_1_321' title='bbox 701 4603 1000 4712; x_wconf 88' lang='lat' dir='ltr'><strong>pertinentibus</strong></span> <span class='ocrx_word' id='word_1_322' title='bbox 1029 4601 1082 4684; x_wconf 87' lang='lat' dir='ltr'><strong>ad</strong></span> <span class='ocrx_word' id='word_1_323' title='bbox 1112 4601 1292 4699; x_wconf 84' lang='lat' dir='ltr'><strong>eandem,</strong></span> <span class='ocrx_word' id='word_1_324' title='bbox 1322 4599 1665 4701; x_wconf 83' lang='lat' dir='ltr'><strong>Eidem&#39;reddidi,</strong></span> <span class='ocrx_word' id='word_1_325' title='bbox 1693 4623 1734 4687; x_wconf 89' lang='lat' dir='ltr'><strong>et</strong></span> <span class='ocrx_word' id='word_1_326' title='bbox 1764 4605 2031 4714; x_wconf 76' lang='lat' dir='ltr'><strong>tradidi&#39;pleao</strong></span> 
     </span>
     <span class='ocr_line' id='line_1_35' title="bbox 244 4710 2027 4840; baseline -0.004 -45"><span class='ocrx_word' id='word_1_327' title='bbox 244 4718 351 4808; x_wconf 89' lang='lat' dir='ltr'><strong>iure,</strong></span> <span class='ocrx_word' id='word_1_328' title='bbox 379 4715 559 4812; x_wconf 76' lang='lat' dir='ltr'><strong>adiecto,</strong></span> <span class='ocrx_word' id='word_1_329' title='bbox 601 4715 714 4825; x_wconf 91' lang='lat' dir='ltr'><strong>quod</strong></span> <span class='ocrx_word' id='word_1_330' title='bbox 743 4715 853 4795; x_wconf 84' lang='lat' dir='ltr'><strong>curie</strong></span> <span class='ocrx_word' id='word_1_331' title='bbox 895 4741 1017 4825; x_wconf 88' lang='lat' dir='ltr'><strong>quam</strong></span> <span class='ocrx_word' id='word_1_332' title='bbox 1047 4710 1181 4796; x_wconf 87' lang='lat' dir='ltr'><strong>adbuc</strong></span> <span class='ocrx_word' id='word_1_333' title='bbox 1206 4713 1330 4795; x_wconf 87' lang='lat' dir='ltr'><strong>babet</strong></span> <span class='ocrx_word' id='word_1_334' title='bbox 1372 4713 1477 4798; x_wconf 89' lang='lat' dir='ltr'><strong>idem</strong></span> <span class='ocrx_word' id='word_1_335' title='bbox 1507 4713 1708 4798; x_wconf 90' lang='lat' dir='ltr'><strong>domin&#39;us&#39;</strong></span> <span class='ocrx_word' id='word_1_336' title='bbox 1730 4712 2027 4840; x_wconf 77' lang='lat' dir='ltr'><strong>strangiauensis</strong></span> 
     </span>
    </p>
   </div>
   <div class='ocr_carea' id='block_1_10' title="bbox 107 4821 2026 4936">
    <p class='ocr_par' dir='ltr' id='par_1_10' title="bbox 107 4821 2026 4936">
     <span class='ocr_line' id='line_1_36' title="bbox 107 4821 2026 4936; baseline -0.005 -27"><span class='ocrx_word' id='word_1_337' title='bbox 107 4879 123 4912; x_wconf 81' lang='lat'><strong>·.</strong></span> <span class='ocrx_word' id='word_1_338' title='bbox 207 4830 286 4908; x_wconf 91' lang='lat' dir='ltr'><strong>·in</strong></span> <span class='ocrx_word' id='word_1_339' title='bbox 316 4823 618 4936; x_wconf 87' lang='lat' dir='ltr'><strong>muudistborp,</strong></span> <span class='ocrx_word' id='word_1_340' title='bbox 660 4854 744 4936; x_wconf 88' lang='lat' dir='ltr'><strong>que</strong></span> <span class='ocrx_word' id='word_1_341' title='bbox 770 4827 954 4936; x_wconf 88' lang='lat' dir='ltr'><strong>predicte</strong></span> <span class='ocrx_word' id='word_1_342' title='bbox 982 4830 1096 4908; x_wconf 86' lang='lat' dir='ltr'><strong>curie</strong></span> <span class='ocrx_word' id='word_1_343' title='bbox 1124 4825 1358 4935; x_wconf 81' lang='lat' dir='ltr'><strong>tbiaegnaby</strong></span> <span class='ocrx_word' id='word_1_344' title='bbox 1398 4841 1477 4922; x_wconf 46' lang='lat' dir='ltr'><strong>est,</strong></span> <span class='ocrx_word' id='word_1_345' title='bbox 1502 4830 1715 4936; x_wconf 74' lang='lat' dir='ltr'><strong>contigan</strong></span> <span class='ocrx_word' id='word_1_346' title='bbox 1768 4831 1811 4912; x_wconf 91' lang='lat' dir='ltr'><strong>in</strong></span> <span class='ocrx_word' id='word_1_347' title='bbox 1845 4831 1952 4911; x_wconf 83' lang='lat' dir='ltr'><strong>metis</strong></span> <span class='ocrx_word' id='word_1_348' title='bbox 1975 4821 2026 4902; x_wconf 81' lang='lat' dir='ltr'><strong>rel</strong></span> 
     </span>
    </p>
   </div>
   <div class='ocr_carea' id='block_1_11' title="bbox 243 4936 2024 5064">
    <p class='ocr_par' dir='ltr' id='par_1_11' title="bbox 243 4936 2024 5064">
     <span class='ocr_line' id='line_1_37' title="bbox 243 4936 2024 5064; baseline 0 -46"><span class='ocrx_word' id='word_1_349' title='bbox 243 4938 563 5051; x_wconf 79' lang='lat' dir='ltr'><strong>possessionibus</strong></span> <span class='ocrx_word' id='word_1_350' title='bbox 597 4937 842 5048; x_wconf 88' lang='lat' dir='ltr'><strong>aliquatinus</strong></span> <span class='ocrx_word' id='word_1_351' title='bbox 871 4964 956 5021; x_wconf 87' lang='lat' dir='ltr'><strong>non</strong></span> <span class='ocrx_word' id='word_1_352' title='bbox 982 4936 1204 5064; x_wconf 83' lang='lat' dir='ltr'><strong>derogetur</strong></span> <span class='ocrx_word' id='word_1_353' title='bbox 1239 4937 1346 5050; x_wconf 81' lang='lat' dir='ltr'><strong>vnde</strong></span> <span class='ocrx_word' id='word_1_354' title='bbox 1374 4953 1494 5034; x_wconf 86' lang='lat' dir='ltr'><strong>testes</strong></span> <span class='ocrx_word' id='word_1_355' title='bbox 1522 4955 1563 5022; x_wconf 86' lang='lat' dir='ltr'><strong>et</strong></span> <span class='ocrx_word' id='word_1_356' title='bbox 1591 4938 1788 5040; x_wconf 76' lang='lat' dir='ltr'><strong>firmarii,</strong></span> <span class='ocrx_word' id='word_1_357' title='bbox 1822 4943 1891 5054; x_wconf 88' lang='lat' dir='ltr'><strong>qui</strong></span> <span class='ocrx_word' id='word_1_358' title='bbox 1918 4937 2024 5046; x_wconf 81' lang='lat' dir='ltr'><strong>wlga-</strong></span> 
     </span>
    </p>
   </div>
   <div class='ocr_carea' id='block_1_12' title="bbox 0 0 2164 5975">
    <p class='ocr_par' dir='ltr' id='par_1_12' title="bbox 0 0 2164 5975">
     <span class='ocr_line' id='line_1_38' title="bbox 0 0 2164 5975; baseline 0 0"><span class='ocrx_word' id='word_1_359' title='bbox 0 0 2164 5975; x_wconf 95' lang='lat' dir='ltr'><strong> </strong></span> 
     </span>
    </p>
   </div>
  </div>
 </body>
</html>
