4317 5975
772 444 829 466 .-.
948 405 1192 502 305-

77 624 242 737 lengum
255 622 455 705 habuerit.
485 620 615 703 eidem
632 591 796 705 domiuo
825 626 905 706 .W.
935 628 1143 733 preposito
1162 622 1720 715 ¹sentencialiteradiudieaui.
1748 624 1877 709 dictos

78 732 180 817 duos
210 752 402 841 attungos
416 762 504 814 cum
520 734 709 818 omnibus
726 735 946 817 eorundem
966 738 1205 821 attinenciis.
1235 736 1485 821 vendicandi.
1515 738 1753 843 occupandi.
1784 766 1877 847 pos·
1978 788 1981 797 ν
2084 730 2089 737 ’

19 917 24 925 ,
78 846 246 927 sidendi.
276 844 448 927 colendi.
476 844 713 927 seminandi.
742 845 1009 927 inhabitandi.
1038 849 1196 931 arandi.
1230 848 1417 932 metendi.
1447 852 1586 959 ibique
1609 850 1767 929 fructus
1795 851 1879 929 col·

80 959 228 1067 ligendi
257 974 297 1046 et
327 957 530 1039 seruandi.
561 958 718 1067 plenam
753 974 794 1038 et
824 958 991 1038 liberam
1025 958 1158 1067 legum
1190 964 1428 1043 auctoritate
1456 958 1682 1043 concedens
1710 961 1879 1041 faculta-

79 1087 171 1150 tem.
201 1070 308 1150 Huic
337 1070 463 1178 igitur
491 1068 599 1147 facto
629 1071 909 1150 interfuerunt.
936 1072 1113 1150 Domini.
1145 1074 1357 1183 Haquinus
1386 1070 1517 1153 dictus
1540 1072 1670 1153 laem'ae.
1700 1089 1740 1151 et
1770 1073 1880 1151 uico·

79 1182 165 1262 laus
194 1181 426 1261 tbrotaeson.
454 1208 557 1262 cum.
585 1180 768 1262 dobanue
799 1183 988 1289 ingaeson.
1018 1181 1217 1266 Swenone
1245 1182 1296 1265 de
1326 1183 1486 1289 laeluby.
1516 1183 1690 1291 Siggone
1716 1181 1881 1263 thorda·

78 1318 162 1374 son.
197 1308 237 1372 et
264 1294 380 1385 diaco
410 1291 672 1375 niclassaeson.
702 1320 775 1375 uec
806 1320 887 1374 uon
916 1310 958 1373 et
986 1295 1073 1374 aliis
1088 1312 1217 1405 'quam
1237 1296 1419 1403 plurimis
1437 1294 1704 1377 nobilioribus
1732 1310 1773 1373 et
1802 1292 1884 1374 dis-

79 1402 325 1485 crecioribus
368 1404 528 1511 osgocie
557 1420 638 1485 tam
668 1406 823 1487 clericis
850 1434 973 1515 quam
1002 1405 1139 1513 laycis.
1199 1408 1385 1510 Quorum
1427 1406 1555 1512 sigilla
1586 1405 1637 1487 ad
1667 1407 1883 1513 premisso·

81 1544 168 1595 rum
197 1513 446 1620 euidenciam
478 1514 701 1623 pleniorem
731 1546 777 1597 ac
805 1516 1031 1597 firmiorem.
1057 1546 1135 1599 vna
1165 1547 1254 1599 cum
1278 1545 1376 1601 meo
1406 1517 1659 1626 presentibus
1687 1534 1780 1597 sunt
1809 1544 1882 1624 ap·
1982 1559 1987 1573 =

80 1620 215 1736 pensa.
243 1628 394 1705 Datum
425 1626 514 1705 loeo
543 1642 584 1705 et
612 1624 677 1707 die
704 1625 958 1736 supradictis.

386 1774 390 1781 '
502 1771 657 1856 „sigillent
679 1774 737 1837 Nto
763 1794 775 1835 r
801 1772 908 1851 borta;
928 1769 1092 1869 litua-6
1113 1770 1286 1857 obetydligt
1307 1769 1451 1834 skadade.

92 2154 263 2279 1417.
732 2136 877 2267 1304
923 2135 971 2240 d.
1021 2137 1093 2243 26
1140 2138 1246 2241 Jan.
1663 2114 1892 2242 Orcbro„

164 2354 301 2434 Kouung
318 2354 448 2416 Braneus
469 2352 642 2436 Resallning
664 2357 710 2417 till
732 2354 888 2435 Edsbergs
917 2356 1045 2417 sociem
1066 2354 1228 2434 invenere,
1261 2365 1306 2415 att
1329 2352 1494 2435 ingaluuda
1528 2362 1605 2416 satta
1627 2356 1671 2437 sig
1693 2340 1887 2418 emot'llise-
1957 2426 1959 2431 ,

214 2438 313 2515 berga
336 2438 466 2499 klosters
486 2437 523 2499 ul
539 2438 628 2533 dlder
649 2442 785 2501 erltnda
808 2438 954 2521 rattigbet
976 2442 1023 2503 till
1046 2439 1164 2503 var-den
1187 2460 1238 2501 om
1261 2440 1351 2501 derat
1383 2437 1562 2519 ldrtamling
1594 2438 1654 2501 ocb
1678 2441 1892 2502 iulomsternn
2018 2500 2023 2509 ,

215 2520 254 2582 af
270 2511 457 2583 diusamma.

1634 2602 1668 2656 A.
1684 2605 1709 2656 3.
1728 2618 1755 2673 ¹².-
1820 2674 1829 2683 .

98 2835 105 2845 ,
197 2738 400 2819 Brnuenus
429 2732 494 2819 dei
524 2739 658 2847 gracia
688 2766 887 2821 swcorum
918 2736 1219 2849 gothorumque
1248 2739 1347 2833 Rex,
1378 2738 1569 2820 Discretis
1598 2740 1694 2820 viris
1723 2739 1885 2819 uniuer-

78 2854 139 2932 sis
168 2866 208 2930 et
240 2850 409 2957 singulis
439 2850 694 2959 parochianis
727 2852 892 2933 ecclesie
934 2851 1134 2958 eezbergh
1176 2852 1226 2929 Jn
1258 2847 1423 2930 domino
1462 2852 1656 2959 graciam,
1700 2848 1888 2931 dileccio-

77 2991 176 3044 nem
206 2977 247 3042 et
275 2961 464 3060 salutem,
492 2960 699 3043 Noueritis
737 2991 808 3044 uos
836 2993 886 3044 ex
927 2961 1127 3045 relacione
1170 2958 1373 3067 lidedigna
1415 2959 1679 3044 discretorum
1710 2960 1887 3070 plurium

79 3077 284 3156 veraciter
312 3071 518 3169 didicisse,
546 3074 657 3181 quod
688 3075 852 3154 ecclesia
883 3093 1014 3156 vestra
1059 3077 1137 3156 sub
1165 3074 1425 3154 ordinacione
1453 3090 1493 3154 et
1521 3075 1716 3184 regimine
1743 3075 1891 3152 sancti·

78 3183 319 3267 monialium
349 3184 582 3291 monasterii
625 3185 907 3292 Risiberghum
937 3187 1070 3267 luerat
1097 3186 1150 3266 ab
1179 3185 1364 3294 antiquo,
1393 3183 1443 3264 de
1471 3213 1551 3294 qua
1581 3186 1706 3264 eciam
1737 3185 1899 3266 fructus»

79 3297 297 3377 annuatim
326 3296 610 3403 prouenientes
639 3314 907 3405 perceperant
935 3293 1109 3378 domine·
1128 3294 1361 3401 monasterij
1375 3296 1610 3402 supradicti,
1632 3298 1779 3398 Quare·
1798 3322 1890 3374 cum

80 3407 315 3499 beniuolus,
331 3434 513 3486 assensus
542 3405 770 3486 lleuerendi
801 3409 927 3515 patris
957 3409 1118 3490 Domini
1148 3405 1264 3508 isari
1286 3404 1350 3486 dei
1380 3407 1508 3514 gracia
1542 3407 1732 3514 Episcopi
1762 3423 1891 3488 streu-

79 3511 273 3629 genensis
301 3515 352 3596 ad
380 3518 459 3598 hoc
493 3516 678 3615 accedat,
706 3520 819 3627 quod
849 3517 1037 3600 decetero
1064 3521 1169 3610 sicut
1198 3517 1595 3623 lractenus2regimen
1620 3515 1797 3598 habeant
1826 3546 1891 3597 ec·

82 3631 208 3711 clesie
244 3625 423 3708 eiusdem
471 3625 634 3708 domine
676 3629 930 3738 supradicte,
974 3630 1160 3711 volumus
1198 3643 1239 3709 et
1274 3627 1453 3709 districte
1483 3627 1598 3709 vobis
1630 3627 1891 3736 precipiendo

80 3739 320 3822 mandamus
347 3741 553 3841 Quatin'us
584 3765 707 3848 super
736 3743 967 3849 prouisione
995 3770 1064 3821 seu
1090 3741 1281 3849 regimine
1318 3738 1381 3817 vel
1410 3741 1534 3818 eciam
1567 3741 1769 3818 fructuum
1802 3769 1892 3847 per·

80 3853 281 3962 eepeione
316 3849 482 3931 ecclesie
510 3867 749 3946 memorate,
790 3853 920 3934 dictas
948 3853 1132 3934 dominas
1169 3850 1399 3930 nullatenus
1442 3850 1658 3958 probibere
1686 3851 1748 3929 vel
1779 3852 1890 3957 inpe-
2021 3917 2034 3948 ⁸.

79 3964 178 4047 dire
208 3964 470 4073 presumatis,
498 3964 597 4072 quin
628 3963 769 4071 pocius
797 3964 894 4072 ipsis
922 3963 1120 4043 iusticiam
1164 3958 1433 4042 omnimodam
1479 3979 1601 4069 prout
1631 3989 1650 4039 a
1679 3965 1892 4044 retroactis

80 4074 344 4186 temporibus
371 4073 520 4174 eisdem
549 4071 791 4154 dominabus
818 4074 910 4165 lieri
932 4075 1163 4169 consueuit,
1192 4069 1383 4156 exhibere
1412 4073 1577 4168 curetis,
1618 4091 1740 4181 prout
1768 4072 1892 4153 rlcio·

81 4216 182 4270 nem
211 4203 388 4266 nostram
417 4184 628 4265 volueritis
656 4185 829 4282 euitare,
858 4187 960 4266 Nam
989 4182 1222 4294 supradicte
1265 4182 1427 4263 domine
1457 4183 1573 4263 nobis
1602 4185 1767 4263 firmiter
1798 4211 1892 4292 pro-

80 4302 289 4382 miserunt
315 4294 427 4408 quod
457 4299 729 4378 reuerenciam
762 4323 922 4377 omnem
951 4313 992 4376 et
1021 4293 1315 4391 obedienciam,
1353 4320 1400 4373 ac
1436 4295 1649 4374 seruicium
1680 4293 1794 4374 vobis
1823 4292 1893 4375 de·

80 4413 242 4507 bitum,
278 4409 320 4490 in
348 4407 535 4489 omnibus
563 4425 605 4488 et
633 4409 800 4515 siugulis
842 4408 944 4487 sicut
984 4403 1101 4487 decet
1140 4425 1179 4486 et
1208 4401 1371 4514 expedit
1413 4403 1686 4500 exhibebunt,
1744 4405 1891 4486 Datum

80 4521 205 4635 apud
232 4521 386 4616 crabro
414 4522 534 4601 Auno
563 4518 717 4601 domini
745 4517 817 4613 Μ’.
847 4519 966 4600 coe‘
998 4533 1166 4630 quarto,
1194 4516 1395 4628 dominica
1424 4517 1723 4626 septuagesime.

470 4662 590 4751 sigillet
611 4661 756 4740 siadadt,
779 4661 940 4744 lrtngunde
961 4662 1002 4747 pt
1020 4683 1061 4725 en
1084 4683 1121 4726 ur
1144 4660 1262 4726 berver
1284 4658 1385 4746 tlippt
1408 4679 1516 4722 renue.
1602 4654 1608 4663 ’

233 4989 279 5128 3²⁹5
297 5033 416 5108 cipum.
434 5033 489 5128 ¹¹2¹.
