4317 5975
849 368 1376 467 ,κάθῃ

108 643 112 666 1
204 579 317 675 vab
345 594 462 676 obitu
490 618 581 675 meo
665 589 877 687 rberedes
905 618 1013 672 meos
1041 590 1292 699 persolutum
1315 608 1474 681 extunc
1489 588 1589 697 dictj
1618 588 1760 674 fratres
1788 598 2021 704 supradictam

263 723 411 786 terram
441 706 568 789 libere
625 702 844 811 istrahendj
866 705 1108 814 cuicumque
1136 704 1193 783 cis
1222 701 1419 813 placuerit
1439 702 1616 785 babeant
1645 712 2060 810 paternensem·

261 819 317 897 sie
346 817 495 899 knifsta
524 818 637 897 cuius
666 833 832 899 curatus
861 814 932 923 fnj.
961 814 1128 904 confero
1142 834 1222 897 tres
1239 840 1404 897 marcas.
1434 812 1611 895 Ecclesie
1634 812 1832 920 upsalensi
1846 836 1919 899 tres
1943 854 2024 909 mar-

86 945 90 953 ·
208 1019 225 1037 *¹
246 956 340 1009 'cas
402 927 466 1009 Ad
508 925 673 1009 domum
716 927 783 1009 dei
814 926 979 1034 upsaiie
1021 954 1141 1007 vuum
1185 955 1368 1008 marcam.
1410 924 1605 1005 fratribus
1654 924 1802 1007 ibidem
1851 928 2023 1019 dimidiam

259 1035 446 1134 marcam.
475 1040 669 1121 fratribus
696 1039 897 1147 euircopie
922 1036 1127 1119 dimidiam
1144 1064 1329 1121 marcam.
1361 1032 1552 1144 hospitali
1567 1036 1716 1118 ibidem
1731 1036 1926 1123 dimidiam
1944 1075 2025 1127 mar·

259 1179 359 1257 cam.
388 1151 566 1233 Ecclesie
598 1151 763 1259 amlingi
793 1178 912 1229 ruam
942 1176 1127 1230 marcam.
1175 1151 1278 1231 Jtem
1310 1149 1555 1259 pauperibus
1602 1147 1908 1261 quibuscunque
1934 1153 2025 1239 dimi·
2092 1240 2095 1249 ,

137 1342 146 1369 ,
259 1258 366 1344 diam
397 1289 580 1342 marcam.
610 1264 714 1343 Jtem
743 1258 954 1369 jugiualdo
983 1260 1097 1340 fratri
1127 1288 1216 1341 meo
1245 1289 1367 1342 vnrrm
1396 1260 1583 1340 iuuenem
1604 1285 1736 1369 equm.
1765 1286 1881 1343 vnam
1909 1293 2024 1373 equam

258 1374 413 1481 nigram
441 1388 483 1452 et
508 1401 630 1458 roam
661 1402 835 1455 naccam.
865 1376 974 1481 Jtem
998 1370 1135 1451 cecilie
1168 1372 1300 1481 sororj
1321 1369 1408 1495 ‘mcj
1436 1371 1648 1453 tabardum
1680 1397 1822 1452 meum.
1851 1376 2025 1485 Exequto

258 1512 322 1565 res
350 1483 470 1591 hujus
499 1486 577 1565 mei
619 1486 849 1595 testamenti
884 1485 1090 1567 constituo
1134 1480 1387 1565 karissimum
1430 1481 1597 1588 fratrem
1638 1510 1770 1563 meum
1810 1484 2027 1595 jngiualdun

227 1598 371 1704 cujus
400 1598 525 1676 eciam
555 1624 715 1677 assensu
746 1596 820 1678 hec
848 1598 983 1676 omnia
1011 1594 1099 1703 fecj.
1128 1611 1170 1675 et
1198 1595 1360 1677 fratrem
1391 1594 1609 1675 'Phocicum
1639 1593 1931 1679 siktuniensem.
1955 1627 2027 1706 cog·

116 1735 122 1755 ¹
201 1790 211 1810 ,b
257 1724 397 1788 uatum
429 1734 573 1788 meum.
602 1708 739 1789 Testes
770 1705 1042 1817 predictorum
1071 1724 1168 1786 sunt
1203 1709 1280 1787 isti.
1319 1706 1597 1815 gregoriusin
1629 1705 1801 1813 impingi.
1828 1708 2027 1790 *asmundus

137 1845 140 1850 ·
232 1818 415 1898 'milliens
443 1817 599 1926 dominj
626 1820 779 1929 aberoj.
811 1816 979 1899 Michael
1009 1815 1061 1896 de
1090 1814 1279 1924 gridiibir.
1320 1816 1540 1926 regnaldus
1582 1816 1744 1896 ibidem.
1784 1818 2027 1900 kiaetilbornus

250 1931 309 2031 *de
337 1931 524 2038 engiabir.
557 1931 747 2011 Nicolaus
776 1926 827 2010 de
857 1928 948 2008 teri.
978 1932 1179 2031 ctericus
1208 1929 1369 2015 ibidem.
1398 1930 1448 2005 Jn
1478 1930 1763 2035 premissorum
1779 1946 1906 2009 autem
1927 1930 2028 2011 robur

258 2039 574 2121 et‘euidenciam
604 2042 819 2122 firmiorem
847 2039 1048 2149 siggilium
1078 2066 1208 2119 meum
1238 2038 1493 2150 presentibus
1521 2056 1581 2119 est
1610 2067 1830 2147 appensum
1860 2070 1933 2121 vna
1958 2070 2028 2121 cun

257 2151 424 2259 siggiliis
452 2154 716 2233 discretorum
745 2154 924 2262 uirorum
955 2148 1127 2248 domini,
1171 2151 1346 2233 omunda
1388 2150 1438 2229 de
1480 2152 1672 2258 opinserg
1702 2168 1753 2261 et
1795 2150 1942 2233 domini
1965 2152 2028 2232 lan-

122 2302 128 2311 s
256 2262 385 2370 rencij
408 2260 463 2363 ‚de
493 2262 747 2345 u'adsuudum
779 2290 936 2343 necnon
966 2280 1005 2341 et
1033 2259 1169 2341 fratris
1207 2263 1285 2370 mej
1322 2260 1541 2369 Jngiualdj.
1598 2264 1746 2346 Datum
1778 2262 1920 2345 knifsta
1945 2290 2027 2343 auno

103 2405 107 2413 ·
257 2373 410 2455 domini
440 2376 515 2455 Μ’.
546 2376 675 2484 CCC',
697 2376 824 2457 tercio
853 2376 895 2475 in
925 2374 1102 2453 crastino
1131 2376 1311 2455 omnium
1339 2390 1582 2455 sanctorum.

855 2515 981 2598 Sigilieu
1005 2537 1071 2578 mer
1093 2514 1152 2580 och
1176 2516 1296 2579 mindre
1317 2514 1460 2579 siadade.

267 2855 437 3034 1411.
747 2895 751 2905 ’
917 2886 1062 2994 r303
1111 2882 1159 2990 d.
1204 2886 1238 2990 6
1286 2884 1412 2993 Nos.
1922 2882 2029 2990 Viht

337 3104 439 3169 Eume
459 3108 573 3172 Ioum
588 3106 631 3170 af
647 3103 771 3188 Nybble
792 3106 907 3170 dotters
937 3105 1133 3171 Testamentc
1160 3108 1208 3172 tili
1239 3103 1567 3170 Predikarobriiderua
1588 3105 1598 3166 i
1619 3105 1745 3188 Sigtuua
1779 3105 1816 3168 cf
1842 3105 1906 3170 deu
1933 3103 2031 3168 andeli

388 3190 449 3250 den
470 3191 548 3272 gdrd
570 3190 633 3251 hon
655 3190 743 3253 bade.
758 3190 817 3252 ttc
837 3191 875 3252 cf
891 3189 1023 3252 Iuliana.
1049 3276 1052 3282 Ι
1805 3269 1873 3325 M
1899 3289 1921 3327 c·

366 3408 418 3486 Jn
446 3407 620 3493 nomine
639 3408 763 3516 patris
792 3424 832 3487 et
862 3406 933 3487 filii
962 3423 1002 3487 et
1031 3407 1197 3516 spiritus
1212 3411 1341 3491 sancti
1356 3411 1494 3490 Amen.
1523 3407 1612 3514 Ego
1641 3429 1765 3488 scisne
1783 3430 1886 3498 rrum
1912 3425 2030 3484 sonan·

255 3541 319 3632 rus
348 3517 403 3599 de.
429 3511 584 3625 mibyli.
613 3545 780 3625 compos
819 3533 963 3598 mente.
994 3538 1034 3600 et
1060 3517 1320 3625 jncolnminis
1362 3545 1545 3628 corpore.
1588 3516 1639 3598 de
1668 3515 1827 3598 modica
1870 3516 2030 3597 substan·

179 3717 184 3722 ,
255 3629 357 3708 ciola
389 3654 474 3708 mea
496 3627 629 3709 'saluti
656 3631 787 3708 anime
814 3656 901 3709 mee
928 3632 1096 3737 cupiens
1125 3632 1350 3738 prouidere.
1380 3634 1432 3712 Jn
1461 3657 1638 3710 meorum
1661 3629 1931 3710 remissionem
1947 3651 2032 3734 'pec-

161 3790 175 3826 a
255 3759 448 3822 catorum.
478 3739 672 3821 fratribus
702 3738 1024 3846 predicatoribus
1053 3742 1221 3822 sictonie
1247 3741 1357 3853 apud
1386 3771 1490 3854 quos
1505 3744 1628 3822 eciam
1652 3741 1838 3850 corporis
1855 3741 1927 3819 mei
1946 3738 2030 3841 eligo

216 3850 514 3959 fsepultnram.
557 3851 648 3958 lego
678 3868 832 3958 partem
877 3881 1004 3932 meam
1033 3853 1075 3931 in
1106 3857 1215 3934 curia
1253 3883 1375 3965 quam
1415 3851 1630 3934 laudabilis
1672 3854 1862 3932 memorie
1901 3848 2029 3957 juliam

254 3964 353 4043 mihi
382 3979 476 4043 ante
520 3979 689 4044 mortem
711 3981 846 4044 'suam
884 3963 995 4046 dedit
1036 3982 1079 4042 et
1119 3965 1215 4045 volo
1256 3964 1514 4075 vtpredicta
1557 3993 1661 4073 pars.
1690 3981 1740 4044 et
1769 3962 1928 4044 dimidia
1954 3981 2030 4066 pars

254 4077 365 4156 curie
394 4077 581 4182 superius
609 4077 813 4155 nominate
851 4103 923 4184 per
951 4075 1073 4154 filiam
1116 4103 1244 4156 meam
1287 4077 1522 4157 christinam
1558 4077 1592 4156 si
1621 4077 1706 4184 ipsa
1750 4091 1844 4184 post
1886 4085 2030 4151 mortem

150 4249 161 4257 .
214 4213 218 4221 ·
255 4213 380 4266 ineam
405 4189 557 4267 'vixerit
585 4215 608 4266 a
637 4186 830 4266 fratribus
860 4189 1087 4269 memoratis
1117 4217 1193 4295 pro
1221 4191 1403 4301 quinque
1432 4189 1576 4270 Marcis
1597 4187 1854 4266 denariorum
1884 4180 2029 4262 redima-

254 4316 323 4377 tur
350 4297 460 4404 jnsra
487 4326 638 4378 anuum
666 4314 758 4404 post
785 4295 989 4379 decessum
1018 4323 1164 4378 meum.
1194 4304 1227 4380 si
1257 4316 1390 4379 tamen
1421 4301 1508 4406 ipsa
1536 4297 1615 4380 filia
1644 4325 1729 4378 mea
1759 4313 1911 4406 partem
1939 4292 2058 4402 illim·

121 4427 124 4432 ·
255 4405 452 4489 redimere
481 4409 657 4489 voluerit
684 4425 726 4488 et
754 4407 961 4489 suffecerit
988 4427 1029 4489 et
1057 4409 1212 4518 absque
1241 4411 1440 4507 calumnia
1476 4412 1714 4518 cuiusquam
1758 4407 1926 4488 valuerit
1950 4427 2027 4512 pos·

214 4550 217 4558 ¹
254 4514 424 4600 sideudo
454 4522 642 4601 retinere
669 4519 851 4630 alioquin
882 4520 1052 4628 predicti
1072 4521 1224 4609 iratres
1253 4539 1408 4629 partem
1430 4521 1508 4602 sibi
1531 4523 1698 4629 legatam
1728 4517 1952 4627 supradicte
1972 4540 2028 4591 cu·

255 4632 314 4712 rie
343 4634 572 4741 cuicunque
602 4631 804 4724 volueriut
830 4649 871 4712 et
898 4634 1030 4712 carius
1060 4647 1255 4738 poterunt
1284 4632 1464 4714 vendere
1488 4633 1654 4714 liberam
1671 4630 1849 4710 habeant
1877 4642 2027 4741 potesta·

255 4761 346 4824 tem.
375 4759 495 4822 testes
524 4743 645 4849 huius
673 4739 942 4824 ordinacionis
971 4771 1057 4824 moe
1073 4760 1275 4850 presentes
1305 4745 1480 4824 fuerunt.
1507 4741 1669 4824 domina
1685 4769 1771 4822 mea
1795 4733 2028 4848 Ragnburgis

254 4848 538 4934 iiiiafcondam
567 4853 719 4936 domini
747 4853 900 4960 jsraelis
944 4855 1111 4964 legiferi.
1141 4854 1240 4935 baro
1272 4857 1473 4962 helsiuger
1515 4871 1656 4964 petrus
1684 4853 1734 4936 de
1763 4849 1942 4956 borungi.
1970 4845 2025 4922 ka·

255 4973 348 5048 teria
375 4995 479 5050 vxor
506 4994 589 5049 sua.
618 4981 840 5077 margareta
869 4984 911 5048 et
939 4965 1170 5077 Rangfridis
1199 4967 1346 5049 famule
1358 4967 1520 5048 domine
1547 4969 1605 5080 ‚R
1621 4984 1674 5048 ·et
1699 4966 1842 5048 fratres
1863 4961 1910 5044 de
1926 4959 2025 5039 sicto·
