4317 5975
970 502 1031 539 s·-
1141 475 1221 551 tto
1327 486 1393 539 ιδ

274 684 479 775 stantibus
505 685 610 765 Jtem
637 678 738 762 duas
766 704 859 761 oras
886 696 993 764 terre
1029 680 1090 765 in‘
1109 708 1322 795 spargunt,
1359 700 1486 791 quant
1521 671 1789 758 donacionem
1822 678 1966 766 Ratam
1997 684 2067 791 bas

276 795 358 883 beo
386 802 428 879 8(
452 824 537 879 esse
563 791 673 891 volo,
700 797 740 872 8(
766 796 1021 901 presentibus
1050 796 1180 905 ipsam
1207 794 1418 889 confirmo,
1446 792 1552 869 Jtcm
1580 788 1766 870 arnwido
1797 790 1881 871 filio
1904 794 2071 927 solepnis

276 904 445 991 confero
473 914 513 987 8(
540 906 653 1012 Lego
682 904 830 984 Decem
858 904 1009 990 solidos
1036 907 1081 986 in
1110 904 1362 1013 signandae.
1397 928 1491 983 eum
1519 894 1732 982 medietate
1760 899 1972 987 domorum
2000 909 2072 992 tbi·

274 1016 369 1102 dem
397 1030 733 1113 constructarum,
761 1018 867 1095 Jtem
900 1021 1033 1117 Petro,
1068 1018 1311 1113 Laurencio,
1345 1012 1498 1096 Jacobo
1535 1014 1577 1117 8(
1611 1010 1771 1096 andree.
1798 1014 1889 1095 liliis
1918 1018 2070 1102 Nicolai

275 1124 328 1209 de
355 1156 542 1209 amarum.
571 1121 737 1208 confero
765 1125 902 1208 decern
930 1157 1022 1209 oras
1050 1144 1158 1209 terre
1188 1130 1232 1208 in
1261 1132 1549 1230 asprosswnam
1563 1117 1768 1203 Marchanr
1783 1140 1891 1206 terre
1904 1127 1949 1207 in
1964 1126 2085 1238 lang-1

66 1355 68 1363 st
198 1256 206 1275 “
273 1237 383 1319 ‘natm
411 1244 451 1320 8(
479 1254 668 1331 swarmot.
698 1266 790 1318 cum
817 1240 1007 1320 omnibus
1036 1240 1156 1320 bonis
1184 1239 1404 1319 mobilibus
1430 1242 1471 1315 8(
1498 1222 1773 1315 immobilibus
1807 1238 1851 1317 in
1883 1237 2074 1345 predictis

273 1348 428 1459 predijs
457 1350 735 1445 existentibus,
764 1353 869 1431 Jtem
911 1351 953 1431 in
989 1352 1182 1459 sretlingi
1222 1350 1416 1432 tredecim
1458 1371 1552 1426 oras
1592 1359 1713 1426 terre.
1755 1347 1799 1426 in
1841 1364 1919 1442 azo
1958 1378 2076 1435 roam

274 1486 386 1541 oram
416 1478 535 1559 terre,
564 1460 608 1569 jn
637 1459 833 1569 albrigzrt.
863 1460 1077 1544 duodecim
1120 1461 1308 1543 denarios
1351 1478 1472 1555 terre,
1513 1458 1566 1535 Jn
1607 1456 1717 1550 vallea
1753 1457 1929 1541 solidum
1970 1476 2088 1545 tetre=

274 1596 368 1653 eum
394 1570 530 1653 decem
560 1568 737 1679 denarijs
765 1589 884 1669 terre,
917 1574 959 1653 in
996 1575 1268 1683 Rugasetrum
1292 1570 1475 1652 ¹solidum
1509 1584 1619 1649 terre
1650 1596 1743 1648 cum
1779 1567 2076 1655 decennem·

245 1683 346 1793 .rijs
375 1666 503 1763 terre·
521 1684 562 1762 in
593 1699 730 1790 gresso
760 1712 880 1765 vnam
909 1710 1019 1765 oram
1049 1704 1174 1793 terre,
1201 1688 1254 1765 Jn
1280 1682 1464 1788 superbi*
1498 1677 1711 1759 dimidium
1743 1679 1919 1762 solidum
1954 1686 2068 1783 terre,

211 1848 217 1853 -
273 1798 327 1877 Jn
356 1810 461 1887 nuto
489 1794 633 1902 rigintj
656 1792 856 1892 denarios,
885 1798 988 1876 Jtem
1017 1799 1059 1876 in
1088 1794 1332 1904 sigmundae
1358 1794 1499 1875 decent
1539 1790 1691 1872 solidos
1725 1805 1967 1875 terrenum
1994 1822 2072 1876 me·

111 1966 116 1975 ·
188 1904 190 1909 ’
273 1904 424 1987 dietate
453 1903 666 1985 domorum
695 1908 875 1985 omnium
904 1907 1055 2011 ibidem
1082 1924 1420 2001 constructarum,
1448 1906 1553 1983 item
1583 1903 1626 1982 in
1655 1902 1795 2010 risingi
1822 1931 1950 1986 vnum
1985 1905 2071 1986 soli·

273 2014 371 2109 dtr'm
401 2045 492 2096 cum
521 2014 681 2095 duobus
710 2013 885 2125 denariis
915 2030 1034 2115 terre,
1063 2022 1115 2099 Jn
1144 2020 1307 2127 gimmu.
1337 2032 1516 2130 quatuor
1544 2012 1696 2095 solidos
1723 2030 1843 2113 terre,
1871 2018 1925 2094 Jn
1942 2015 2072 2114 mista-

273 2125 371 2209 dum
400 2154 525 2207 vnum
553 2126 726 2207 solidum
755 2144 874 2225 terre,
904 2133 957 2211 Jn
980 2130 1149 2238 seglingi
1178 2149 1330 2239 septem
1358 2124 1508 2211 solidos
1535 2152 1628 2204 cum
1657 2123 1836 2223 dimidio,
1872 2129 1917 2207 in
1953 2128 2070 2229 ostiti

303 2257 448 2319 uatuor
476 2235 625 2318 solidos
654 2266 745 2318 cum
775 2238 954 2339 dimidio,
983 2242 1026 2321 in
1054 2257 1165 2333 annot
1193 2243 1337 2349 viginti
1373 2237 1560 2320 denarios
1578 2250 1716 2333 terre,
1750 2238 1803 2316 Jn
1832 2238 2070 2346 salaeganum

162 2346 166 2353 ’
270 2266 486 2431 dimidium
516 2347 687 2428 solidum
717 2366 824 2429 terre
852 2351 897 2458 jn
934 2352 1229 2432 vatneestadum
1263 2380 1381 2433 unam
1417 2375 1532 2431 oram
1572 2361 1694 2445 terre,
1726 2350 1778 2429 Jn
1814 2347 1936 2449 tatbt
1961 2347 2070 2429 dimi·

272 2454 380 2542 diam
409 2488 522 2539 oram
551 2476 668 2556 terre,
697 2462 748 2539 ln
776 2459 957 2560 Lundbir
989 2462 1092 2542 duos
1121 2462 1270 2544 solidos
1298 2481 1407 2543 terre
1443 2462 1487 2539 in
1523 2474 1709 2565 apastum
1738 2484 1865 2542 vnum
1903 2458 2067 2541 solidum

267 2575 391 2667 terre,
421 2572 463 2649 in
492 2569 800 2678 hadabyerhum
834 2571 1037 2653 dimidiam
1067 2600 1181 2652 oram
1222 2590 1342 2671 terre,
1385 2570 1527 2653 volens
1554 2574 1596 2648 8(
1622 2570 1788 2678 Rogans
1832 2566 2067 2652 reuerendos

269 2682 393 2777 viros,
417 2679 607 2784 dominos
636 2681 850 2762 Nicolaum
892 2682 1092 2764 decanum
1121 2689 1162 2766 8(
1190 2682 1420 2766 Gerar-dum
1459 2694 1599 2761 nostre
1641 2682 1809 2764 ecclesie
1854 2680 2067 2803 vpsalensis

270 2792 577 2889 concanonicos,
609 2820 712 2901 qnos
742 2820 827 2873 mee
853 2795 1075 2874 voluntatis
1103 2812 1344 2905 exequtores
1374 2794 1579 2875 constituo
1616 2807 1663 2870 ut
1698 2792 1804 2873 hanc
1839 2821 1967 2875 meam
2000 2816 2066 2871 vo-

16 2890 18 2897 *
63 2917 67 2927 '
160 2951 165 2959 ·
270 2906 468 2986 luntatem
497 2904 539 2982 in
567 2905 756 2986 omnibus
786 2906 1015 3016 compleant
1051 2912 1091 2986 8(
1125 2908 1318 3017 compleri
1356 2906 1504 2986 faciant
1540 2917 1665 3029 prout
1691 2907 1879 3013 superius
1916 2920 1976 2984 est
2003 2926 2065 2981 ex·

301 3043 452 3096 cessum
480 3031 525 3095 rt
553 3033 685 3094 autem
709 3013 862 3124 liqueat
889 3015 1077 3097 omnibus
1106 3017 1212 3097 hane
1241 3044 1368 3096 meam
1396 3013 1697 3095 ordinacionem
1728 3043 1813 3096 esse
1841 3035 1964 3126 atque
1998 3040 2062 3093 ro·
2108 3057 2113 3063 ·

269 3047 466 3213 funtatem
496 3143 722 3233 presentem
752 3127 928 3205 litteram
956 3153 1028 3204 seu
1053 3143 1334 3208 testamentum
1361 3127 1495 3234 sigillo
1531 3149 1628 3207 meo.
1657 3129 1826 3236 proprio
1866 3154 1944 3208 vna
1979 3149 2062 3204 cuns

268 3237 408 3347 sigillis
438 3235 703 3315 discretorum
729 3237 924 3332 virorum,
953 3235 1212 3317 dominorum
1241 3239 1370 3318 silicet
1397 3235 1558 3317 Andree
1588 3240 1785 3345 prepositi
1801 3237 1926 3318 Olaui
1939 3235 2062 3315 archi·

268 3346 474 3452 ditacionJ}
508 3346 663 3425 Nicolai
706 3343 850 3454 decanj
891 3351 932 3428 &
973 3347 1241 3446 dominorum,
1284 3347 1483 3454 Gerardj‚·
1515 3346 1652 3454 Olauj‚
1695 3351 1794 3446 pari,
1841 3341 2061 3452 Hemmingi

162 3469 173 3476 ’
270 3458 639 3555 concanonicorum
668 3485 847 3538 meorum
875 3459 1026 3566 signari
1055 3459 1131 3539 leci
1167 3463 1209 3541 in
1244 3461 1518 3541 testimonium
1547 3464 1588 3540 8(
1617 3459 1879 3541 Eridenciam
1915 3458 2060 3568 plenio-

236 3623 248 3662 ,-
269 3598 365 3666 rem,
394 3567 599 3676 Scriptum
627 3568 791 3678 vpsalie.
1582 3565 1587 3574 ’

436 3709 483 3773 nt
499 3707 643 3812 Sigillep:
670 3731 695 3790 s,
717 3707 810 3790 5-83
832 3707 986 3792 andeliga‚
1008 3711 1135 3794 styclen
1157 3733 1251 3797 qrar3
1274 3733 1304 3794 a,
1326 3714 1356 3793 3,
1378 3719 1398 3792 4
1418 3711 1605 3794 bertranna,
1634 3733 1792 3777 remsornn
1819 3735 1907 3798 qver.

258 4081 447 4223 .¹⁰37·
584 4207 587 4213 Ι
921 4121 1065 4239 1291
1118 4075 1247 4190 d.'6
1301 4084 1425 4233 Apr.
1668 4156 1672 4167 ·
1746 4081 2056 4223 Kettilstorp·

353 4301 492 4377 Hatera,
514 4247 604 4363 libres
626 4298 749 4362 bustrus
769 4243 937 4384 gilvobrel
953 4304 994 4388 pt
1014 4304 1200 4388 Kettilstorp
1220 4303 1281 4365 och
1303 4303 1502 4388 Sigrudstorp
1531 4301 1578 4366 till
1600 4302 1839 4388 Bislopsbordet
1861 4249 1998 4370 i'Skare·

1810 4454 1848 4510 Α.
1864 4454 1891 4508 3.
1907 4451 1934 4517 ¹¹¹)

378 4588 432 4666 ln
460 4567 622 4666 nomine
651 4581 802 4665 domini
828 4613 958 4666 amen.
982 4589 1103 4667 Anno
1129 4615 1152 4666 a
1174 4587 1577 4668 natiuitateeiusdem
1599 4576 2055 4671 M.·cc·.xc·.1·.v111·.

266 4695 358 4807 jdus
387 4695 525 4804 aprilis
554 4695 641 4804 Ego
670 4720 799 4778 stent
828 4723 929 4780 vxor
957 4698 1121 4790 bosonis
1150 4725 1316 4810 compos
1344 4701 1487 4781 mentis
1516 4705 1557 4780 8(
1586 4729 1684 4781 sana
1718 4727 1892 4811 corpore
1925 4691 2056 4775 soller-
2138 4747 2139 4830 i

266 4877 540 4908 ann—‹puu—

310 4947 335 5020 *J
357 4939 469 5082 Finnps
490 4939 611 5082 espierpi
633 4937 715 5042 M·
738 4959 788 5024 27.
811 4939 882 5004 med
903 4939 1096 5004 iifversluillt
1117 4941 1199 5006 Item
1222 4941 1260 5004 de
1281 4941 1447 5029 iatilslorp
1472 4951 1506 5006 et
1532 4933 1737 5029 Sigrudetorp
1758 4907 1804 5008 ad
1832 4953 1966 5006 mensam
1992 4944 2056 5012 ψ’·
2125 4962 2129 4971 ·

350 5041 505 5108 scopaem
550 5043 614 5082 ars.
748 5097 752 5104 ¹
1566 5059 1571 5069 ·
1601 5053 1605 5062 ·
