4317 5975
827 422 882 443 -
996 383 1071 488 195
1183 426 1306 516 ‘'.

269 600 321 677 Iu
348 597 479 677 eodem
508 598 621 679 modo
649 601 817 681 Dilectis
844 602 961 681 Filiis
986 602 1102 683 Claro
1133 605 1328 684 Ciuitatis
1352 621 1391 683 et
1422 606 1532 685 Dior.
1561 606 1812 713 Vpsollensis.

177 822 230 901 lle
270 711 320 839 Iu
349 710 479 789 eodem
508 710 620 789 modo
648 713 838 794 Venerob.
869 713 1084 794 Fratribus
1111 720 1317 796 Vniversis
1339 716 1637 822 Suffrogoneis
1658 714 1830 799 Ecclesia
1850 721 1931 825 Vp

124 848 176 899 so
231 850 322 899 osis.
2028 842 2031 849 '

268 934 319 1009 ln
347 932 478 1011 eodem
507 932 620 1011 modo
648 932 862 1013 Carissimo
889 938 930 1013 io
958 934 1119 1015 Christo
1148 936 1250 1013 Filio
1279 995 1288 1013 .
1319 996 1328 1015 .
1357 997 1366 1017 .
1395 940 1502 1042 Regi
1527 936 1669 1019 Soecie
1697 940 1864 1020 Illustri.

269 1044 319 1120 ln
347 1042 479 1122 eodem
507 1044 621 1123 modo
650 1046 808 1124 Dilecto
838 1046 939 1125 Filio
967 1046 1104 1127 Nobili
1128 1050 1227 1125 Viro
1256 1106 1264 1124 .
1293 1106 1302 1125 .
1336 1050 1441 1128 Duri
1466 1047 1618 1128 Suesia.

136 1490 311 1621 1143.
593 1412 596 1421 ‘
773 1498 924 1641 1295
971 1494 1020 1599 d.
1066 1498 1140 1608 28
1188 1492 1302 1600 Oct.
1726 1533 1731 1544 ’
1785 1500 1930 1609 Rom.

114 1724 119 1735 “
214 1712 335 1776 Parma
357 1683 535 1775 Boariscms
558 1712 658 1778 vute
678 1712 771 1783 Bulla
789 1714 844 1777 till
858 1712 1107 1799 irie-Bistopeu
1130 1718 1203 1777 Nus
1223 1718 1234 1776 i
1254 1714 1387 1798 Upsala,
1416 1714 1487 1777 med
1508 1716 1644 1779 tillstlnd
1666 1729 1713 1779 att
1734 1722 1817 1780 iuotn
1839 1722 1932 1783 sonet

266 1794 423 1876 bortgil'va
445 1796 587 1877 andeliga
615 1798 811 1877 verdigheter
832 1796 892 1859 och
915 1797 1015 1879 indiga
1046 1800 1205 1876 ambacu,
1238 1798 1345 1861 heilka
1372 1800 1469 1881 enligt
1490 1798 1679 1865 Larumna
1702 1804 1813 1867 miitets
1833 1806 1934 1867 beslut

173 1968 185 1977 .
267 1900 343 1941 voro
364 1876 483 1961 Pilliga
503 1881 598 1943 stolen
620 1880 826 1945 turbantius.

1557 1996 1733 2071 assu
1872 1968 1877 1975 ’

267 2160 511 2243 Boulrnmos
547 2164 760 2271 episeopus
792 2189 932 2243 serum
980 2188 1190 2243 seruorum
1228 2161 1303 2244 dei.
1339 2155 1570 2246 venerabili·
1598 2164 1714 2246 fratri
1751 2168 1812 2247 .N.
1855 2172 1931 2247 Ar·

128 2273 390 2383 chiepiseopo
420 2270 638 2383 vpsalensi‚
681 2274 849 2353 salutem
879 2288 920 2353 et
948 2275 1209 2382 apostolicam
1246 2270 1589 2356 benedictionem
1630 2276 1756 2357 Tuam
1788 2278 1928 2358 uolen-

130 2401 190 2464 tes
219 2384 421 2464 honorare
450 2411 665 2491 personam
694 2400 735 2465 et
757 2412 838 2497 per
867 2384 1060 2465 bonorem
1077 2385 1154 2465 tibi
1180 2384 1402 2466 exhibitum
1418 2383 1508 2493 alijs
1536 2388 1766 2495 prouidere,
1794 2389 1929 2469 confe-

130 2494 250 2577 rendi
278 2494 350 2577 hac
381 2493 469 2575 uice
499 2524 571 2605 per
588 2514 628 2577 te
657 2495 722 2576 uel
752 2494 975 2605 paralium
1005 2514 1077 2579 aut
1105 2488 1207 2577 alios
1241 2496 1422 2605 personis
1450 2492 1618 2604 ydoneis
1646 2501 1778 2579 omnia
1808 2496 1930 2580 hene-

129 2610 220 2689 ficia
251 2606 515 2688 ecclesiastica
544 2622 635 2688 cnm
666 2633 762 2687 eura
790 2607 854 2687 uel
883 2609 968 2687 sine
995 2632 1093 2689 cura
1122 2608 1240 2687 etiam
1277 2610 1310 2690 si
1350 2627 1590 2717 personatus
1619 2610 1684 2691 uel
1712 2609 1930 2719 dignitates

20 2787 22 2798 .
129 2722 307 2800 existant
329 2744 410 2827 que
439 2720 579 2798 intua
608 2719 784 2798 Ciuitate
811 2738 851 2800 et
879 2716 1030 2799 diocesi
1057 2735 1173 2799 tauto
1201 2734 1385 2827 tempore
1415 2738 1683 2819 uacauerunt,
1720 2720 1832 2832 quod
1860 2749 1929 2804 eo·

130 2858 224 2910 rum
254 2828 417 2911 collatio
446 2844 507 2909 est
536 2828 586 2909 ad
616 2828 749 2911 sedem
782 2828 1044 2941 apostolicam
1072 2826 1292 2910 secundum
1328 2830 1610 2912 Lateraneusis
1650 2844 1802 2911 statuta
1832 2859 1929 2914 eon·
2019 2872 2024 2883 ·

131 2939 216 3050 eilij
247 2940 423 3050 legitime
460 2938 673 3040 denudata,
711 2942 766 3022 ita
794 2935 906 3052 quod
941 2938 1107 3048 singulis
1144 2939 1302 3049 singula
1338 2938 1533 3023 beneficia
1571 2944 1854 3041 conferantur,
1882 2974 1928 3027 ac

130 3039 353 3134 indueindi
382 3067 571 3161 personas
600 3054 706 3162 ipsas
735 3054 778 3135 in
807 3055 986 3161 ipsorum
1017 3050 1305 3133 beneficiorum
1336 3053 1589 3159 corporalem
1626 3055 1928 3162 possessionem,

130 3182 171 3246 et
200 3163 386 3246 inductas
414 3165 531 3244 etiam
561 3161 824 3260 defendendi,
853 3164 995 3244 amotis
1020 3162 1270 3274 quibuslibet
1298 3162 1446 3244 illicitis
1467 3164 1746 3245 detentoribus
1773 3170 1825 3248 ab
1854 3169 1928 3247 eis·

132 3275 224 3358 dem
255 3277 351 3385 ipsis
379 3272 429 3355 ad
458 3272 649 3383 iudiejum
680 3277 783 3357 sieut
812 3276 958 3356 iustum
990 3273 1114 3354 fuerit
1144 3275 1329 3382 primitus
1355 3277 1555 3373 euocatis,
1600 3276 1929 3386 Contradietores

131 3413 298 3498 quoque
315 3413 387 3495 per
407 3413 616 3467 censuram
632 3385 937 3468 ecclesiasticam
961 3386 1234 3494 appellatione
1263 3386 1488 3492 postposita
1517 3384 1808 3497 compescendi.
1836 3389 1930 3468 Non

132 3497 390 3578 obstantibus
417 3499 450 3576 si
479 3496 682 3607 aliquibus
710 3497 762 3578 ab
791 3495 929 3576 eadem
960 3495 1053 3577 sede
1082 3495 1283 3576 indultum
1321 3497 1467 3575 existat
1503 3495 1616 3605 quod
1644 3497 1830 3578 interdici
1863 3497 1929 3579 su·

132 3607 274 3718 spondi
306 3607 368 3688 uel
398 3610 735 3690 excommunicari
762 3611 1026 3716 nonpossint
1053 3636 1127 3716 per
1154 3607 1308 3687 litteras
1336 3607 1597 3714 apostolicas,
1626 3635 1710 3688 non
1737 3607 1929 3690 facientes

136 3721 294 3830 plenam
324 3737 366 3798 et
393 3745 619 3827 expressam
649 3716 700 3798 de
735 3717 895 3800 indulto
923 3716 1151 3802 huiusmodi
1182 3718 1446 3813 mentionem,
1475 3734 1516 3797 et
1544 3719 1688 3828 queuis
1716 3719 1792 3800 alia
1823 3717 1929 3801 dicte

131 3829 235 3914 sedis
265 3825 515 3939 indulgentia
546 3827 724 3940 generali
753 3830 817 3910 uel
846 3829 1009 3937 speciali
1030 3830 1320 3937 cuiuscumque
1352 3830 1503 3908 tenoris
1530 3834 1676 3910 existat
1707 3857 1928 3939 perquam
2001 3865 2008 3874 ⁴

134 3943 391 4053 presentibus
426 3965 508 4021 non
544 3967 769 4051 expressam
805 3937 870 4020 uel
907 3940 1088 4021 totaliter
1127 3964 1209 4019 non
1252 3940 1442 4019 insertam
1485 3938 1654 4020 eftectus
1683 3943 1928 4051 presentium

131 4051 320 4162 impediri
357 4053 491 4134 ualeat
526 4053 591 4134 uel
629 4050 800 4147 differri,
836 4070 876 4133 et
909 4049 960 4131 de
995 4079 1075 4161 qua
1112 4052 1310 4159 cuiusque
1345 4065 1434 4132 toto
1470 4067 1611 4131 tenore
1639 4049 1691 4131 de
1719 4052 1848 4132 uerbo
1876 4052 1929 4133 ad

132 4167 302 4247 uerbum
332 4166 373 4244 in
403 4165 658 4274 presentibus
685 4161 871 4244 habenda
900 4163 951 4242 sit
980 4163 1133 4258 mentio
1167 4162 1368 4270 specialis,
1397 4161 1643 4242 fraternitati
1671 4179 1741 4242 tue
1770 4162 1927 4270 plenam

132 4294 173 4358 et
203 4276 640 4358 liberamauctoritate
669 4275 913 4382 presentium
944 4271 1203 4355 concedimus
1232 4273 1474 4353 facultatem.
1503 4275 1653 4352 Datum
1681 4275 1806 4353 Rome
1821 4271 1930 4382 apud

131 4405 316 4469 sanctum
346 4391 507 4468 Petrum
536 4389 574 4466 V
603 4384 763 4466 kalend.
792 4385 1036 4468 Nouembris
1061 4384 1321 4467 pontificatus
1349 4383 1478 4491 nostrj
1507 4388 1628 4464 Anno
1655 4387 1799 4465 Primo.

471 4593 475 4596 .
644 4609 650 4617 Ι
724 4527 890 4612 Blybullan
905 4549 992 4613 qvas
1010 4529 1052 4614 ps
1073 4518 1344 4612 segelgarnssndre.

289 4645 340 4708 ‘Pr
361 4645 548 4731 uppveclet:
570 4643 615 4707 Ε.
637 4643 673 4707 ll.
716 4639 764 4707 Pr
784 4643 958 4708 balsidan:
980 4643 1096 4729 Helyas
1116 4644 1156 4708 de
1177 4644 1314 4728 spoleto.
1355 4641 1400 4723 R,
1421 4641 1567 4727 Capitulo
1589 4661 1777 4705 eccccxxxu.
