4317 5975
937 348 1490 491 ζῶ...

107 720 114 727 ,
243 631 470 716 vendidisse
498 658 545 713 ac
573 631 616 709 in
644 644 887 741 perpetuum
913 629 1138 821 guitauisse
1166 626 1391 711 reuereudo
1419 628 1526 737 patri
1562 623 1740 711 domino.
1774 624 1822 709 L.
1857 624 1933 709 dei
1961 651 2056 738 gra·

87 728 96 751 ’
215 735 306 827 ὀἱα
321 748 519 854 ,episcopo
547 741 773 849 lincopensi
800 768 911 852 quan
942 768 1007 821 am
1036 738 1203 821 domum
1239 739 1438 849 lapideam
1473 764 1599 849 quam
1633 736 1809 826 habebat
1843 766 1899 821 ex
1937 756 2053 821 vtra-

245 883 327 967 que
362 873 476 963 perte
504 853 630 933 amnis
658 854 786 949 sitam,
816 860 856 933 8(
884 852 1003 933 aliam
1033 850 1198 933 domum
1227 851 1400 933 laterum
1427 867 1542 933 extra
1565 849 1704 932 uillam
1732 850 1775 931 in
1804 851 1937 958 pratis
1976 879 2056 961 pro

246 964 367 1063 mille,
398 964 639 1076 quingentis,
669 965 812 1044 marcis
849 963 1109 1045 denariorum
1149 963 1298 1053 ,usualis
1342 978 1500 1047 monete
1544 962 1624 1043 iam
1668 960 1821 1059 solutis,
1865 964 2055 1072 exceptis

34 1153 37 1163 .
104 1187 109 1195 ι
146 1124 152 1133 ·
247 1094 409 1160 centum
439 1076 583 1155 marcis
610 1071 701 1154 den.
726 1102 833 1264 guas
861 1072 992 1157 eidem
1027 1075 1212 1184 promisit
1248 1073 1354 1155 infra
1388 1076 1533 1157 festum
1572 1073 1678 1156 beati
1714 1071 1917 1154 lobannis
1952 1072 2059 1203 bap·

246 1190 350 1283 tiste,
380 1202 505 1296 prout
533 1187 618 1295 ipse
647 1213 723 1267 ven
755 1189 835 1265 iter
862 1184 1068 1266 confessus
1097 1186 1177 1266 fuit
1205 1211 1340 1267 coram
1368 1185 1499 1283 nobis,
1526 1186 1772 1267 renuncians
1807 1186 2057 1293 exceperoni

248 1304 289 1381 8(
317 1302 426 1379 omni
454 1300 550 1393 iuri,
582 1322 658 1404 pro
687 1297 825 1405 precio
854 1298 967 1378 cuius
995 1294 1140 1376 domus
1168 1294 1301 1379 dictus
1329 1291 1516 1380 dominus
1544 1296 1789 1405 lincopeusis
1817 1295 1956 1379 eidem
1981 1296 2055 1380 do·

247 1410 358 1490 mino
392 1406 613 1501 kunichino
650 1404 855 1516 quandam
891 1407 1042 1487 curiam
1070 1434 1194 1518 quam
1222 1410 1319 1490 emit
1347 1408 1397 1491 de
1426 1408 1658 1490 haenicbino
1690 1405 1927 1517 ryzikaesun
1964 1436 2058 1503 cum

249 1520 358 1627 agris
385 1527 424 1600 &
453 1518 543 1626 alijs
571 1518 653 1598 suis
680 1517 1007 1628 pertinenciis&
1035 1517 1214 1627 quodam
1241 1548 1342 1629 agro
1370 1519 1536 1603 ecclesie
1573 1519 1795 1628 lincopensi
1829 1516 1990 1602 dimisit
2016 1524 2057 1601 8(

250 1630 431 1742 quitauit
460 1629 582 1739 pleno
610 1630 705 1712 iure
727 1648 928 1739 perpetuo
956 1628 1252 1739 possidendam,
1281 1631 1354 1711 tali
1390 1631 1630 1713 condicione
1657 1631 1813 1712 adiecta
1857 1628 1980 1741 quod
2025 1634 2058 1713 si

251 1739 359 1824 idem
396 1740 585 1822 dominus
621 1738 860 1833 kenichinns
899 1747 940 1820 8(
967 1739 1135 1822 heredes
1163 1743 1291 1851 ipsius
1318 1746 1362 1835 in
1391 1759 1600 1852 posterum
1635 1740 1742 1823 dicta
1779 1742 1894 1823 bona
1933 1740 2055 1825 debe·

251 1871 344 1935 rent
370 1852 548 1935 uendere
576 1850 641 1930 uel
671 1851 808 1962 aliquo
838 1851 958 1934 modo
987 1853 1162 1934 alienare
1191 1853 1347 1963 prefata
1374 1855 1540 1937 ecclesia
1563 1853 1808 1963 lincopensis
1825 1852 2055 1962 plenariam

124 2066 131 2073 ·
251 1982 494 2074 potestatem
523 1980 673 2045 extunc
702 1963 853 2044 habere
882 1980 1068 2045 teneatur
1096 1966 1165 2046 illa
1194 1967 1306 2046 bona
1339 1967 1497 2048 emendi
1525 1971 1567 2046 8(
1593 1966 1699 2046 infra
1730 1992 1859 2045 unum
1901 1992 2054 2047 annum

179 2084 181 2095 ’
252 2078 360 2157 iusto
392 2076 530 2186 precio
559 2072 793 2171 redimendi,
823 2076 899 2155 hiis
928 2078 1053 2183 igitur
1087 2078 1280 2159 omnibns
1304 2076 1576 2160 interfuerunt
1616 2074 1781 2157 discreti
1824 2076 1909 2155 uiri
1953 2076 2056 2156 Gar·

253 2186 398 2269 dianus
416 2187 577 2267 ibidem
605 2191 644 2266 8(
678 2186 817 2267 Frater
859 2188 1043 2297 stigotus,
1071 2187 1217 2294 Gyrdo
1254 2186 1485 2284 aduncatus,
1522 2188 1711 2284 Gumm0,
1745 2188 1950 2269 Dominus
1989 2188 2058 2269 Ni·

255 2298 438 2393 cholaus,
467 2294 652 2379 dominus
680 2297 836 2379 Gerieae
868 2301 1024 2407 plump,
1057 2298 1288 2394 Gerwinns,
1325 2307 1365 2380 8(
1400 2300 1527 2381 frater
1563 2328 1660 2381 suus
1694 2298 1855 2394 prlae,
1894 2299 2055 2380 Wolte·
2141 2387 2144 2393 ,

251 2438 335 2506 rus,
364 2407 609 2499 Wernichae,
637 2408 881 2517 Ruthingar,
910 2408 1160 2491 haenichinus
1187 2409 1426 2517 rycikaesun,
1455 2412 1659 2493 lohannes
1695 2407 1924 2519 Jngifridis,
1954 2440 2057 2493 suno

253 2519 391 2615 munk,
422 2521 620 2599 Dominus
650 2524 750 2601 bero
789 2522 1009 2601 canonicus
1045 2518 1311 2629 lincopensis,
1351 2520 1745 2604 Dominusvluidns
1781 2516 1834 2601 de
1872 2522 2056 2604 skinber·

254 2630 393 2741 ghum,
422 2629 474 2710 ad
503 2629 648 2711 horum
679 2633 804 2738 igitur
828 2630 1078 2712 euidenciam
1096 2632 1331 2739 *pleniorem
1358 2634 1536 2741 sigillum
1565 2649 1749 2715 nostrum
1778 2659 1875 2713 cum
1904 2634 2054 2743 sigillis,

256 2740 401 2835 domus
429 2740 600 2821 fratrum
622 2743 825 2823 minorum
855 2743 1002 2825 ibidem
1033 2748 1072 2823 &
1101 2743 1262 2824 wolteri
1298 2748 1436 2853 generi
1472 2743 1624 2825 domini
1661 2744 1878 2836 kunichini
1915 2774 2055 2855 supra·

257 2852 356 2933 dicti
386 2852 642 2960 presentibus
671 2871 731 2934 est
759 2882 993 2963 appensum,
1023 2856 1173 2935 Datum
1202 2859 1243 2935 8(
1270 2872 1404 2971 actum
1439 2856 1707 2965 Suthercopie
1742 2884 1852 2938 anno
1891 2854 2054 2956 domini,

134 2962 139 2971 ⁸
257 2962 617 3052 M'.CC⁰.XC⁰III⁸.
648 2967 730 3050 .VI.
760 2995 885 3048 nonas
914 2965 1020 3073 Maij.

835 3105 909 3170 sma
928 3107 1058 3190 ‚stycken
1079 3118 1135 3171 no
1154 3130 1233 3194 qm·
1252 3109 1332 3171 enar
1351 3109 1371 3170 a
1392 3110 1481 3192 egrn.

249 3585 439 3730 (093.
886 3587 1034 3731 1293
1083 3587 1131 3692 d.
1181 3601 1253 3716 24
1300 3587 1414 3734 Maj.
1570 3567 1574 3572 ¹
1738 3587 2054 3700 Stockholm.

350 3809 482 3870 Maenas
504 3804 670 3867 Cunssoru
692 3803 766 3867 bref
782 3803 981 3890 hvarigenonr
1006 3806 1194 3868 Ethlnsunds
1213 3805 1301 3885 gdrd,
1323 3809 1441 3871 lemnus
1462 3809 1626 3891 Strengnbs
1652 3795 1880 3896 Domkyrla'i
1908 3825 1981 3898 pant
2007 3812 2052 3873 for

392 3889 433 3950 60
455 3888 544 3948 mark
567 3889 746 3969 penningnr,
769 3886 876 3950 hvilln
897 3893 980 3950 inom
1003 3889 1110 3970 Pingst
1132 3891 1216 3951 stota
1237 3892 1423 3954 tterbetalas
1443 3894 1521 3955 cller
1541 3893 1600 3956 ccl
1622 3891 1757 3956 erbdlles
1778 3891 2051 3978 ytterligarehvad

316 4037 318 4042 ,
358 4021 362 4028 .
392 3971 526 4052 gir-dens
546 3969 638 4030 verde
659 3970 760 4032 denne
780 3991 901 4034 summa
922 3973 1121 4054 iiluerstiger.⁴

1717 4060 1925 4132 &bffibm

371 4187 585 4266 Uniuersis
611 4184 765 4266 litteras
793 4204 997 4294 presentes
1027 4189 1270 4299 inspecturis
1299 4191 1363 4274 vel
1377 4190 1604 4288 ¹Audituris
1630 4192 1807 4277 MAGNUS
1824 4174 1966 4277 ΚΛΒιὲ
1979 4215 2051 4274 sou

260 4299 431 4380 salutem
463 4297 503 4374 in
533 4295 698 4376 domino
726 4301 1021 4407 sempiternam.
1051 4301 1211 4386 Tenere
1241 4308 1491 4410 presencium
1520 4321 1706 4388 constare
1728 4309 1852 4414 cupio
1866 4294 2060 4388 omnibus

125 4515 128 4524 ³
259 4408 475 4489 euidenter
504 4405 627 4510 Quod
655 4408 806 4488 curiam
839 4438 966 4492 meam
995 4412 1240 4494 ethlasundh
1267 4413 1443 4494 ecclesie
1460 4417 1830 4525 strengenensipro
1851 4418 2049 4526 sexaginta

259 4522 405 4599 mareis
434 4516 693 4599 denariorum
722 4521 982 4628 inpignoraui
1010 4523 1102 4603 Tali
1137 4524 1378 4605 condicione
1412 4540 1458 4604 vt
1495 4527 1529 4604 si
1567 4525 1675 4608 dicta
1698 4532 1885 4638 'pecunia
1921 4530 1962 4606 in
1997 4523 2048 4602 fe·

174 4627 180 4644 '
259 4648 322 4710 sto
353 4645 604 4738 pentecostes
633 4631 764 4713 soluta
794 4661 877 4713 non
913 4633 1038 4714 fuerit
1075 4637 1282 4716 nominata
1318 4636 1484 4716 ecclesia
1518 4638 1672 4719 curiam
1708 4639 1928 4748 possidebit
1962 4661 2049 4745 pre·

258 4757 445 4821 taxatam.
482 4746 523 4819 8(
557 4741 657 4822 mihi
685 4759 882 4853 quantum
910 4747 1106 4826 excrescit
1132 4748 1313 4856 precium
1351 4747 1463 4828 curie
1494 4776 1620 4858 super
1648 4779 1834 4834 concessa
1870 4745 2046 4860 pecunia.

257 4849 457 4961 sepedicta
485 4853 649 4934 eeclesia
678 4856 908 4964 assignabit.
937 4857 1113 4941 Domino
1141 4857 1367 4942 mastaleo
1394 4859 1471 4943 Tu·
1493 4865 1540 4946 8(
1567 4859 1734 4972 domino
1751 4859 2044 4972 *magnomarin
