4317 5975
820 408 1068 515 -.2lro
1190 452 1248 471 ,,,

156 596 325 741 raet.
597 669 604 681 ·
765 608 1320 783 1298d218blars,
1428 638 1431 643 ’
1808 596 1962 800 Hau„

224 858 379 945 Blplopeu
402 856 484 917 Lars
505 856 515 915 l
537 854 716 939 Linkb'piug
736 810 937 918 staddbstelse'
948 856 990 941 pa
1011 876 1049 917 eo
1071 814 1387 926 divercuskommelsa
1408 858 1523 939 mellan
1541 860 1774 949 Kyrloberdeu
1793 862 1949 925 Forkurd
1992 877 1998 890 ’

265 940 327 1003 och
349 936 474 1001 Thorer
496 939 505 999 i
527 940 585 999 Nas
606 960 657 1017 om
679 960 717 1001 eo
740 941 769 1001 ὃ.
1580 1028 1616 1081 Α.
1636 1031 1661 1082 θ’
1677 1028 1696 1079 h
1713 1030 1748 1093 ¹⁸¹).
1927 998 1930 1001 ,
1962 976 1976 991 ··

144 1122 148 1127 ’
281 1120 484 1221 Omnibus
527 1113 732 1231 presentes
783 1124 919 1207 literas
954 1127 1208 1236 jnspe'cturis.
1265 1128 1524 1210 Lnunauctus
1575 1126 1640 1208 dei
1681 1131 1813 1235 gracia
1846 1131 1949 1238 Epi·¹
2017 1222 2024 1229 .

140 1263 291 1345 scopus
321 1231 589 1343 lincopensis.
619 1235 786 1315 salutem
816 1240 856 1315 in
887 1236 1051 1320 domino
1080 1241 1376 1349 sempiternam.
1431 1238 1582 1318 Notum
1599 1238 1764 1320 facimus
1785 1242 1947 1321 vuluer-

140 1352 198 1429 sis
229 1348 312 1427 Nos
342 1360 546 1453 presentes
577 1344 697 1427 fuisse
726 1361 765 1425 et
795 1345 941 1440 vidisse
969 1347 1081 1460 quod
1110 1350 1253 1447 nemda
1276 1345 1528 1458 ¹parochialis
1564 1348 1613 1428 de
1650 1349 1774 1446 tutti,
1801 1379 1946 1461 ‘quan-

140 1458 235 1541 dam
265 1456 433 1537 insulam
462 1456 611 1538 dictam
648 1456 790 1555 biara.
846 1485 969 1567 super
1003 1488 1085 1571 qua
1115 1461 1392 1545 controuersia
1421 1460 1525 1548 inter
1553 1462 1767 1542 Dominum
1784 1461 1947 1543 forcun·

142 1569 241 1655 dum
272 1585 476 1675 rectorem
499 1567 673 1649 Ecclesia
703 1566 873 1665 ibidem,
899 1586 939 1649 et
962 1570 1162 1653 thorirum
1195 1573 1245 1654 de
1275 1572 1370 1654 naesi
1399 1570 1654 1667 vertebatur,
1683 1601 1724 1653 se
1760 1567 1947 1655 exhibuit

141 1698 184 1761 et
215 1678 395 1787 legaliter
424 1674 641 1759 defendere
669 1679 818 1775 voluit,
855 1678 908 1761 ad
939 1680 1034 1761 vsus
1063 1679 1171 1767 dicte
1200 1683 1376 1782 Ecclesie
1405 1699 1446 1761 et
1465 1683 1684 1765 sacerdotis
1713 1712 1823 1765 nunc
1861 1690 1946 1766 exi-

141 1794 303 1885 stentis,
347 1808 387 1871 et
416 1818 580 1871 suorum
608 1817 895 1871 successorum.
953 1794 1124 1876 testibus
1167 1821 1290 1903 super
1332 1792 1410 1873 boc
1452 1791 1667 1902 diligenter
1714 1799 1946 1877 examinatis

139 1924 181 1987 et
211 1901 371 1986 auditis.
402 1898 540 2011 ¹quod
571 1899 710 1981 videns
740 1900 846 1981 idem
874 1902 1072 2003 thoricos,
1101 1924 1142 1985 et
1176 1934 1218 1985 se
1258 1906 1299 1984 in
1335 1903 1411 1983 bac
1446 1926 1561 2013 parte
1600 1933 1829 2015 processum
1858 1936 1944 1989 non

141 2012 293 2099 habere
322 2016 634 2120 recognoscens,
662 2013 778 2093 cessit
807 2012 889 2117 liti,
923 2030 964 2095 et
996 2016 1224 2097 voluntarie
1252 2014 1591 2123 composicionem
1626 2017 1738 2112 iniit,
1778 2046 1946 2099 suorum

144 2122 344 2207 mediante
373 2124 543 2205 oonsilio
571 2125 812 2220 amicorum,
846 2140 892 2203 rt
921 2124 1028 2207 dicta
1058 2128 1189 2207 insula
1228 2141 1444 2212 memorate
1472 2127 1649 2208 Ecclesia
1682 2143 1723 2208 et
1760 2130 1945 2221 sacerdo·
2001 2146 2018 2214 ’,

144 2240 176 2319 ti
207 2238 277 2345 qui
307 2261 382 2343 pro
411 2253 592 2341 ternpore
621 2237 666 2315 in
692 2233 832 2315 eadam
864 2234 1008 2335 fuerit,
1041 2240 1182 2319 cedere
1210 2236 1376 2333 debeat,
1411 2236 1503 2344 jure
1533 2257 1731 2346 perpetuo
1768 2256 1809 2318 et
1845 2242 1973 2322 irre··

142 2346 320 2446 uocabili
349 2344 605 2455 possidenda.
678 2344 769 2425 Tali
799 2344 1085 2429 nichilominus
1128 2348 1366 2429 condicione
1395 2345 1565 2428 adiecta.
1608 2348 1719 2459 quod
1762 2350 1944 2457 prefatus
1978 2342 1988 2354 ¹

92 2491 98 2498 ·
141 2458 327 2539 thorirus
355 2472 396 2535 et
426 2459 488 2537 sui
517 2454 704 2549 heredes,
734 2458 959 2565 piscaturas
988 2488 1081 2541 suas
1109 2460 1221 2570 apud
1252 2452 1471 2569 predictam
1501 2460 1674 2566 insulam
1701 2462 1796 2540 sitas
1817 2462 1944 2543 babe-

142 2586 235 2664 ant,
263 2568 321 2677 jta
350 2568 463 2679 quod
491 2567 691 2651 sacerdoti
729 2569 800 2675 qui
846 2596 922 2675 pro
966 2587 1149 2680 tempore
1184 2570 1308 2652 luerit
1351 2585 1395 2647 vt
1432 2569 1670 2676 premissum
1706 2588 1786 2668 est,
1822 2602 1945 2681 super

142 2697 264 2791 prato
308 2706 382 2758 suo
426 2678 528 2759 infra
575 2705 669 2785 sepe
712 2676 860 2763 dictam
890 2681 1059 2761 insulam
1090 2684 1187 2777 sito,
1224 2681 1381 2761 nullum
1411 2678 1631 2789 dampnum
1659 2682 1851 2778 inferant,
1881 2688 1945 2774 tel

144 2818 373 2901 grauamen.
445 2790 505 2869 Ne
535 2790 658 2895 igitur
686 2816 810 2897 super
840 2790 916 2870 boc
947 2793 988 2870 in
1022 2809 1228 2899 posterum
1266 2792 1403 2901 aliqua
1440 2792 1714 2900 ambiguitatis
1757 2797 1944 2893 materia,

130 2930 212 2983 'seu
258 2890 578 2984 adu'ersaneium'
599 2898 827 3008 calumpnia
854 2905 1040 3008 generari
1084 2905 1252 3011 poterit,
1302 2900 1532 2982 huiusmodi
1588 2904 1943 3020 composicionem,
2071 2984 2077 2994 ,

143 3041 344 3095 consensu
373 3029 413 3091 et
444 3013 648 3092 voluntate
678 3013 887 3120 vtriusque
918 3016 1044 3126 partis
1072 3013 1310 3110 accedente,
1346 3031 1547 3124 tamquam
1578 3014 1655 3093 rite
1684 3031 1725 3094 et
1760 3019 1943 3098 racioua·
2037 3101 2041 3109 ,

141 3124 292 3210 hiliter¹
311 3123 473 3220 saetam,
504 3124 707 3231 perpetuis
745 3125 999 3232 temporibus
1028 3141 1155 3206 ratam
1184 3143 1226 3204 et
1260 3125 1415 3204 firmam
1456 3151 1542 3203 esse
1586 3123 1858 3224 decreuimus,
1902 3146 1943 3209 et

140 3237 278 3346 sigillo
307 3251 447 3314 nostro
478 3253 683 3342 presentes
712 3233 847 3316 literas
876 3232 1043 3314 fecimus
1078 3236 1283 3344 insigniri,
1320 3236 1363 3315 in
1399 3232 1683 3345 premissorum
1719 3239 1942 3330 testimoni-

140 3377 213 3430 um
242 3363 283 3428 et
312 3345 509 3426 cautelam
539 3344 766 3423 firmiorem.
830 3345 980 3425 Datum
1011 3345 1116 3426 hulti
1146 3374 1254 3427 auno
1289 3345 1453 3426 Domini
1490 3345 1547 3424 M·
1576 3345 1662 3427 CC·
1692 3345 1785 3426 XC·
1816 3351 1940 3430 Octa·

141 3453 334 3556 uossferia
364 3457 490 3538 tercia
516 3456 719 3566 proxima,
742 3471 841 3564 post
868 3457 1121 3536 Dominioam
1152 3457 1281 3538 medie
1309 3455 1621 3567 quadragesime.
1750 3509 1753 3513 -
1889 3467 1892 3472 ’

871 3629 995 3716 sigillet
1015 3631 1216 3696 lbrlommet.

155 4037 327 4106 1222.
423 4119 476 4164 Ι,
592 4128 593 4135 Ν
770 4003 921 4144 1298
968 3999 1016 4103 d.
1064 4039 1134 4106 22
1184 4001 1331 4105 Mars.
1713 4156 1716 4161 y
1790 4001 1940 4104 Bred.

224 4219 372 4294 Kuniken
394 4221 405 4278 i
427 4214 547 4303 Upsala
569 4218 674 4280 lsnasu
695 4211 880 4282 Parnasson
902 4219 1085 4282 Gttvobret
1105 4220 1146 4304 pa
1169 4219 1310 4282 Hambra
1330 4226 1410 4282 sarnt
1430 4215 1576 4280 Alvertts
1601 4218 1613 4278 i
1634 4179 1796 4304 Botlyrle
1827 4218 1940 4282 socleu
2010 4261 2013 4267 ‚

277 4303 325 4364 till
347 4301 467 4387 Upsala
488 4299 684 4381 Domtyrta.
1302 4355 1306 4362 .
1622 4384 1658 4438 A.
1675 4385 1700 4439 3.
1716 4403 1739 4436 a.

253 4487 461 4566 Vniuersis
504 4502 710 4591 presentes
746 4485 901 4568 litteras
929 4487 1197 4600 inspecturis,
1226 4491 1374 4573 anatu
1417 4513 1530 4569 rsrnr
1556 4475 1695 4582 lilius,
1710 4465 1940 4602 Canonicus

133 4598 380 4707 epsalensis,
422 4593 590 4678 salutem
618 4597 661 4706 in
697 4595 863 4678 domino
896 4601 1193 4707 sempiternam.
1264 4599 1456 4681 Naturale
1483 4616 1544 4680 est
1579 4614 1621 4680 et
1653 4598 1808 4683 racioni
1842 4613 1970 4678 eon·'
2043 4609 2080 4717 ¹,

135 4764 414 4791 μι-ι-ῃ-ιιιι-

179 4826 207 4902 ·)
230 4821 323 4883 aner
349 4819 515 4904 ouguua
538 4819 591 4882 ua
614 4821 749 4884 uulsi
774 4778 864 4886 rs'a't
886 4822 1083 4906 tsntaprngs
1101 4824 1183 4899 aaa,
1208 4822 1272 4893 ,ou
1294 4825 1480 4889 versunum
1502 4823 1598 4890 uarat
1613 4823 1646 4887 a.
1682 4827 1717 4888 13
1749 4824 1819 4887 nn.
1844 4823 1944 4904 1443,

204 4905 388 4968 'alskrilteu
412 4901 576 4982 meddelad
598 4903 634 4975 at
652 4903 733 4968 Hert·
786 4905 1089 4972 ammas-tuntum
1110 4904 1147 4970 Ia.
1169 4907 1207 4974 F.
1224 4905 1310 4972 bedf.
1870 4910 1874 4917 ’

164 5019 170 5032 ·
277 5001 534 5074 cananum.
622 5048 625 5053 .
694 5019 697 5026 Δ
1560 5039 1566 5051 .
1699 4987 1738 5049 aa
