4317 5975
27 628 29 675 l

26 712 28 759 l

26 782 28 821 Ι

784 345 1190 429 -63-...

776 489 782 516 ι

111 562 192 647 rium
218 558 358 668 ipsum,
387 534 585 646 soluerint
613 578 798 664 cens'un,
830 574 871 653 &
899 567 988 665 alia,
1017 597 1099 679 que,
1125 582 1328 665 urentur,
1356 566 1460 651 Com
1495 590 1595 645 vero
1628 562 1775 673 aliquis
1814 560 1875 641 lo·

110 696 179 757 cum
204 698 317 753 suum
348 670 550 757 dimittere
578 676 754 774 'volaria'
779 679 899 761 faciat
928 679 979 765 dc¹
1005 680 1194 765 domibus
1221 680 1317 775 suis,
1344 675 1457 788 quod
1484 671 1876 773 volueritsedterra

26 852 27 871 ,
108 801 281 869 umaneat
311 790 555 869 monasterio
583 792 689 872 sicut
719 793 850 901 prius,
879 793 921 874 si
950 820 1048 875 vero
1078 791 1223 901 aliquis
1251 791 1419 886 nobilis,
1447 789 1762 874 eeclesiastioave
1784 811 1876 892 per·

106 923 183 979 sona
208 894 264 976 ibi
294 924 457 979 manere
485 898 731 999 decreuerit,
773 901 849 984 det·
878 904 1121 989 monasterio
1155 930 1278 1009 super
1312 903 1389 983 hoc
1426 900 1580 981 litteras
1616 896 1878 1010 protestacio·

24 1026 26 1113 j
106 1010 153 1090 uis
174 1006 243 1087 sub
272 1035 360 1101 suo,
388 1010 451 1091 vel
480 1012 649 1095 aliorum
677 1013 757 1095 lide
785 1014 1020 1125 dignorum,
1057 1021 1099 1096 tr
1133 1015 1308 1097 ciuitatis
1336 1012 1494 1123 sigillis,
1547 1040 1589 1092 se
1632 1009 1734 1097 nibil
1775 1006 1880 1116 juris
1919 1100 1924 1104 ι

105 1117 227 1232 habere
255 1118 300 1199 in
327 1117 469 1219 fundo,
497 1152 619 1234 quem
648 1124 796 1208 ibidem
840 1128 1014 1211 intendit
1055 1127 1108 1210 de
1151 1127 1313 1211 licentia
1353 1122 1560 1205 dumtaxat
1608 1120 1810 1203 abbatisse
1837 1123 1878 1199 sc

102 1244 303 1314 conuentus
330 1260 550 1343 occupare,
579 1240 632 1317 ln
660 1240 775 1319 cuius
804 1242 862 1321 rei
890 1242 1165 1321 testimonium
1203 1265 1368 1347 presens
1409 1236 1604 1342 scriptum
1648 1248 1786 1313 nostro
1822 1229 1876 1309 si-

23 1382 25 1419 ;
100 1340 179 1535 bano
203 1358 262 1423 est
290 1344 506 1453 signatum,
539 1349 700 1446 Datum,
729 1351 878 1449 bland,
921 1380 1030 1433 anno
1070 1350 1244 1447 domini,
1290 1345 1652 1448 M⁸‚CC⁸,LXXX',
1694 1345 1875 1437 Octauo,
1915 1369 1923 1377 ·

133 1454 160 1539 'e
183 1455 338 1536 veneris
357 1472 451 1565 post
478 1476 663 1541 octauam
692 1462 925 1545 Natiuitatis
953 1465 1121 1574 virginis
1144 1462 1329 1572 gloriose.

473 1617 477 1623 ·
515 1601 636 1685 sigillet
656 1604 833 1684 hostfallet3
857 1604 929 1691 gula
951 1604 1011 1668 och
1033 1605 1111 1667 rdda
1133 1603 1334 1667 stltestrtdsr
1346 1600 1436 1688 dtur.

99 1862 207 1973 979·
683 1837 835 1944 1288
881 1837 930 1946 d.
984 1839 1052 1947 18
1097 1839 1237 1988 Sept
1589 1845 1592 1850 ⁴
1707 1821 1878 1929 Luud.
1908 1841 1921 1863 ”

19 2000 21 2033 ⁵
153 2010 367 2099 isle-Bishop
387 2018 530 2095 lornei
552 2023 641 2085 Luud
662 2022 831 2089 Slrifvelse
853 2026 898 2087 till
920 2026 1133 2112 lrhe-thop
1154 2029 1286 2107 Magnus
1306 2026 1316 2085 i
1339 2020 1457 2105 Vpsuld
1477 2017 1538 2082 och
1559 2016 1637 2081 bans
1663 2012 1878 2159 lgdbishopnrs

16 2590 17 2599 '
94 2591 196 2672 uersis
209 2590 481 2702 suffraganeis
508 2600 593 2678 eius
622 2598 791 2680 salutem
820 2606 860 2682 tr
897 2620 1104 2711 paternam
1137 2603 1179 2682 in
1211 2599 1376 2681 domino
1404 2596 1624 2678 caritatem.
1653 2588 1731 2670 suh
1751 2582 1877 2713 sigilli
2008 2675 2014 2679 ⁶
2145 2672 2148 2682 ,

1702 2092 1877 2161 err-idsvadr

1536 2261 1740 2331 &sabb
1825 2316 1834 2334 κ

179 2368 387 2450 Jonnrtuas
401 2368 476 2465 :dei
493 2373 626 2481 gracia
641 2372 867 2457 Lundensis
882 2378 1211 2487 archiepiscopus
1224 2374 1377 2457 svethia
1393 2374 1543 2482 primas
1555 2360 1868 2448 uenerabilibus,

95 2478 289 2561 inchristo
311 2480 507 2563 fratribus
528 2484 594 2567 .Μ.
616 2485 750 2567 eadem
779 2489 913 2596 gracia
930 2491 1132 2601 upsalensi
1147 2488 1451 2597 archiepiscopo
1465 2481 1715 2573 confirmato,
1729 2479 1770 2553 &
1783 2474 1875 2552 uni·

202 2096 332 2246 mx?
353 2100 424 2164 dem
448 2104 605 2169 meddelas
627 2108 696 2170 Stre
718 2108 908 2233 ridimerade
929 2110 1048 2173 Pdsven
1069 2110 1266 2186 ,Innocentius
1287 2106 1359 2171 ths
1379 2104 1496 2182 bullor,
1522 2102 1618 2164 sunna
1638 2100 1650 2160 i

91 2703 198 2782 nostri
224 2707 460 2786 testimonio
483 2723 664 2790 tenorem
688 2717 1008 2795 auctenticorum
1036 2714 1189 2796 domini
1206 2740 1310 2821 pape
1324 2707 1552 2791 innocencii
1566 2704 1703 2816 quarti
1718 2706 1876 2779 &serre

87 2814 172 2893 sicut
197 2842 242 2894 ea
278 2815 388 2925 apud
417 2817 654 2901 heriuadum
683 2821 846 2903 domum
875 2822 1031 2905 ordinis
1059 2824 1324 2905 cisterciensis
1351 2820 1579 2908 inuenimus
1605 2812 1725 2894 vobis
1751 2807 1876 2889 desti-
1987 2872 1992 2881 .

59 2923 207 3009 *nautes
234 2954 429 3037 rogamus
457 2960 552 3014 sane
580 2920 851 3030 consulendo'
872 2937 1062 3046 quatinus
1091 2935 1238 3017 fratres
1266 2931 1365 3013 dicti
1393 2926 1548 3010 ordinis
1575 2926 1647 3036 qui
1674 2918 1787 3033 apud
1798 2944 1875 3002 ros

86 3055 335 3126 suntfcontrn.
364 3057 446 3122 tam
476 3044 641 3126 euidens
671 3046 901 3129 mandatum
927 3047 1071 3126 summi
1100 3045 1302 3156 pontilicis
1335 3042 1474 3121 vexari
1512 3039 1741 3117 nullatcnus
1777 3059 1873 3139 pcr-

14 3161 16 3222 ἰ
88 3151 240 3232 mittatis.
276 3170 372 3234 sunt
400 3154 525 3266 igitur
553 3157 595 3237 in
624 3155 922 3240 huncmodum.
951 3159 1223 3240 lunocenoius
1250 3162 1312 3236 &c
1341 3155 1392 3235 Se
1408 3150 1671 3258 sbregdende
1696 3144 1873 3248 Nzosyb
1946 3248 1949 3251 ,

86 3260 149 3367 375
181 3266 254 3345 oob
288 3265 380 3359 don.
439 3268 525 3349 Nos
553 3295 653 3348 uero
681 3271 775 3380 quia
807 3267 1007 3378 predictas
1037 3267 1192 3350 litteras
1221 3262 1394 3347 vidimus
1428 3289 1510 3341 non
1555 3257 1748 3349 abolitas,
1784 3280 1873 3336 non
1996 3314 1999 3317 -

83 3372 236 3470 abrasas,
274 3404 356 3458 non
385 3380 563 3475 viciatam,
592 3407 674 3460 non
703 3381 955 3478 cancellatas,
978 3385 1067 3462 'nec
1110 3382 1152 3460 in
1196 3378 1332 3488 aliqua
1372 3377 1433 3455 sui
1478 3391 1593 3483 parte
1635 3382 1871 3482 corruptas,

82 3511 158 3564 rem
184 3485 303 3570 bulla
328 3486 515 3597 plumbea
544 3521 591 3571 ac
619 3491 687 3570 filo
716 3520 812 3572 cana
847 3493 879 3571 is
907 3494 1069 3598 integro
1099 3491 1271 3573 bullatas
1300 3491 1342 3569 in
1378 3487 1558 3566 veritatis
1594 3477 1870 3563 testimonium
1959 3538 1964 3548 .

80 3595 237 3706 sigillum
273 3615 471 3698 nostrum,
500 3601 740 3714 &sigillum
770 3522 929 3684 abbatis
970 3603 1068 3684 dicti
1112 3602 1340 3682 monasterii
1384 3593 1640 3705 presentibus
1682 3588 1871 3670 duximus

81 3707 324 3815 apponenda.
366 3711 516 3792 Datum
555 3713 712 3796 Lundis
754 3741 863 3794 anno
899 3711 1064 3794 domini.
1107 3701 1746 3795 M'.CC‘.LXXX'VIII⁰.XIIII‘.
1790 3698 1868 3788 kat,
2038 3776 2041 3781 ,

78 3818 266 3910 ocmhm·
307 3929 452 4013 sigillent
477 3953 488 3999 t
513 3933 778 4019 tna-sistorum
800 3936 810 3993 l
832 3935 1014 4018 manga-dol
1037 3953 1112 4012 '⁸¹3
1136 3943 1155 3994 2'
1176 3933 1335 3995 ‘illum‘
1356 3930 1367 3990 i
1388 3924 1534 3991 bleffidt
1558 3945 1626 3987 m

76 4099 250 4304 980(
469 4219 472 4226 .
738 4099 891 4275 mss
937 4167 985 4275 a.
1035 4169 1066 4274 a
1112 4167 1234 4272 nee.
1550 4119 1870 4264 'naitanus

141 4351 302 4437 Biskopen
324 4353 334 4435 i
356 4353 456 4419 stam
481 4355 635 4418 Bnrronrs
657 4354 803 4418 sullmaht
825 4355 873 4416 fiir
894 4355 1036 4417 Canilen
1058 4359 1141 4436 Mag.
1168 4357 1234 4419 llils
1261 4353 1441 4435 ocbllengt
1461 4364 1522 4433 att,
1543 4372 1595 4418 om
1624 4350 1775 4433 Bislopen
1802 4347 1871 4409 iclc

193 4437 276 4498 med
296 4437 359 4498 rd'd‘
374 4435 435 4500 och
459 4427 521 4500 ded
543 4440 640 4502 histrlr
661 4437 834 4521 Konungen
855 4438 915 4500 och
937 4435 1004 4502 dess
1025 4441 1183 4519 eriningar
1204 4439 1282 4501 eller
1300 4459 1353 4500 om
1376 4439 1439 4501 han
1461 4435 1620 4515 hemligcu
1644 4433 1721 4495 aller
1747 4450 1870 4512 uppan·

191 4521 347 4600 burligcn·
365 4520 483 4601 lombar
505 4521 679 4602 Konungen
701 4522 778 4584 eller
799 4521 912 4602 Kongl.
934 4522 1039 4590 husen
1067 4523 1182 4584 hender
1204 4524 1299 4603 negot
1320 4520 1455 4596 histriam,
1475 4521 1527 4597 dt,
1548 4521 1647 4580 sisom
1669 4515 1774 4577 dertill
1793 4513 1870 4576 lulla

193 4603 352 4689 wyrdina
373 4605 503 4685 ombud,
524 4605 711 4674 undertm
731 4603 846 4674 bonnm
869 4607 928 4668 den
949 4606 1154 4691 bannlysoing
1176 4605 1426 4695 hle-Biskopen
1439 4603 1577 4690 iUpsalu
1589 4598 1872 4663 derldreutltrdar.

1400 4744 1403 4752 ι
1570 4713 1735 4772 budh

167 4821 391 4911 Vniuersis
416 4837 630 4932 presentes.
651 4822 804 4910 litteras
837 4823 1088 4932 inspecturis.
1117 4825 1400 4907 Barnronruus
1436 4819 1695 4903 miseracione
1730 4813 1869 4899 diuina

70 4923 264 5020 usensis
287 4934 502 5044 episcopus
531 4934 573 5016 in
601 4931 767 5016 domino
795 4936 977 5017 salutem.
1005 4937 1199 5018 nouerint
1227 4934 1407 5026 uniuersi
1434 4928 1546 5044 quod
1581 4959 1656 5011 nos
1691 4929 1868 5008 facimus.
