4317 5975
715 384 864 425 ,ff
973 366 1198 465 ηιξ,

106 581 151 651 ut
175 564 209 649 si
236 561 340 675 quid
366 559 633 653 memorabile·
653 562 932 672 temporaliter
954 563 1434 675 [tgilssts.ttd.⁸1l09t'‹⁸,⁸llt
1462 566 1902 702 ‚amministramus

107 681 202 763 riam
227 676 475 786 scriptorum
494 674 743 765 §testimonio
775 672 1057 777 transferatur.
1094 676 1272 778 ,Notum
1316 678 1368 756 sit
1391 672 1836 881 ¹igiturpresentiipts
1860 656 1903 803 ti}
1944 715 1948 723 “

106 788 267 885 bituris,
296 784 407 899 qvod
435 814 486 869 ex
514 787 697 874 unanimi
724 814 923 891 consensu
953 802 995 869 et
1022 788 1232 891 voluntate
1257 788 1437 895 omnium
1461 787 1762 905 mercatorum
1798 791 1902 889 i've'p
1987 818 1993 830 ⁴

22 951 26 961 -
105 928 232 983 aarum
251 900 469 983 ‚chirstum
499 913 541 978 et
570 898 751 979 locorum
786 919 936 981 terram
972 898 1154 991 Gotland
1197 890 1553 1009 frequentantium
1568 883 1904 1014 medensem}

20 1031 25 1039 '
107 1014 296 1094 trationes
324 1010 553 1099 factasunt
581 1009 623 1093 in
651 1008 762 1092 hunc
795 1008 971 1095 modum.
990 1015 1155 1109 ..Prima,
1187 1012 1423 1127 ubicunque
1439 1095 1444 1112 ,
1458 1038 1568 1123 οειειιΙΔ
1588 1006 1752 1122 sinistro
1772 1004 1902 1137 „duur

107 1152 196 1207 uum
226 1124 428 1217 evenerit,
447 1121 619 1203 ‘navium
649 1121 943 1230 periclitatione
967 1138 1038 1205 seu
1074 1123 1239 1233 rapina,
1277 1123 1354 1204 sub
1387 1120 1522 1231 aliqua
1557 1116 1666 1236 terra
1687 1121 1777 1220 'vel'
1798 1108 1902 1237 civil-¹

105 1251 199 1332 tate,
229 1260 368 1317 omnes
393 1243 523 1341 prope
554 1233 683 1340 posite
712 1235 894 1315 civitates
922 1263 1085 1317 rumore
1113 1234 1184 1317 tali
1213 1233 1451 1341 peraudito,
1478 1230 1630 1339 debent
1657 1236 1700 1319 in
1715 1234 1902 1344 'commuq

105 1348 145 1427 ni
168 1345 389 1455 civiloqvio
418 1343 738 1453 prohibitionem
774 1344 923 1445 facere,
958 1372 1010 1426 ne
1045 1346 1099 1428 ali
1130 1348 1189 1426 vis
1231 1346 1338 1428 bona
1379 1334 1608 1455 naufraga,
1632 1329 1902 1469 Jseusp'rapinis

105 1454 257 1567 perdita
287 1482 420 1536 emere
448 1483 518 1549 seu
560 1454 738 1537 vendere
781 1474 1007 1566 presumat,
1049 1375 1129 1540 sed
1162 1455 1394 1538 hominibus
1437 1451 1757 1565 dampnificatis,
1771 1444 1902 1565 astare

106 1568 249 1651 debent
278 1565 454 1647 consiliis
481 1584 523 1649 et
552 1566 724 1665 auxiliis,
752 1584 803 1649 ut
830 1568 938 1649 bona
972 1594 1047 1649 sua
1082 1567 1239 1649 salvare
1272 1569 1430 1678 possint
1463 1581 1505 1646 et
1532 1555 1772 1678 rehab'er'c,.'3¹
1794 1553 1902 1685 'Qvess

106 1706 261 1789 cunque
291 1706 389 1760 vero
421 1678 704 1761 civitas‘secus
733 1676 891 1775 fecerit,
919 1706 999 1789 que
1025 1680 1135 1760 bona
1165 1676 1399 1787 hujusmodi
1427 1677 1562 1789 palam
1581 1680 1767 1771 ,emiseu
1782 1673 1903 1775 v'endi

150 1790 345 1888 rmiserit,
373 1805 414 1871 et
443 1791 479 1870 si
506 1788 639 1871 medio
667 1806 850 1902 tempore
878 1790 1022 1902 aliqvis
1050 1791 1149 1872 civis
1177 1790 1269 1871 talis
1295 1791 1469 1873 civitatis
1505 1788 1672 1907 ratipnc'
1687 1791 1903 1899 ¹hornutum

105 1817 332 2010 bhjusmodi
376 1902 581 1982 incusatus
624 1899 766 1998 fuerit,
808 1930 904 1984 suus
945 1903 1123 1984 concivis
1150 1931 1233 1984 non
1262 1920 1396 2014 potest
1423 1905 1554 2014 ipsum
1591 1901 1644 1987 ad
1672 1902 1903 2017 expurgan·
1995 1955 1997 1968 ·

106 2011 193 2095 dum
219 2040 264 2123 se
294 2012 437 2121 juvare
464 2040 534 2093 seu
563 2014 702 2095 testari
728 2037 874 2095 secum.
939 2012 1017 2095 Sed
1052 2016 1087 2096 si
1113 2014 1297 2098 homines
1334 2013 1609 2128 dampnificati
1644 2014 1817 2127 aliqvcm
1851 2015 1904 2105 de'
1991 2011 1994 2025 ¹

107 2124 292 2235 suspectis
335 2125 618 2222 incusaverint,
662 2140 703 2207 et
737 2123 840 2207 duos
876 2125 1028 2233 probos
1063 2127 1173 2207 viros
1210 2127 1323 2207 nulla
1357 2144 1454 2208 nota
1490 2124 1655 2207 infamia
1677 2124 1904 2238 'respersos
1992 2164 1995 2176 ·

108 2236 333 2317 incivitate
362 2235 424 2317 vel
456 2252 571 2315 extra
600 2235 826 2317 habitantes
855 2238 897 2316 in
925 2238 1200 2319 testimonium
1235 2236 1499 2335 adduxerint,
1534 2237 1633 2319 tales
1648 2235 1651 2242 ’
1666 2234 1789 2347 p'robi
1810 2231 1903 2327 ¹viii

107 2344 300 2427 bominem
330 2363 559 2455 suspectum
589 2348 828 2428 convincere
864 2365 1047 2458 possunt.
1106 2349 1351 2460 Qvicunque
1392 2366 1579 2456 suspecta
1619 2346 1729 2431 bona
1769 2349 1902 2433 emere

108 2484 170 2538 seu
193 2456 371 2539 vendere
398 2484 633 2567 presumens
661 2456 835 2540 duorum
865 2459 1091 2569 proborum
1118 2462 1301 2542 virorum
1329 2461 1560 2544 testimonio
1587 2462 1810 2567 convietus,
1832 2461 1903 2545 ille

106 2567 196 2665 talia¹
218 2570 342 2667 bona,
375 2596 500 2678 parva
520 2584 561 2649 et
590 2568 764 2677 majora,
791 2576 1004 2654 restituere
1051 2572 1174 2654 debet
1214 2600 1288 2655 suo
1328 2599 1426 2654 vero
1469 2575 1706 2681 possessori,
1751 2573 1904 2685 absqve

106 2677 269 2761 denario
293 2679 359 2761 vel
387 2680 578 2787 hellingo,
607 2696 648 2761 et
676 2683 841 2791 insuper
867 2712 947 2782 sue,
967 2684 1123 2782 civitati
1150 2684 1273 2789 debet
1300 2711 1378 2793 pro
1405 2710 1572 2765 excessu
1598 2711 1674 2764 suo
1701 2683 1781 2763 XX
1796 2712 1902 2768 mar·
1989 2789 1994 2793 θ

105 2791 197 2879 ohas
224 2792 375 2898 argenti
403 2790 627 2873 emendare.
692 2794 945 2903 Qvecunque
982 2795 1126 2875 civitas
1158 2780 1477 2904 piohibitionem
1513 2797 1701 2901 superius
1733 2792 1903 2880 anhotnl

104 2918 179 2983 tam
207 2901 470 3012 vilipendens,
499 2904 689 3012 premissa
720 2904 855 3004 omnia
884 2932 968 3004 non
996 2904 1244 3012 impleverit,
1267 2905 1343 2986 illa
1370 2902 1454 2983 nori
1483 2902 1604 2983 debet
1630 2904 1711 3006 XX
1747 2933 1903 3014 marcas

106 3016 256 3124 argenti
286 3014 338 3097 de
369 3017 597 3099 excessibus
625 3043 790 3096 suorum
820 3018 967 3097 civium
996 3014 1076 3095 sibi
1104 3016 1317 3126 qvicqvam
1346 3041 1558 3123 usurpare,
1595 3013 1666 3096 sed
1702 3015 1756 3096 ad
1789 3016 1903 3098 utili·

105 3140 215 3208 tatem
247 3126 430 3207 omnium
458 3143 728 3215 mercatorum
756 3127 852 3208 talia
881 3126 989 3210 bona
1018 3125 1170 3216 debent
1192 3126 1412 3207 reservari:
1441 3127 1475 3204 E
1504 3139 1701 3207 converso
1722 3153 1902 3236 qvecuu·

106 3265 174 3348 qve
199 3239 342 3318 civitas
371 3241 562 3348 premissa
589 3241 725 3320 omnia
754 3237 881 3349 modis
908 3237 1222 3321 rationabilibus
1255 3234 1307 3317 ad
1336 3235 1527 3318 effectum
1555 3234 1793 3344 perduxerit
1829 3237 1901 3322 de·

105 3347 166 3432 bet
191 3351 290 3431 talia
319 3351 429 3431 bona
457 3353 635 3460 propriis
671 3351 811 3432 usibus
847 3351 928 3430 suis
965 3349 1172 3458 deputare.
1233 3348 1332 3428 Item
1368 3346 1446 3427 sub
1482 3373 1734 3458 qvoqunqve
1765 3348 1900 3458 probo

104 3462 192 3557 viro,
219 3477 264 3544 et
288 3462 441 3571 absque
472 3461 561 3542 labe
590 3461 763 3560 infamie,
792 3461 901 3546 bona
929 3460 1164 3570 hujusmodi
1191 3461 1351 3540 inventa
1382 3459 1545 3555 fuerint,
1567 3487 1645 3568 qve
1661 3459 1899 3569 forteigno·

104 3587 227 3652 canter
276 3589 318 3652 et
361 3576 514 3682 absque
554 3574 658 3654 scitu
686 3569 973 3682 premissorum
1000 3571 1261 3680 comparavit,
1296 3570 1392 3651 talia
1430 3568 1537 3651 bona
1580 3569 1701 3651 debet
1739 3571 1901 3683 integre

103 3709 167 3764 suo
193 3711 296 3765 vero
325 3686 544 3792 possessori
573 3686 784 3764 restituere
815 3685 965 3794 absqve
993 3682 1163 3766 denario
1192 3681 1255 3762 vel
1285 3680 1475 3790 hellingo,
1503 3681 1641 3788 jurans
1662 3680 1750 3761 sola
1765 3711 1928 3794 manu,

102 3793 199 3908 qvod
226 3794 320 3874 haec
347 3795 457 3875 bona
500 3797 735 3902 ignoranter
777 3813 818 3876 et
860 3797 1012 3906 absque
1056 3793 1347 3875 deliberatione
1388 3795 1675 3901 premissorum
1717 3795 1897 3897 emisset3

94 3885 172 4016 'qvo
198 3905 313 3987 facto
341 3932 424 3984 non
453 3903 573 3988 debet
602 3907 774 4016 amplius
804 3935 854 3987 ex
882 3905 960 3986 hoc
989 3934 1097 3987 casu.
1113 3904 1382 4015 pregravari„
1424 3903 1524 3984 Item
1562 3929 1804 4013 quecunque
1839 3907 1897 3987 ci·
1970 3994 1979 4016 ἱ
2090 3920 2093 3927 ’

98 4018 190 4097 vitas
218 4031 503 4126 presumtuose
532 4019 826 4125 prohibitiones
840 4044 924 4098 seu
952 4017 1119 4104 arbitria
1148 4013 1346 4124 prelibata
1375 4042 1461 4094 non
1487 4011 1717 4121 servaverit,
1746 4014 1815 4095 illa
1843 4013 1897 4100 dc

98 4129 301 4210 consortio
330 4155 401 4208 seu
429 4126 722 4210 consodalitate
752 4144 1019 4209 mercatorum
1048 4129 1090 4206 in
1119 4125 1308 4206 omnibus
1336 4124 1434 4206 locis
1461 4141 1504 4205 et
1533 4126 1607 4206 viis
1633 4125 1794 4233 penitus
1822 4126 1897 4234 ejia
1922 4185 1943 4223 ‚⁸

100 4240 233 4340 cietur,
264 4239 345 4319 nisi
373 4241 428 4320 ita
456 4241 655 4339 evenerit,
714 4237 795 4322 vod
822 4239 1060 4348 injustitiam
1089 4227 1380 4323 mercatoribus
1413 4237 1558 4318 iactam
1593 4235 1896 4336 reformaverit,
1986 4292 1993 4302 ·

96 4366 254 4434 stauos
286 4351 394 4432 cives
422 4368 628 4458 suspectos
661 4270 713 4433 ad
742 4343 991 4431 restituenda
1034 4349 1144 4431 bona
1185 4365 1321 4458 empta
1361 4376 1434 4428 seu
1472 4345 1636 4429 vendita
1678 4373 1754 4428 suo
1797 4373 1895 4431 veru

96 4464 315 4573 possessori
343 4461 578 4570 compellat,
620 4461 730 4544 salva
758 4459 1046 4544 nichilominus
1073 4459 1242 4542 emenda
1270 4460 1455 4570 superius
1483 4471 1776 4568 expressa,an
1790 4485 1895 4541 men-

97 4591 247 4658 catores
278 4600 415 4655 carere
443 4574 607 4671 nolunt,
660 4573 794 4656 vando
822 4569 915 4654 talis
943 4575 1081 4655 civitas
1109 4573 1365 4680 resipiscens,
1401 4599 1494 4651 cum
1530 4572 1640 4652 omni
1675 4567 1767 4677 jure
1829 4599 1894 4654 re·

95 4686 207 4769 missa
235 4685 521 4796 compleverit,
549 4604 730 4794 partlm
759 4699 893 4794 potest
920 4681 1090 4795 gratiam
1123 4701 1389 4766 mercatorum
1425 4697 1468 4764 et
1501 4681 1728 4764 libertatem
1763 4601 1896 4791 adipi·

96 4799 156 4882 nt
212 4799 325 4904 Qvia
357 4825 457 4881 vero
486 4799 626 4890 civitas
657 4795 907 4905 Revaliensis
943 4798 1228 4906 suprascriptis
1264 4795 1468 4876 omnibus'
1494 4821 1537 4874 se
1556 4879 1559 4887 ,
1578 4819 1754 4874 renuens
1793 4819 1894 4875 con·
1964 4796 2001 4889 f

96 4905 282 5009 immani,
309 4907 471 5004 videtur
497 4905 609 5024 qvod
637 4909 766 5022 ipsam
793 4909 847 4993 se*
861 4909 1031 4992 traxerit
1049 4901 1103 4992 ¹in
1129 4900 1289 5044 tangam
1317 4923 1590 5005 memoratam,
1615 4917 1749 4989 tamen
1784 4904 1893 4986 cives
