4317 5975
827 414 889 443 ..a
995 376 1245 497 5071.-
1375 436 1378 444 .

129 593 363 677 testimonio
401 594 638 693 roboretur,
666 596 730 679 Ne
759 596 823 677 uel
855 615 1069 704 presentes
1098 598 1233 681 lateat.
1261 598 1324 681 rel
1355 624 1545 708 processu
1574 596 1768 710 temporis
1795 602 1930 685 occul·

65 738 71 747 ·
129 723 215 787 tum
246 708 417 816 posteris
445 706 663 804 habeatur,
711 709 800 817 Ego
844 710 983 791 Eurus
1011 711 1271 811 ouusnorirn,
1313 710 1468 792 Relicta
1516 712 1704 793 iohannis
1732 714 1931 821 iugoesou,

129 846 238 899 anno
267 819 320 899 ah
349 821 631 901 incarnacione
652 818 819 902 domini.
846 821 1070 905 M·.ccc·.
1087 823 1175 904 VII.
1203 822 1532 905 nominedomini
1549 825 1763 921 inuocato,
1791 832 1932 911 mortis
2065 865 2069 871 ’

31 975 38 979 -
125 933 510 1028 serenissimorum
541 959 624 1013 uon
653 932 851 1013 inmemor
889 961 973 1043 que
1016 952 1184 1039 urgente
1215 937 1449 1016 necessitate
1478 934 1647 1016 feliciter
1675 934 1930 1037 recoluntur,
2035 1034 2039 1041 .

127 1039 179 1123 ad
204 1046 496 1151 omnipotentis
523 1042 610 1140 dei,
639 1045 864 1126 beatissime
893 1045 1032 1133 matris
1059 1046 1145 1125 cius
1177 1048 1300 1127 marie
1328 1065 1370 1128 et
1398 1048 1673 1153 apostolorum
1705 1048 1791 1127 cius
1822 1052 1931 1155 petri
2044 1130 2054 1137 ,
2110 1074 2118 1082 ·

127 1169 168 1235 et
197 1154 319 1263 pauli,
348 1158 610 1265 omniumque
635 1172 882 1254 sanctorum,
923 1153 1080 1237 laudem
1109 1172 1151 1237 et
1193 1155 1388 1237 honorent
1425 1174 1466 1236 et
1506 1186 1684 1238 meorum
1713 1174 1754 1237 et
1784 1186 1957 1268 progr,
1994 1175 1997 1181 “

128 1263 306 1347 ultorum
338 1292 517 1347 meorum
548 1268 818 1349 remissionem
849 1284 1108 1375 peccatorum
1137 1268 1243 1349 hona
1282 1267 1386 1347 infra
1433 1270 1582 1376 scripta
1612 1267 1927 1379 adaugmenta·
2053 1276 2059 1287 '
2131 1266 2133 1273 ’

125 1378 281 1459 cionem
312 1396 510 1487 perpetue
539 1381 687 1460 vicarie
701 1407 823 1489 quam
847 1378 1037 1460 fundauit
1052 1378 1241 1459 dominus
1256 1379 1505 1460 Wirnundus
1521 1383 1928 1489 prepositusnomiue

127 1490 356 1570 testamenti
372 1490 538 1570 ecclesie
565 1492 735 1573 consero
764 1490 1002 1597 lincopensi.
1032 1488 1231 1573 videlicet.
1260 1491 1425 1571 Curiam
1455 1518 1582 1571 meam
1613 1492 1728 1575 vtalae
1756 1494 1796 1571 in
1827 1491 1928 1577 kind

124 1602 239 1681 sitam
256 1628 349 1681 curn
378 1602 570 1697 coloniis,
600 1600 840 1683 molendinis
866 1602 1194 1712 ceterisquenliis
1213 1600 1392 1683 eiusdem
1415 1605 1527 1683 curie
1548 1602 1794 1701 attinenciis,
1826 1606 1927 1703 Jteur

13 1729 19 1737 ’
98 1712 277 1794 curiam
294 1741 421 1793 meam
450 1713 603 1813 lrnswir
635 1711 823 1795 videlicet
851 1713 955 1795 duos
987 1730 1178 1822 attongos
1205 1740 1296 1797 cum
1326 1714 1514 1795 omnibus
1535 1731 1576 1795 et
1590 1714 1759 1819 singulis
1786 1740 1928 1798 eorum

125 1824 355 1904 attinenciis
383 1817 565 1905 similiter
582 1828 744 1934 assigno
758 1824 922 1907 ecclesie
938 1843 1167 1907 memorate.
1197 1826 1304 1934 apud
1320 1853 1441 1934 quarn
1456 1828 1579 1906 eciam
1598 1826 1717 1906 michi
1733 1824 1838 1933 eligo
1866 1855 1927 1909 se·

60 1965 63 1969 ·
125 1935 344 2043 pulturam,
373 1935 1146 2046 Jtemliratrihusminorihusliucopie.
1177 1964 1334 2019 nouem.
1365 1936 1558 2019 Marchas.
1585 1965 1758 2047 quarunt
1775 1955 1928 2046 septem
2010 1966 2018 1975 ·

124 2062 220 2128 sunt
247 2047 379 2130 solute
406 2066 447 2129 et
475 2047 555 2131 due
583 2064 737 2129 restant
767 2048 1077 2131 soluendeJtem
1096 2048 1550 2129 llratrihusminorihus.
1581 2047 1819 2156 sudercopie
1847 2067 1929 2133 tres

121 2157 321 2239 biarchus.
351 2163 454 2240 ltem
471 2158 683 2244 ilratribus
706 2159 1042 2269 predicatoribus.
1069 2158 1289 2268 skeningie.
1317 2175 1409 2239 tres.
1438 2160 1630 2241 Marchas.
1660 2162 1764 2239 Jtem
1781 2163 1926 2240 sancti·

13 2313 14 2316 κ
124 2270 365 2352 monialibus
394 2276 543 2354 wretis.
574 2292 666 2354 tres.
697 2271 891 2353 Marchas.
924 2275 1027 2355 Jtem
1056 2271 1426 2353 sanctimonialibus
1454 2271 1495 2351 in
1518 2270 1691 2370 askaby'r,
1722 2272 1790 2351 Vl.
1821 2273 1927 2351 Mar·

122 2380 216 2463 cbas
232 2409 308 2491 pro
323 2381 483 2465 duabus
498 2384 685 2492 ampullis
700 2385 901 2489 argenteis
915 2379 1119 2465 faciendis.
1147 2386 1249 2465 Jtcm
1267 2382 1468 2491 hospitatt
1490 2380 1727 2491 sudercopie
1756 2383 1798 2461 J.
1821 2383 1926 2463 Mar·

122 2490 236 2575 cham
260 2491 396 2574 denar.
427 2495 639 2603 Hospitali.
668 2498 711 2574 in
725 2496 936 2602 skeningie
963 2496 1006 2577 .1.
1036 2494 1238 2577 Marcham
1257 2493 1361 2589 deu,
1391 2496 1493 2573 ltem
1516 2495 1724 2576 sororibus
1753 2492 1925 2575 Skeuiu-
1951 2508 1970 2561 -'

70 2604 82 2615 '
122 2605 187 2708 gie
215 2606 257 2685 .l.
288 2606 503 2704 Marcham,
533 2606 618 2688 Hec
633 2609 765 2687 omnia
789 2608 865 2689 nisi
882 2634 954 2715 per
984 2634 1046 2687 me
1066 2607 1199 2687 soluta
1231 2604 1391 2687 luerint.
1406 2604 1509 2685 solui
1539 2606 1633 2685 volo
1648 2604 1792 2687 dealio
1810 2623 1925 2685 octo·

123 2716 239 2797 nario
270 2716 314 2795 in
343 2717 499 2817 srnswir
527 2746 601 2826 per
628 2718 742 2800 illum
766 2720 843 2828 qui
874 2720 1074 2801 honorum
1104 2720 1392 2826 possessionem
1432 2716 1606 2798 adiuerit
1639 2716 1925 2825 predictorum,

122 2824 375 2938 Exequtores
404 2830 529 2935 igitur
557 2830 678 2911 huius
693 2833 918 2911 testamenti
935 2831 1011 2911 mei
1026 2828 1174 2911 ordino
1202 2844 1243 2908 et
1264 2830 1469 2908 constituo
1485 2829 1750 2912 venerabilem
1769 2845 1950 2935 patrem

121 2937 366 3048 Episcopum
398 2940 683 3049 lincopensem.
712 2939 919 3024 dominum
950 2968 1136 3048 inagnum
1167 2938 1360 3022 karlsson.
1402 2940 1610 3022 dominum
1641 2942 1830 3022 heronem
1860 2968 1927 3020 ca·

121 3052 315 3131 nouicuur
346 3054 630 3160 lincopensem.
661 3069 701 3134 ct
730 3051 1226 3135 ltetilbernumlrnutsson.
1255 3051 1305 3132 ad
1336 3052 1584 3134 euidenciam
1603 3053 1726 3159 igitur
1756 3054 1925 3132 istorum

120 3179 162 3242 et
190 3163 559 3260 confirmacionem,
602 3165 733 3273 sigilla
772 3165 988 3247 illustrium
1018 3165 1249 3273 principum
1280 3164 1387 3244 Erici
1416 3180 1457 3244 et
1501 3164 1732 3244 waldemari
1775 3163 1923 3246 ducum

122 3276 279 3358 swecie.
324 3277 513 3383 Episcopi
550 3277 810 3385 lincopensis,
853 3274 1005 3358 domini
1046 3273 1339 3381 swautapolch.
1381 3273 1532 3356 domiui
1563 3277 1698 3381 magni
1729 3272 1924 3356 tarlsson.

120 3384 470 3471 dominiberouis
498 3391 680 3470 canonici
710 3387 963 3500 lincopensis.
992 3401 1033 3467 et
1063 3385 1279 3466 ketilherui
1314 3384 1511 3467 lruutssou
1558 3388 1692 3466 fratris
1721 3386 1805 3465 eins
1834 3414 1925 3491 pre·

121 3515 254 3581 sentes
281 3497 437 3579 litteras
465 3499 662 3581 instanter
690 3516 786 3608 peto
815 3499 1021 3595 roborari,
1049 3499 1210 3578 Datum.
1240 3524 1350 3576 auno
1377 3495 1540 3578 domini.
1590 3500 1661 3578 lll⁰.
1692 3497 1811 3578 CCC⁰
1848 3497 1922 3576 Vll

90 3613 164 3704 ‚in
192 3611 371 3692 crastino
400 3612 508 3692 beati
538 3611 819 3693 bartholomei.
1869 3639 1872 3648 ’

424 3751 553 3832 Sigillen
575 3759 634 3817 Nto
660 3753 739 3832 r-4
760 3754 852 3834 bigot
872 3751 1025 3829 shadade3
1047 3751 1132 3834 5-9
1152 3751 1321 3815 bor-tlallne
1342 3753 1431 3834 jemte
1454 3769 1628 3811 semiorum·

13 4117 14 4120 Ὺ
132 4115 281 4263 1557.
763 4117 903 4262 1307
952 4115 1002 4222 d.
1051 4109 1118 4224 25
1161 4118 1292 4262 Aug.
1421 4257 1425 4263 Ι
1691 4109 1923 4218 Orleaus.

203 4339 346 4402 Kauilen
370 4339 379 4401 i
400 4337 537 4420 Upsals,
560 4339 707 4418 Magister
727 4342 841 4402 Jourru
861 4337 1144 4401 Testamentariaka
1170 4335 1342 4414 anordning
1364 4335 1402 4397 al
1418 4337 1461 4396 sin
1485 4332 1738 4418 qrarldtenslap,
1772 4332 1943 4414 uemligen'
2017 4359 2020 4371 ·

256 4423 325 4505 jord
347 4422 392 4483 till
413 4421 531 4504 Upsula
553 4423 615 4482 och
637 4421 777 4486 Simtuna
799 4424 935 4506 kyrlor,
969 4421 1086 4484 biicler
1117 4421 1164 4482 till
1197 4423 1262 4482 sina
1291 4419 1405 4482 brh'der
1427 4432 1505 4480 samt
1527 4419 1698 4500 penningau·
1721 4417 1766 4478 ult
1791 4419 1925 4499 lyrlor,

255 4517 334 4568 saort
353 4506 494 4586 andelige
518 4507 720 4588 iurhttoiogar
740 4504 802 4567 och
823 4525 979 4590 percnum.

1642 4581 1672 4637 B.
1690 4599 1713 4636 a:
1734 4552 1797 4650 145..

235 4728 287 4805 ln
318 4725 480 4805 nomine
503 4725 630 4832 patris
656 4741 699 4804 et
726 4724 797 4805 lilii
824 4740 866 4805 et
893 4724 1060 4832 spiritns
1088 4723 1215 4806 sancti
1244 4746 1357 4799 amen
1387 4719 1475 4824 Ego
1504 4742 1702 4798 romunt-:s
1732 4718 1921 4825 magister

121 4835 175 4918 de
201 4835 349 4918 swccia
378 4838 597 4917 canonicus
623 4835 845 4945 upsalensis
873 4860 1039 4942 compos
1067 4834 1212 4914 mentis
1242 4855 1325 4910 mee
1356 4828 1448 4908 licet
1481 4829 1777 4939 aliquantulum
1811 4831 1922 4908 infir·

121 4975 213 5030 mus
240 4974 413 5057 corpore
442 4944 651 5026 attendens
678 4962 721 5026 et
748 4945 1010 5028 considerans
1044 4939 1156 5053 quod
1184 4939 1303 5021 nichil
1331 4955 1392 5020 est
1423 4956 1551 5018 morte
1579 4943 1755 5037 cercius,
1797 4937 1920 5020 nichil
