4317 5975
780 448 1178 535 ..w-f

98 646 437 749 commutacionem
450 644 530 727 feci
545 672 636 729 cum
652 642 737 750 filio
753 660 843 729 meo
858 642 1025 751 domino
1040 645 1257 731 benedicto
1271 647 1478 758 assignans
1492 645 1622 731 eidem
1636 645 1736 733 duas
1747 652 1885 755 'curias

98 790 185 843 meas
199 757 429 842 hualstadhi
458 764 496 839 &
525 757 746 867 hmrydhaar
776 776 947 868 propter
963 760 1059 841 alias
1074 759 1175 841 duas
1189 775 1460 867 competentes
1473 762 1605 843 curias
1621 761 1671 845 de
1686 765 1881 873 patrimo·

94 876 151 957 nio
182 900 254 953 suo
283 869 463 981 grafryd.
502 899 547 951 ac
575 870 739 979 espiry'd
768 873 883 952 iuxta
911 898 1069 953 omnem
1099 871 1302 952 racionem
1324 898 1410 980 ,que
1438 870 1590 953 dicitur
1612 873 1785 956 umfaerd
1813 876 1882 957 cui

100 984 311 1071 condicioni
339 981 525 1063 interfuit
554 982 634 1063 filia
663 1011 750 1063 mea
793 982 1012 1091 rangfridis
1048 1011 1095 1063 ac
1133 982 1203 1089 aiij
1236 980 1441 1089 fidedigni.
1483 983 1591 1065 facta
1628 1002 1763 1069 autem
1799 986 1875 1069 hac

99 1086 320 1177 condicidne
350 1094 428 1175 filie
458 1120 544 1174 mee
572 1093 1076 1205 rangfridisupradictam
1106 1096 1258 1175 curiam
1284 1091 1454 1203 grafryd
1487 1121 1578 1175 cum
1605 1099 1717 1176 omni
1743 1098 1882 1208 rigore

99 1208 180 1315 legis
209 1235 329 1317 quem
361 1207 506 1287 iterum
541 1206 790 1315 appellamus
825 1206 1049 1315 uulgariter
1084 1203 1246 1287 umferd
1274 1204 1454 1314 erogaui.
1490 1206 1557 1285 cui
1592 1208 1690 1287 iuris
1727 1209 1882 1291 racioni
1963 1254 1969 1267 x

98 1320 224 1399 institit
253 1318 360 1401 filius
388 1346 498 1397 meus
529 1316 715 1400 dominus
744 1317 993 1399 benedictus.
1051 1318 1183 1399 Huius
1212 1318 1337 1427 igitur
1375 1315 1484 1425 pacti
1519 1314 1758 1400 mediatores
1792 1318 1881 1402 fuea

97 1446 186 1511 runt.
222 1430 412 1513 dominus
456 1430 657 1539 haquinus
694 1432 870 1512 tunonis.
904 1431 1104 1511 Dominus
1139 1458 1309 1536 magnus
1344 1426 1491 1535 kanutj
1524 1427 1643 1511 filius.
1684 1430 1880 1513 Dominus

97 1569 269 1653 ermerus.
322 1542 509 1624 dominus
552 1556 694 1649 petrus
722 1540 772 1622 de
801 1542 1047 1651 anguthorp.
1084 1545 1123 1620 Sc
1159 1541 1230 1650 aiij
1267 1540 1403 1651 plu‘res
1437 1538 1596 1620 nobiles
1632 1543 1673 1619 8(
1706 1531 1880 1651 ᾶίεοτεῑῘζ

97 1656 182 1734 Jtem
209 1652 260 1734 ad
289 1647 519 1733 habendam
562 1652 683 1733 huius
720 1654 782 1763 rej
824 1654 1015 1735 noticiam
1053 1653 1275 1763 pleniorem
1312 1650 1493 1760 sigillum
1523 1648 1692 1733 illustris
1728 1649 1881 1735 domini

97 1767 145 1847 .Μ.
169 1766 272 1874 regis
306 1764 514 1846 Sveorum.
543 1766 603 1845 Ac
632 1764 876 1846 uenerabilis
910 1766 1038 1875 patris
1080 1764 1213 1873 nostrj
1255 1766 1448 1845 scarensis
1489 1764 1681 1873 episcopi.
1704 1761 1881 1847 domiui

98 1879 210 1988 magni
247 1874 392 1984 kanutj
427 1874 512 1983 filij.
555 1873 710 1981 donnini
746 1880 852 1987 petri
886 1875 1109 1958 sacerdotis
1146 1876 1197 1957 de
1230 1875 1467 1984 anguthorp
1502 1881 1542 1955 &
1576 1874 1752 1985 sigillum
1784 1902 1883 1983 pro·

97 1984 208 2099 prium
238 1988 496 2098 presentibus
525 2006 619 2069 sunt
647 2017 812 2070 annexa.
869 1988 912 2071 Si
940 1992 1031 2099 quis
1058 1986 1165 2069 hanc
1193 1986 1459 2070 donacionem
1487 1984 1708 2095 refringere
1737 2000 1881 2066 attem-

11 2144 13 2193 t
99 2102 287 2209 ptauerint
320 2116 389 2179 (sict
410 2101 510 2179 iram
547 2098 613 2181 dei
649 2103 690 2179 8(
727 2101 907 2181 omnium
945 2094 1174 2182 sanctorum
1209 2098 1362 2181 senciat
1390 2096 1672 2181 ulciscendam.
1728 2098 1881 2178 Datum

11 2198 13 2279 i

99 2210 269 2294 baldtaehi
303 2238 417 2328 anno
445 2210 610 2327 domini,
638 2209 1083 2293 M⁰.CC⁰.LXXX⁰VI⁰.
1113 2213 1156 2292 in
1185 2210 1251 2293 die
1279 2209 1468 2311 undecim
1497 2208 1650 2291 milium
1665 2205 1882 2321 uirginum}

131 2354 255 2440 Sigillum.
276 2358 339 2430 ugo
365 2376 391 2437 r,
411 2355 443 2435 4,
463 2353 484 2417 5
505 2352 686 2435 bestialius,
708 2374 867 2421 remsorne
888 2377 977 2441 quar.
1017 2372 1047 2418 a.
1067 2352 1224 2437 Andetigc
1245 2352 1273 2416 3.
1294 2351 1452 2440 Andcligt,
1472 2349 1613 2417 madadt.

92 2855 212 3002 926.
540 2842 548 2849 ’
675 2799 861 2965 Ι’1886
908 2858 956 2965 d.
1005 2862 1078 2967 23
1133 2856 1248 2965 Oct„
1561 2816 1876 3018 Linhdping.

161 3109 304 3196 Bisiopen
326 3113 336 3173 i
358 3109 548 3196 Linkdping,
569 3111 677 3196 Hertig
700 3114 819 3178 Bareas
839 3111 915 3177 bref
930 3111 977 3175 till
999 3107 1187 3194 Hagerstads
1214 3107 1427 3192 Fiirsomlicg,
1453 3125 1508 3171 om
1533 3104 1801 3193 Bishopstiondeus
1826 3113 1881 3169 ut-

203 3195 340 3288 gdrande
361 3196 411 3261 till
432 3195 577 3261 Kaniken
597 3197 679 3280 mag.
700 3199 850 3264 wnusn.
1870 3195 1876 3208 '

1349 3260 1351 3265 Ι
1578 3303 1741 3360 Luam

185 3479 439 3562 Bm'ommcrus
467 3480 543 3562 Dei
572 3478 703 3588 gratia
733 3479 960 3588 Episcopus
990 3473 1234 3585 lincopeusis
1261 3475 1358 3557 Dux
1385 3470 1591 3572 finlandire
1619 3467 1880 3554 Dilectissibi

95 3587 130 3668 in
152 3590 296 3672 christo
326 3592 418 3672 filiis
448 3593 711 3700 parochianis·
732 3591 783 3672 de
812 3587 1025 3698 haegirstad
1053 3589 1321 3671 Dilectionem
1349 3588 1392 3666 in
1421 3585 1588 3668 domino
1614 3611 1708 3664 oum
1734 3581 1877 3666 saluto.

74 3747 76 3752 ·
94 3699 279 3784 Noucritis
307 3701 421 3814 quod
441 3731 516 3787 nos
544 3701 692 3784 dilecto
714 3703 832 3783 nobis
848 3702 889 3780 in
905 3699 1057 3781 christo
1074 3702 1264 3809 magistro
1277 3695 1506 3780 Wimundo
1521 3699 1718 3778 canonico
1733 3708 1879 3778 nostro

92 3809 263 3907 decimam
297 3829 477 3896 nostram
505 3837 629 3925 penes
655 3841 729 3894 vos
757 3841 839 3923 que
868 3815 1038 3893 canonic
1054 3840 1140 3902 ‚sue
1168 3841 1191 3894 a
1219 3811 1354 3904 multis
1381 3810 1593 3890 retroactis
1621 3806 1884 3916 temporibus·

93 3949 226 4008 aunexa
254 3927 393 4008 fuerat
421 3928 667 4036 assignamus
696 3923 990 4038 possidendam.
1018 3924 1266 4007 mandantes.
1294 3919 1424 4002 eidem
1451 3947 1575 4031 super
1588 3917 1667 4000 hiis
1679 3919 1879 4001 iusticiam

90 4035 251 4148 exhiberj
287 4041 338 4120 Jm
367 4041 481 4119 cuius
510 4039 569 4118 rei
596 4037 873 4118 testimonium
917 4035 1092 4144 sigilium
1134 4053 1318 4121 nostrum
1354 4032 1607 4143 presentibus
1633 4045 1694 4111 est
1716 4055 1875 4139 appen-

46 4237 49 4244 ,
89 4171 159 4276 sum
186 4153 342 4248 Datum
370 4149 558 4260 lincopie.
591 4151 737 4264 'Anno
759 4147 924 4229 domini.
952 4145 1386 4229 M⁰.CC⁰LXXX⁰VI'.
1416 4144 1583 4226 Decimo
1595 4141 1676 4226 hal.
1708 4167 1879 4274 novem·

85 4252 162 4341 bns
806 4321 809 4330 a
978 4339 980 4346 ,

438 4399 562 4484 sigillet
582 4399 758 4486 bonuaso,
780 4398 938 4464 ascensum
959 4397 1019 4463 deu
1040 4419 1080 4470 ur
1099 4397 1223 4462 brefvct
1242 4370 1365 4485 klippta
1384 4413 1517 4461 remam.
