4317 5975
771 472 862 533 ,ι-
975 430 1053 511 265
1170 470 1275 504 -1

107 644 334 756 capitulum
370 646 495 727 luerit
523 648 731 729 restitutus
758 647 1005 759 Quicunque
1032 648 1258 733 choralium
1286 646 1457 731 chorum
1492 648 1706 729 intrauerit
1734 649 1818 731 sine
1846 676 1912 729 su·

106 757 347 866 perpellicio
384 787 509 869 quum
538 756 639 839 hore
666 756 858 839 dicuntur
891 760 931 837 in
967 758 1094 843 choro
1123 761 1254 841 soluat
1291 760 1472 843 obulum.
1536 763 1642 840 ltem
1679 757 1914 842 ebdomadis

68 885 73 911 ¹
105 870 339 951 natiuitatis
368 872 514 979 pasche
542 870 821 978 penthecostes
850 870 1059 952 variantur
1091 889 1276 955 cantores
1294 873 1479 982 ¹singulis
1508 869 1662 952 diebus.

100 1264 290 1407 1237.
494 1330 498 1337 ·
765 1268 915 1411 1298
962 1262 1011 1369 d.
1058 1268 1088 1370 5
1136 1268 1270 1430 luni.
1510 1268 1656 1372 Tuna
1700 1272 1717 1372 i
1760 1246 1911 1373 Alter.

190 1450 290 1549 Joarri
324 1482 443 1547 Ercens
465 1482 618 1546 salubres
646 1484 686 1569 pt
709 1485 806 1549 Forte
828 1486 838 1549 i
860 1483 1113 1549 Slel'tbammars
1134 1486 1246 1549 socleo
1269 1484 1329 1549 och
1352 1435 1472 1549 Kumla
1493 1486 1504 1547 i
1528 1474 1841 1568 Baldingsta‘soclea
1863 1482 1912 1547 till

243 1564 496 1651 irie-Bislopeu
520 1568 530 1627 i
553 1566 682 1652 Upsala.
1497 1650 1533 1706 Α,
1546 1654 1573 1707 6.
1589 1669 1614 1705 ,
1631 1667 1656 1708 κ
1672 1651 1714 1725 3⁹

246 1784 448 1865 Omnibus
463 1797 668 1892 presentes
684 1781 837 1866 litteras
851 1784 1093 1975 inspecturis
1122 1787 1330 1869 Jonaunas
1357 1784 1491 1867 dictus
1518 1789 1713 1868 Ancaeus
1742 1786 1913 1866 salutern

102 1896 153 1975 in
171 1892 338 1975 domino
367 1895 647 2005 sempiternam
683 1896 744 1975 Ne
757 1896 917 1976 racione
950 1896 1056 1976 iliter
1092 1900 1132 1976 u
1161 1899 1236 1978 rite
1265 1912 1374 2005 gesta
1404 1896 1519 1978 fluxu
1547 1901 1740 2006 temporis
1769 1900 1810 1976 in
1839 1897 1915 1978 du-

101 2006 223 2086 bium
253 2021 497 2086 reuocentur
526 2006 589 2086 vel
617 2006 752 2117 aliqua
782 2004 833 2087 de
861 2008 917 2087 eis
945 2007 1172 2117 calumpnia
1203 2008 1244 2087 in
1276 2024 1481 2116 posterum
1510 2010 1640 2089 valeat
1660 2008 1837 2089 suboriri
1851 2009 1915 2116 jd·
1982 2057 1984 2060 -
2047 2023 2053 2038 ’

103 2120 220 2201 circo
250 2118 402 2196 Notum
432 2114 535 2196 facio
564 2146 636 2226 per
665 2133 869 2226 presentes
905 2118 1016 2227 quod
1046 2116 1287 2200 Reuerendo
1313 2120 1422 2229 patri
1449 2118 1614 2207 domino
1643 2147 1744 2216 meo,
1788 2117 1916 2198 domi·

105 2255 164 2308 no
193 2226 362 2309 Nicolao
391 2226 529 2307 diuina
560 2230 817 2310 miseracione
846 2229 1152 2341 archiepiscopo
1179 2228 1378 2338 upsalensi
1407 2230 1563 2311 Nouem
1592 2257 1683 2312 oras
1712 2259 1802 2312 cum
1831 2256 1915 2310 vno

107 2336 242 2419 solido
271 2354 377 2418 terre
399 2339 441 2417 in
471 2338 565 2419 villa
595 2340 767 2435 sorsum,
797 2340 989 2450 parochia
1019 2340 1292 2451 skiepthamer
1321 2338 1525 2422 &decem
1556 2341 1706 2423 solidos
1735 2354 1842 2421 terre
1872 2346 1915 2422 in

110 2450 208 2530 ¹villa
234 2448 469 2545 kumblum,
502 2450 695 2559 parochia
722 2448 1122 2560 Baldingxstadhum,
1151 2454 1195 2533 in
1223 2451 1373 2563 quibus
1401 2451 1507 2533 villis
1521 2451 1673 2563 solidus
1687 2470 1793 2534 terre
1813 2450 1914 2532 duas

111 2562 265 2641 Marcas
307 2558 398 2641 den.
435 2560 570 2645 valere
613 2559 733 2660 solet,
762 2567 802 2643 &
831 2578 986 2671 partem
1016 2564 1231 2645 domorum
1259 2563 1311 2645 ad
1339 2591 1401 2644 me
1430 2565 1722 2674 pertinencium
1750 2564 1791 2642 in
1823 2590 1914 2671 pre·

108 2668 218 2754 diota
239 2670 333 2753 villa
359 2671 511 2753 lorsam
541 2673 645 2755 solui
662 2701 737 2782 pro
766 2674 985 2783 Octoginta
1015 2674 1186 2756 marchis
1212 2672 1303 2755 den.
1331 2703 1440 2757 nune
1468 2672 1615 2755 vsnalis
1639 2691 1799 2755 monete
1814 2701 1917 2784 quas

106 2784 268 2865 soluere
298 2783 465 2864 tenebar
493 2811 570 2894 pro
591 2782 715 2893 ‘parte
744 2812 842 2881 mea,
872 2812 949 2893 pro
976 2783 1118 2891 legatis
1134 2785 1174 2865 in
1191 2801 1444 2882 testamento,
1467 2784 1664 2867 karissimi
1688 2785 1916 2865 fratrismei

107 2894 241 2975 karoli
263 2896 449 2975 canonici
464 2892 669 3006 quondam
698 2896 862 2976 ecclesie
882 2894 1110 3004 vpsalensis‚
1140 2922 1216 3006 pro
1244 2896 1394 3006 quibus
1422 2898 1641 3005 Octoginta
1672 2898 1841 2976 marchis
1863 2897 1916 2974 si-

107 3005 153 3088 bi
174 3006 525 3116 inpignoraueram
540 3023 698 3116 partem
729 3035 790 3088 me
818 3010 1118 3115 contingentem
1147 3009 1188 3087 in
1218 3005 1430 3117 bierghum
1458 3011 1506 3089 in·
1540 3009 1721 3115 faeringct.
1777 3006 1915 3087 Relin·
2015 3095 2053 3110 ‚⁷
2094 2987 2141 3060 s

107 3145 239 3230 quens
276 3143 434 3199 exnunc
481 3118 664 3226 predicto
705 3119 810 3200 Patri
840 3119 1061 3227 plenariam
1092 3119 1382 3228 possessionem
1410 3125 1449 3200 a
1476 3122 1548 3201 Jus
1584 3117 1842 3228 proprietatis
1870 3119 1913 3198 in

108 3229 266 3342 predijs
309 3226 574 3338 predictis‘vt
602 3232 687 3338 ipse
717 3229 769 3312 de
797 3232 853 3315 eis
881 3228 1044 3311 ordinet
1073 3259 1151 3338 pro
1178 3257 1250 3310 sue
1279 3230 1659 3324 libitovol‘untatis,
1689 3229 1829 3310 Testes
1843 3258 1915 3310 au-

109 3359 188 3422 tem
235 3341 322 3420 siue
369 3340 555 3449 firmarij‚
597 3342 669 3450 qui
698 3339 1123 3449 wlgariterdiountur
1153 3339 1347 3421 lastaria
1378 3343 1572 3450 presentis
1601 3340 1915 3448 negocijrobur

109 3457 145 3532 8<
174 3450 444 3549 euideneiam‚
473 3451 644 3532 adhibitl
673 3471 767 3533 stant
795 3450 898 3532 inira
928 3454 1088 3563 scripti,
1118 3450 1306 3533 videlicet
1335 3450 1521 3534 dominus
1550 3452 1739 3546 lllathias‚
1773 3455 1813 3531 &
1841 3451 1915 3531 doe

108 3563 240 3642 minus
270 3561 461 3644 Nicolaus
480 3590 735 3645 mareusason
766 3563 951 3645 canonici
980 3564 1144 3645 ecclesie
1173 3562 1406 3672 upsalensis,
1462 3564 1626 3644 Domini
1657 3561 1836 3643 nicolaus
1865 3561 1915 3642 de
2006 3636 2010 3642 ,
2134 3596 2156 3630 r

110 3673 236 3781 loghat
277 3673 551 3784 Briniulphus
595 3674 646 3756 de
682 3702 783 3782 garn
813 3673 1026 3782 presbiteri
1053 3674 1169 3755 fullio
1198 3677 1397 3773 Joanson,
1424 3676 1529 3756 Joan
1557 3676 1599 3752 in
1629 3673 1915 3768 malstadhum,
2052 3695 2056 3702 ·

110 3801 252 3896 petrus
287 3783 597 3893 gnthormsson,
625 3784 782 3866 Olauus
811 3787 1001 3883 Joanson‚
1030 3787 1226 3894 Gregoris
1255 3784 1434 3865 knutson
1464 3785 1655 3866 Nicolaus
1706 3784 1757 3866 de
1800 3785 1916 3865 Nier·
1991 3809 1995 3814 ’

111 3896 350 3992 dhatunum‚
380 3894 549 3978 andreas
565 3901 741 3980 loanson
771 3923 818 3976 ac
848 3895 972 3977 frater
992 3923 1088 3977 suus
1105 3896 1331 3977 laurencius
1360 3894 1530 3976 andreas
1558 3895 1609 3976 de
1624 3895 1714 3974 Naes
1734 3894 1830 4002 joan
1854 3915 1916 3975 ot·

112 4009 220 4087 tonis
251 4007 373 4104 lilius,
402 4006 578 4090 finuidus
607 4007 782 4118 philippi
811 4005 934 4103 lilius,
961 4006 1057 4115 joan
1081 4005 1132 4088 de
1149 4005 1303 4106 Ekibt,
1326 4007 1468 4086 Ericus
1482 4005 1533 4088 de
1546 4004 1761 4104 stultltabir.
1799 4005 1917 4085 linui·
2033 4103 2037 4106 ᾖ

112 4117 186 4198 dus
231 4117 398 4214 nicolai,
427 4119 553 4227 johan
580 4119 881 4227 hemmingson‚
911 4119 1117 4215 anundus,
1160 4115 1423 4226 jngimundus
1451 4116 1502 4198 de
1529 4117 1705 4210 ecloum,
1735 4115 1915 4195 kettillus

114 4227 269 4326 diakn,
298 4230 526 4338 Jngimarus
567 4230 670 4311 elaui
700 4229 824 4327 filius,
860 4233 900 4308 a
928 4230 1105 4310 lacobus
1132 4227 1182 4310 de
1210 4227 1398 4323 Ridhum,
1428 4231 1480 4308 Jn
1509 4229 1624 4309 cuins
1653 4229 1710 4307 rei
1739 4231 1915 4307 testimo·

117 4343 221 4420 nium
250 4341 425 4448 sigillum
453 4369 584 4421 meum
608 4339 862 4451 presentibus
890 4357 952 4420 est
978 4367 1222 4452 appensum,
1252 4338 1393 4419 datum
1421 4345 1461 4421 &
1490 4354 1625 4420 actum
1653 4337 1762 4448 apud
1785 4337 1917 4417 Tunir

120 4450 156 4528 in
183 4449 291 4533 alter.
319 4459 429 4534 anno
457 4452 609 4534 domini
638 4451 849 4534 Millesimo
878 4454 1175 4550 Ducentesimo,
1191 4453 1462 4561 Nonagesimo
1477 4449 1607 4531 v111·.
1650 4449 1915 4556 Nonislunij.

522 4625 646 4711 sigillet
671 4625 835 4690 bortlallet
856 4626 925 4691 lrln
948 4625 1008 4690 deo
1032 4649 1070 4691 ur
1093 4627 1218 4696 brelret
1238 4627 1362 4714 llippta
1383 4648 1515 4692 remsan.

246 4859 292 4914 ευ.
311 4860 429 4932 napos
454 4863 490 4914 11
1678 4847 1720 4925 34
