4317 5975
820 374 913 406 .-
1021 331 1097 419 511
1167 364 1291 445 „-·

156 555 248 650 lum,
276 522 553 663 nigripontis,
581 548 753 639 diuersis
769 550 1033 662 temporibus.
1049 569 1093 633 et
1121 518 1291 651 uicibus,
1324 516 1417 635 cum
1446 562 1584 635 eorum
1608 552 1751 683 iniqua
1777 552 1960 667 potentia

155 685 198 751 et
226 666 366 749 furore
393 665 597 748 senissima
611 662 787 750 ,feritatis
800 664 999 747 hostiliter
1013 667 1261 762 inuaserant,
1284 680 1324 747 et
1341 680 1432 773 post
1461 662 1795 773 depopulationes
1823 665 1961 753 inuen-

156 778 223 865 dio
252 776 371 859 cedes
398 792 440 855 et
467 776 597 884 spolia
627 802 699 884 par
729 774 910 863 infideles
937 777 1046 884 ipsos
1076 778 1119 859 in
1145 776 1252 859 'dicta
1282 793 1324 858 et
1352 775 1440 885 alijs
1469 777 1610 875 insulis
1625 802 1672 857 ac
1686 778 1804 861 terris
1833 774 1964 858 dicta·
2084 846 2088 861 .

157 914 251 978 ram
279 888 459 997 partium
485 887 715 974 immaniter
738 903 975 995 perpetrata
1016 888 1329 972 innumerabiles
1374 914 1564 997 personas
1583 952 1586 958 .
1605 874 1783 971 lideliurn
1810 914 1965 972 corun«

157 999 262 1091 dem,
279 1001 432 1109 cepisse
459 998 648 1107 ipsasque
676 996 720 1080 in
746 1000 982 1081 seruitutem
1011 998 1237 1107 predictam
1265 998 1465 1106 redegisse
1481 1027 1559 1109 pro
1576 997 1694 1083 dolor
1715 1013 1963 1083 asseruntur.¹
2007 1088 2011 1104 ‚

157 1115 423 1201 Cumautem
450 1106 503 1195 de
530 1107 763 1194 huiusmodi
793 1112 930 1219 pranis
959 1110 1177 1191 conatibus
1202 1129 1246 1192 et
1273 1112 1603 1221 oppressionibus
1628 1137 1749 1221 quos
1778 1110 1862 1192 iera
1892 1138 1965 1217 pc·

156 1226 315 1334 genitas
343 1222 386 1303 in
416 1218 578 1306 eosdem
609 1219 748 1301 fideles
776 1222 834 1303 sic
863 1240 1025 1304 exercet
1051 1223 1244 1303 atrociter
1271 1225 1321 1319 in
1344 1222 1499 1303 intimis
1535 1222 1748 1307 doleamus¹
1770 1241 1809 1303 et
1840 1246 1964 1329 prop·

157 1349 287 1431 terea,
316 1334 405 1414 uias
430 1348 472 1414 et
500 1331 644 1417 modos
671 1334 981 1443 exquisierimus
1007 1350 1054 1414 ut
1080 1337 1205 1414 statui
1235 1333 1436 1415 dictorum
1466 1334 1774 1417 christianorum
1803 1334 1867 1415 sic.
1888 1322 1966 1439 osspss

159 1473 301 1556 presso
330 1466 538 1553 possemus
566 1443 720 1528 utiliter
749 1444 978 1552 prouidere,
1008 1444 1169 1548 tandem
1200 1444 1386 1553 diligenti
1404 1454 1589 1527 ¹tractatu
1614 1473 1743 1553 super
1766 1443 1840 1551 hijs
1871 1470 1964 1550 pre-

156 1557 299 1639 habito
327 1554 516 1637 duximus
544 1552 815 1638 ordinandum
843 1575 887 1643 nt
915 1574 1024 1637 certo
1051 1572 1202 1637 armata
1233 1558 1436 1663 galearum
1469 1567 1629 1663 percos
1646 1559 1699 1635 »iu
1728 1557 1804 1639 utu
1835 1552 1965 1663 primo

96 1748 101 1757 .
158 1674 280 1753 Anno
307 1666 485 1749 realibus
511 1664 701 1774 subsidiis
729 1666 780 1749 de
812 1686 950 1749 nostra
979 1668 1146 1749 Camera
1175 1667 1267 1749 licet
1308 1667 1525 1749 eitmultis
1568 1694 1832 1775 expensarum
1852 1690 1966 1749 zone·
2095 1668 2122 1687 ”

158 1780 272 1863 ribus
300 1794 521 1888 aggrauata
548 1796 590 1861 et
618 1773 764 1859 deinde
792 1778 1063 1894 spiritualium
1077 1794 1119 1860 et
1133 1778 1492 1861 ecclesiasticorum
1513 1777 1717 1887 subsidijs
1733 1774 1968 1873 adiunaoda

162 1919 235 1979 nec
264 1916 348 1971 non
376 1888 624 1973 carissimum
654 1889 695 1969 iu
724 1889 887 1971 christo
914 1890 1042 1970 filium
1081 1900 1266 1972 nostrum
1297 1891 1510 1998 Hugouem‘
1552 1892 1702 1997 Regem
1732 1880 1845 1999 Cipn‘
1871 1887 1967 1969 'illu-

163 2019 288 2091 strem
314 2030 362 2082 ac
390 1998 560 2084 dilectos
587 1999 692 2082 lilios
720 2063 730 2081 .
758 2057 768 2078 .
797 2001 1035 2106 Magistrum
1076 2018 1118 2083 et
1159 2002 1303 2083 fratres
1345 2000 1557 2107 hospitalis
1597 2003 1732 2083 *sancti
1771 1998 1971 2083 iolaaunie

160 2113 476 2198 ierosolimitaui
504 2130 545 2191 et
571 2110 910 2200 nobilemvirum
940 2172 984 2196 ..
1015 2114 1166 2195 Ducem
1205 2112 1459 2194 veneciarum
1489 2128 1532 2193 et
1559 2109 1772 2222 quosdam·
1798 2110 1896 2195 alius
1925 2111 1971 2193 iu

7 2241 8 2272 ³
147 2224 333 2307 instanti
361 2222 432 2303 liat
461 2250 538 2331 pro
565 2249 761 2305 succursu
788 2241 830 2306 et
857 2220 1091 2307 defensione
1120 2222 1297 2306 fidelium
1327 2222 1779 2333 predictorumatque
1796 2222 1847 2303 nd
1877 2220 1969 2302 Tri-

161 2338 328 2425 ennium
356 2332 552 2416 duratura
577 2350 620 2415 et
647 2333 760 2445 qnod
788 2332 1019 2455 hpinsmodi
1047 2335 1161 2445 galee
1188 2334 1454 2418 bellatoribus
1467 2351 1507 2422 et
1522 2333 1611 2442 alijs
1637 2334 1830 2443 gentibus
1847 2352 1971 2439 opor·
1993 2354 1995 2361 ’

161 2451 273 2535 tuuis
299 2462 343 2529 et
370 2446 492 2529 armis
521 2445 625 2527 bene
653 2446 806 2529 munite
834 2444 944 2554 apud
973 2447 1121 2529 dictam
1151 2447 1325 2529 insulam
1362 2445 1615 2553 Nigripo'ntis
1642 2446 1686 2527 in
1715 2444 1879 2529 instanti
1903 2442 1971 2525 'fe-

161 2574 227 2640 sto
255 2557 436 2642 omnium
464 2573 697 2639 sanctorum
724 2554 899 2639 debeant
931 2561 1153 2639 conuenire
1195 2575 1339 2639 contra
1381 2552 1563 2639 infideles
1603 2553 1765 2643 eosdem
1804 2570 1970 2635 auctore
2028 2645 2044 2663 st

162 2667 330 2761 domino
358 2667 531 2749 uiriliter
560 2667 802 2778 profecturo.
831 2668 946 2749 Licet
975 2671 1100 2778 igitur
1127 2668 1286 2752 assidue
1314 2670 1536 2777 cogitemus
1565 2666 1773 2778 quomodo
1801 2682 1843 2747 et
1871 2694 1971 2776 qua·

164 2780 496 2887 liter‘negotium
524 2782 655 2888 ipsum
674 2776 739 2862 ¹ad
767 2777 834 2859 dei
851 2779 1020 2861 ‘landem
1049 2799 1092 2863 et
1120 2783 1288 2890 gloriam
1318 2794 1359 2861 et
1388 2808 1472 2861 non
1514 2780 1656 2863 solum.
1688 2778 1740 2859 ad
1770 2775 1972 2859 defensio·
2057 2782 2061 2793 '

164 2920 258 2975 nem
287 2890 483 2979 catholice
511 2890 606 2973 lidei
634 2905 675 2971 et
703 2885 973 2999 professorum
1002 2892 1189 2975 eiusdem·
1210 2890 1280 2975 sed
1313 2893 1430 2974 etiam
1447 2892 1729 2973 exaltationem
1759 2888 1973 2996 ipsius'.se·
2045 2974 2048 2983 ,

6 3069 13 3121 4
132 3005 310 3094 liciter.
327 3020 604 3112 prosperetur,
631 3018 671 3092 et
700 3030 776 3110 pro
805 2994 974 3085 ieliciori
1004 3006 1288 3112 prosecutione
1311 3006 1437 3112 ipsius
1466 3001 1640 3085 decimos
1669 3000 1900 3083 reddituum
1931 3017 1972 3084 et

6 3203 12 3217 ‚
166 3131 443 3226 prouentnum
472 3113 833 3203 ecclesiasticorum
861 3116 915 3194 in,
933 3110 1052 3196 certis
1081 3118 1199 3196 terris
1217 3115 1439 3225 prouincijs
1468 3131 1510 3194 et
1538 3113 1722 3224 partibus
1750 3113 1972 3221 consistam*¹

6 3224 11 3329 ff
55 3312 63 3318 ,
165 3229 267 3310 tium
295 3243 336 3308 et
364 3225 498 3336 aliqua
527 3225 603 3306 alia
637 3222 816 3306 subsidia
858 3223 1087 3307 duxerimus
1130 3225 1407 3325 concedenda,
1450 3227 1548 3336 qnia
1588 3241 1730 3313 tamen
1765 3225 1973 3330 negotium

6 3336 11 3368 ²
166 3339 299 3448 ipsum
329 3338 443 3446 quod
471 3338 643 3418 maxima
671 3364 937 3442 appensorum
968 3336 1171 3446 profluuio
1204 3340 1378 3448 requirit
1420 3337 1652 3419 maioribus»
1683 3333 1871 3440 sulisidijs
1898 3361 1974 3414 noe

166 3451 294 3538 scitur
321 3447 505 3557 indigere
532 3476 580 3530 ac
609 3443 662 3528 ad
695 3446 798 3529 illud
834 3447 1157 3530 coadiuuandum
1202 3449 1382 3530 fidelium
1426 3449 1650 3530 caritatida,
1683 3447 1858 3541 subsidia
1891 3445 1976 3532 exin

165 3576 282 3642 stunt
307 3558 530 3670 plurimum
570 3576 775 3666 oportuna
804 3558 940 3646 fideles
982 3559 1143 3642 eosdem
1188 3559 1240 3642 ad
1283 3562 1360 3640 hoc
1403 3557 1658 3673 quibusdam
1681 3555 2002 3666 spiritualibus.

167 3669 454 3775 munificentijs
483 3668 751 3778 indulgentiis
793 3668 982 3752 uidelicet
1015 3672 1395 3754 et‘remissionibus
1439 3667 1690 3778 prouidimn's
1731 3665 1974 3748 inuitandos.

169 3785 374 3887 Quocirca
401 3781 651 3866 fraternitati
694 3797 826 3861 uestre
864 3808 938 3888 per
970 3780 1193 3888 apostolica
1216 3783 1383 3888 'scripta
1427 3781 1713 3888 committimus
1741 3795 1782 3858 et
1811 3777 1977 3862 manda·
2050 3807 2052 3817 ’

169 3921 259 3980 mus
285 3891 481 4002 quatinus
508 3906 659 3980 statum
688 3889 952 3970 miserabilem
979 3891 1294 3973 christianorum
1313 3891 1512 3972 dictarum
1533 3889 1977 3998 partiumattendentes
2018 3931 2023 3944 ¹

170 4023 377 4115 tamquam
407 4029 602 4109 precones
630 4001 767 4085 fideles
794 4019 837 4082 et
865 4000 995 4082 fortes
1018 4001 1171 4084 athlete
1202 4001 1293 4084 fidei
1321 3999 1674 4082 contra'infideles
1704 3999 1868 4086 eosdem
1896 4000 1978 4082 cine

6 4112 10 4123 ’
127 4166 140 4178 ‚
169 4117 256 4225 guli
289 4111 478 4195 uidelicet
506 4128 689 4196 uestrum
717 4113 759 4192 in
786 4112 870 4195 suis
897 4114 1145 4196 Ciuitatibus
1174 4131 1215 4196 et
1243 4111 1471 4194 diocesibus
1492 4128 1566 4222 p'er
1586 4137 1658 4192 uos
1688 4127 1728 4190 et
1759 4111 1866 4195 alias.
1885 4123 1978 4218 per·

63 4229 67 4236 ’
170 4255 292 4310 sonas
318 4224 607 4312 ecclesiasticas,
633 4223 906 4307 aculaeeset
933 4227 1138 4333 regulares
1170 4223 1358 4308 ordinum
1401 4249 1739 4334 quorumcunque
1781 4243 1891 4332 quas.
1926 4219 1979 4304 ad
2110 4311 2114 4321 ,

158 4340 251 4425 hoc
278 4333 555 4442 ydoneasfore
570 4336 767 4416 ueneritis
795 4335 935 4416 christi
951 4336 1138 4418 fidelibus
1154 4337 1263 4418 iuxta
1278 4335 1409 4418 datam
1426 4337 1556 4418 nobis
1571 4345 1611 4416 et
1639 4337 1696 4416 eis
1724 4363 1745 4414 a
1775 4336 1852 4416 deo
1882 4360 1979 4439 prn-

172 4447 352 4531 dentiam
381 4448 623 4556 proponatis
651 4445 816 4556 publice
833 4451 1004 4530 uerbum
1019 4450 1151 4532 crucis
1166 4465 1210 4530 et
1223 4446 1452 4530 venerabile
1473 4449 1631 4556 signnm
1660 4443 1980 4554 eiusqnilausuis

172 4557 365 4643 fidelibus
388 4558 490 4641 illud
520 4559 725 4666 suscipere
760 4557 909 4640 deuote
948 4559 1182 4642 uolentibus
1225 4558 1454 4642 concedatis
1496 4559 1757 4668 ipsorumque
1802 4556 1980 4636 humeris

173 4669 395 4781 imponatis
424 4669 561 4763 fideles
589 4666 751 4752 eosdem
779 4697 883 4778 quos
911 4671 963 4753 ad
991 4671 1237 4754 audiendum
1268 4669 1589 4780 propositionem
1625 4670 1751 4776 ipsam
1784 4665 1980 4776 quociens

175 4780 403 4892 expedierit
438 4780 489 4863 ad
532 4780 628 4862 loca·
665 4779 824 4888 ydoneo
859 4808 1087 4880 conuocare
1132 4783 1294 4890 possitis
1333 4777 1503 4863 solicitis¹
1541 4779 1903 4862 exhortationibus
1938 4789 1980 4856 et

177 4893 396 5006 oportunis
409 4891 610 5002 instantijs
624 4891 862 4977 inducentes
877 4908 925 4974 ut
935 4895 1016 5001 ipsi
1027 4893 1290 5004 suscipientes
1309 4918 1400 4974 ctam
1421 4889 1980 5006 moerentiss'ignonoruoit.
2006 5000 2012 5019 „

851 5151 863 5199 l
