4317 5975
779 367 1194 513 ..191⁸-

88 654 156 709 nus
170 622 397 709 Bonilacius
417 648 558 703 causas
574 624 686 732 ipsus'
702 624 743 703 in
760 650 810 703 eo
828 641 949 721 statu,
966 627 1009 705 in
1022 655 1108 737 quo
1127 626 1289 709 fuerant
1309 624 1445 711 coram
1461 630 1561 738 ipso,
1577 631 1689 710 iuxta
1713 631 1882 713 formam
1965 719 1971 725 ,

86 745 312 847 &tenorem
336 734 542 843 petitionis
557 731 786 843 supradicte
803 737 920 817 uobis
940 737 1182 819 audiendam
1209 742 1409 827 commisit
1430 742 1613 851 Cumque
1630 739 1885 850 postmodum

2 884 4 933 2
84 848 316 931 venerabilis
346 848 408 926 vir
436 844 624 927 dominus
653 846 844 929 Nicolaus
871 864 971 927 tune
1005 848 1183 931 decanus
1211 850 1390 959 predicte
1419 853 1655 961 upsallensis
1686 854 1883 951 Ecclesia,

49 1009 53 1018 ν
86 989 149 1070 per
176 957 410 1068 Capitulum
440 958 585 1067 ipsius,
613 958 764 1040 electus
792 976 895 1040 esset
930 961 970 1039 in
1008 960 1185 1041 eiusdem
1223 963 1395 1044 Ecclesia
1436 966 1799 1073 archiepiscopum,
1843 971 1888 1044 &-

2 1098 3 1149 3
84 1078 292 1166 Pastorem,
321 1086 360 1151 et
389 1094 465 1177 pro
501 1068 732 1151 huiusmodi
762 1073 1045 1185 prosecutione
1073 1072 1279 1154 electionis
1306 1074 1358 1155 ad
1386 1076 1609 1156 Romanam
1628 1078 1794 1157 Curiam
1815 1104 1881 1157 ac·

82 1187 257 1279 eessiret,
289 1184 400 1263 etin
427 1181 565 1263 eudem
601 1182 724 1262 Curia
761 1210 840 1291 pro
881 1185 1164 1293 prosecutione
1208 1186 1416 1265 electionis
1459 1188 1602 1295 ipsius,
1645 1187 1883 1299 aliquandiu

82 1318 183 1375 mora
216 1310 439 1402 protracta.
461 1292 641 1375 'tamdem
671 1297 782 1377 omni
810 1297 898 1376 luri
927 1293 1038 1405 quod
1068 1296 1145 1376 sibi
1174 1297 1216 1376 in
1247 1294 1443 1378 electidne
1471 1297 1699 1379 huiusmodi
1720 1328 1882 1406 compe·

83 1406 195 1501 tabat,
227 1406 270 1483 in
302 1404 485 1484 manibus
513 1402 689 1486 eiusdem
717 1401 870 1486 domini
900 1409 1026 1491 nostri
1054 1411 1309 1489 renunciauit
1351 1436 1554 1518 expresse,
1596 1410 1688 1511 Qua
1719 1438 1793 1518 per
1820 1413 1882 1518 ip·

84 1544 158 1599 sum
187 1516 401 1597 dominum
432 1532 614 1597 nostrum
646 1519 944 1599 rerrtmtiatione
985 1534 1169 1627 recepta,
1205 1521 1310 1601 idem
1353 1517 1542 1601 dominus
1585 1536 1722 1601 noster
1765 1521 1883 1603 nobis

2 1638 3 1645 '
82 1620 271 1709 commisit
300 1627 466 1707 oraculo
497 1629 589 1709 uiue
617 1630 741 1726 uocis,
771 1646 816 1709 ut
852 1627 1074 1741 predictam
1110 1633 1388 1740 suspensionis
1430 1633 1691 1727 sententiam,
1731 1634 1765 1712 si
1791 1661 1882 1741 -qua
1956 1672 1960 1685 ·

80 1740 222 1833 luerat,
255 1754 297 1817 et
325 1754 527 1849 quatenus
555 1738 781 1848 predictum
811 1739 1021 1823 dominum
1052 1742 1262 1823 Nicolaum
1293 1759 1393 1823 tune
1411 1744 1618 1823 Decanum
1647 1744 1794 1851 tetigit,
1822 1772 1884 1822 re·

2 1874 4 1881 ·
81 1852 302 1951 laxaremus
330 1848 381 1929 ad
408 1850 616 1947 cautelam,
645 1852 858 1963 ipsumque
887 1852 939 1934 ad
967 1854 1361 1963 Archiepiscopalem
1393 1858 1432 1933 sa
1457 1853 1885 1963 Episcopalemdigni·

79 1980 170 2045 tates
199 1960 393 2058 habilem,
423 1964 662 2042 auctoritate
691 1990 761 2043 sua
792 1962 961 2045 reddere
987 1992 1231 2046 curaremus.
1276 1967 1361 2048 Nos
1387 1969 1525 2076 itaque
1552 1964 1752 2072 mandatis
1779 1966 1883 2045 eius·
1928 2049 1932 2055 ,

80 2077 160 2153 dem
190 2072 349 2153 domini
377 2076 505 2154 nostri
533 2074 737 2155 humiliter
766 2073 932 2156 obedire
961 2076 1157 2173 uolentes,
1186 2074 1407 2189 predictam
1432 2078 1707 2184 suspensionis
1722 2092 1882 2157 senten·

2 2184 4 2225 ³
81 2188 164 2264 tiam
195 2186 317 2295 siqua
333 2184 422 2281 fuit,
451 2187 548 2265 etin
564 2200 761 2295 quantum
786 2185 1011 2295 predictum
1024 2185 1235 2297 dominum
1252 2188 1465 2270 Nicolaum
1478 2190 1625 2299 tetigit,
1640 2189 1883 2269 auctoritate

2 2286 4 2297 ’
82 2294 255 2405 predicta
285 2289 509 2376 relaxamus
538 2296 587 2377 ad
618 2297 834 2394 cautelam,
864 2306 903 2379 8r
933 2298 1150 2381 relaxatam
1182 2292 1255 2408 per
1269 2318 1474 2410 presentes
1488 2300 1793 2395 denuntiamus,
1822 2304 1883 2409 ip·
1954 2348 1959 2355 ·

2 2434 4 2507 ς
82 2436 160 2487 sum
189 2436 242 2487 ue
275 2404 327 2487 ad
355 2406 751 2517 ArchiepIseopalem
781 2414 821 2488 tr
865 2411 1143 2521 Episcopalem
1190 2411 1363 2491 habilem
1406 2408 1611 2492 reddimus
1653 2410 1880 2517 dignitates.

2 2518 4 2619 j
84 2436 285 2605 indutus
313 2520 372 2599 rei
402 2520 676 2603 testimonium
701 2539 906 2629 presentes
935 2520 1089 2602 litteras
1118 2523 1396 2607 mandauimus
1434 2521 1554 2631 sigilli
1591 2526 1720 2603 nostri
1749 2526 1880 2605 muni·

2 2674 4 2725 ς
84 2634 179 2710 mine
206 2629 411 2711 roborari.
470 2632 619 2711 Datum
648 2633 845 2739 Anagnia.
901 2639 1021 2714 Anno
1056 2630 1209 2713 domini
1239 2634 1450 2715 Millesimo
1479 2633 1756 2716 ducentesimo
1798 2634 1907 2715 No·'

2 2772 3 2845 3
84 2744 283 2848 uagesimo
310 2742 468 2845 Quinto
496 2740 729 2824 indictione
757 2742 867 2825 VIII.
896 2744 962 2825 die
991 2743 1131 2825 XXIII
1168 2744 1316 2828 Mensis
1350 2746 1449 2855 Julij
1486 2746 1748 2851 pontificatus
1790 2772 1881 2855 pre·

85 2848 171 2932 dicti
201 2850 362 2934 domiui
389 2852 588 2963 Bonifaeij
616 2882 723 2965 pape
750 2855 861 2948 VIII.
917 2859 1037 2939 Anno
1065 2858 1213 2938 Primo.

674 2971 1285 3100 mwfflmwmm

93 3378 249 3484 1136.
581 3374 586 3383 ⁸
709 3331 859 3528 1a95
908 3383 956 3490 d.
1013 3409 1079 3530 ¹7
1128 3390 1257 3531 Aug.
1576 3409 1580 3416 ’
1628 3383 1878 3524 .Anagni.

155 3599 275 3662 Pisaeo
299 3599 479 3664 Bustricius
501 3599 602 3664 Vlllts
623 3601 723 3680 Bulla,
745 3575 948 3686 larangtmom
967 3606 1033 3669 Nile
1053 3607 1191 3669 Allesson
1214 3615 1373 3669 ututrunes
1394 3605 1441 3670 till
1462 3603 1674 3688 Iris-Biskop
1705 3607 1714 3664 i
1746 3602 1879 3686 Upsula,

3 3673 10 3838 p
203 3682 378 3764 livarjemte
399 3683 536 3748 Pallium
559 3685 773 3756 dfrerlemnas,
786 3686 846 3750 och
858 3687 1042 3762 Cardinalen
1055 3691 1169 3775 Bislop
1180 3690 1280 3753 Johau
1292 3688 1512 3750 liirordnasatt
1530 3688 1658 3750 fdrrttta
1677 3690 1879 3768 iurignIngen.

1257 3806 1286 3860 r.
1308 3821 1329 3858 t.
1347 3804 1404 3874 us.
1418 3781 1424 3792 '
1438 3798 1491 3857 at.
1511 3801 1601 3873 1.Ep.
1620 3802 1677 3871 sas,

183 3939 439 4021 Bomracrus
468 3911 688 4050 Episcopus
715 3941 871 4042 Seruus
898 3942 1120 4024 Servorum
1151 3945 1237 4025 Dei.
1272 3941 1500 4024 Venerabili
1526 3943 1669 4024 Fratri
1708 3940 1876 4022 Nicoloo
2009 4039 2016 4051 Α

571 4051 873 4161 Arckiepiscopo
901 4056 1126 4166 Vpsullensi
1151 4054 1330 4137 Salutem
1358 4058 1431 4132 &c

202 4191 291 4272 Cor
319 4183 502 4270 nostruin
531 4192 782 4300 jocunditate
812 4193 1080 4303 perfunditur,
1109 4212 1150 4274 et
1178 4197 1218 4274 in
1249 4197 1425 4276 Domino
1452 4223 1501 4278 ex
1532 4193 1691 4276 'intimis
1718 4192 1874 4274 exulta·

84 4327 159 4381 mus
185 4329 280 4382 cum
309 4303 399 4410 ipso
428 4301 614 4400 iaciente,
643 4306 714 4416 qui
743 4304 1000 4388 concordiam
1029 4306 1340 4386 insublimibus
1369 4323 1580 4417 operatur,
1617 4309 1658 4386 in
1689 4303 1875 4385 Ecclesiis

84 4412 310 4492 vacantibus
339 4439 531 4522 personas
559 4415 814 4497 concorditer
843 4417 935 4524 eligi
964 4419 1163 4525 contingit
1199 4417 1376 4524 ydoneus
1406 4420 1447 4498 in
1477 4432 1671 4528 pastores,
1700 4415 1752 4496 ad
1774 4443 1876 4526 qua·

84 4547 160 4600 rum
187 4522 488 4632 expeditionem
519 4525 686 4607 celerem
717 4554 791 4608 nos
820 4529 862 4608 in
892 4525 1143 4638 plenitudine
1171 4529 1451 4610 sollicitudinis
1486 4555 1662 4638 superna
1703 4524 1877 4636 disposi-

84 4633 180 4714 tione
208 4639 354 4733 vocati,
383 4635 509 4716 officii
538 4639 664 4718 nostri
693 4637 896 4738 debitum,
925 4641 1109 4750 vigilanti
1138 4640 1274 4724 studio
1302 4641 1568 4751 impartimur.
1626 4639 1731 4719 Sane
1767 4640 1878 4720 bone
2008 4741 2014 4752 ἱ

4 4753 5 4830 ἶ
87 4748 263 4826 memorie
292 4747 435 4827 Fratre
461 4746 643 4830 Iohanne
670 4763 769 4832 tunc
797 4751 975 4836 Aboensi
1005 4753 1227 4864 Episcopo,
1254 4743 1326 4865 qui
1356 4751 1618 4862 postobitum
1634 4751 1701 4860 pie
1728 4778 1878 4833 memo·
1962 4853 1966 4862 1

4 4887 6 4976 3
86 4857 134 4934 rie
159 4856 295 4963 Magni
325 4854 572 4968 Vpsallensis
599 4863 731 4942 illecti
759 4879 800 4944 et
841 4865 1083 4962 consecrati,
1127 4895 1175 4946 ac
1204 4864 1360 4958 dilectis
1387 4862 1487 4943 liliis.
1507 4863 1790 4971 ..Prepesito,
1833 4879 1875 4941 et

4 5031 6 5086 Ξ
84 4962 263 5074 Capitulo
291 4973 329 5050 V
331 4969 540 5079 psalleusis
571 4973 768 5072 Ecclesie,
805 4972 855 5057 ad
885 4977 1009 5085 ipsius
1038 4977 1214 5060 Ecclesia
1245 4977 1424 5086 regimen
1454 4972 1711 5057 concorditer
1739 4973 1873 5054 extitit

4 5107 7 5228 ι
