4317 5975
764 348 896 378 ·—-
1006 314 1079 394 321
1197 345 1255 381 -·-

132 529 333 611 videlicet
362 532 410 610 V.
440 529 602 612 marche
632 558 735 641 quas
763 529 885 611 olauo
914 532 1054 640 nepotj
1083 561 1172 614 meo
1201 534 1361 614 nomine
1403 534 1631 615 testamenti
1680 536 1836 645 contulj
1865 554 1942 645 pro

129 644 274 722 anima
304 670 388 722 mea
417 658 458 721 et
487 643 659 722 aliorum
689 639 867 721 fidelium
896 644 1005 721 iuxta
1037 643 1340 725 ordinacionem
1356 643 1516 728 discreti
1547 644 1624 752 virj
1652 643 1806 753 domini
1834 648 1936 746 Wp.

129 752 283 834 mundi
312 752 508 861 prepositi
536 753 802 860 Linoopensis
834 755 886 832 ln
912 755 1037 833 missis
1066 756 1212 863 vigiliis
1242 756 1439 863 psalteriis
1462 772 1503 836 et
1524 757 1611 836 aliis
1641 759 1717 865 piis
1745 757 1939 867 operibus
1992 833 1995 839 r

128 859 434 974 expendantur.
465 866 563 945 Aliis
593 863 783 945 omnibus
810 864 852 943 in
882 861 993 945 dieto
1021 880 1263 945 testamento
1292 868 1493 947 contentis
1523 869 1564 947 in
1591 894 1666 949 suo
1684 868 1832 949 robore
1861 864 1938 946 du·'

129 978 290 1056 raturis
317 978 370 1055 ln
398 977 514 1057 cuius
542 977 603 1055 rei
631 975 906 1061 testimouium
936 974 1121 1081 Sigillum
1164 978 1332 1086 capituli
1376 978 1539 1059 ecclesie
1586 977 1828 1087 lincopensis
1858 976 1939 1060 vna¹

126 1116 230 1169 cum
257 1087 390 1197 sigillo
420 1088 598 1169 ciuitatis
619 1084 796 1167 eiusdem
827 1085 1083 1195 presentibus
1111 1104 1171 1167 cst
1199 1115 1433 1196 appensum.
1870 1081 1876 1092 ’

142 1408 315 1566 1312.
785 1354 949 1519 ‘1360
993 1405 1042 1511 d.
1092 1445 1119 1512 2
1162 1408 1283 1551 'Maj.
1786 1406 1934 1512 Fano.
2000 1344 2004 1355 Ι

219 1627 328 1689 Fossa
348 1628 488 1689 Jorssous
509 1623 810 1709 Fdrpantuiogsbrel
825 1624 867 1709 pt
882 1578 908 1688 '6
929 1626 1070 1687 dresland
1093 1626 1159 1709 jord
1182 1628 1191 1687 i
1213 1626 1310 1707 Tclge
1332 1629 1340 1689 i
1363 1629 1499 1691 Frb'tuna
1512 1626 1632 1705 soolcn,
1646 1624 1693 1688 till
1704 1623 1821 1711 Upsala
1842 1625 1935 1687 dom-

270 1708 382 1793 kyria‚
404 1710 455 1770 [ὃν
475 1707 517 1770 So
538 1706 625 1769 mark
647 1716 759 1787 gtogse
785 1718 889 1790 myst,
911 1706 982 1769 dem
1005 1708 1065 1787 baq
1088 1710 1191 1772 blitvu
1204 1707 1326 1795 stytdtg
1348 1712 1397 1773 [ὃν
1418 1712 1563 1791 lentagne
1580 1731 1615 1773 ιο
1632 1713 1724 1771 laster
1744 1706 1934 1791 spaoncmdl,

269 1793 340 1854 med
362 1791 500 1853 tillstaod
521 1801 568 1852 att
588 1788 771 1871 lastigbeteo
793 1790 928 1873 legiam,
950 1790 1051 1854 derest
1071 1793 1202 1856 skulden
1223 1796 1250 1878 ej
1273 1796 1355 1857 loom
1379 1794 1409 1857 d.
1431 1792 1471 1855 25
1492 1792 1588 1879 derpl
1611 1790 1834 1877 lo’ljandellov.
1856 1791 1951 1855 blil·¹
1981 1806 1984 1813 ·

269 1877 312 1936 vit
334 1873 448 1938 betald.

291 1972 295 1977 ’
1668 1952 1698 2010 B.
1715 1970 1741 2010 a:
1758 1954 1799 2009 aa.

246 2088 445 2172 Omnibus
474 2104 681 2200 presentes
710 2088 861 2169 litteras
891 2088 1152 2198 inspecturis,
1197 2118 1323 2175 runco
1365 2118 1539 2176 roussou
1581 2090 1749 2172 salutem
1787 2090 1829 2169 in
1860 2086 1933 2171 do·

124 2202 244 2283 mino
271 2204 553 2312 sempiternam
584 2200 735 2281 Notum
764 2226 847 2280 esse
877 2199 1063 2282 volumus
1093 2231 1166 2311 per
1195 2222 1400 2313 presentes
1436 2202 1530 2305 Nos'
1551 2218 1692 2281 mutuo
1735 2200 1931 2305 recepisse

124 2330 174 2395 et
204 2314 389 2395 babuisse
417 2312 469 2391 ab
496 2311 659 2415 ecclesia
684 2308 893 2420 -rpsalensi
920 2310 1055 2393 decem
1086 2314 1203 2395 lestas
1233 2322 1392 2397 annone
1408 2344 1484 2424 pro
1500 2313 1796 2424 quinquaginta
1827 2338 1931 2389 mar·
1996 2388 2001 2395 .

125 2424 219 2506 obis
248 2419 506 2506 denariorum
536 2438 697 2503 monete
725 2424 946 2518 currentis,
975 2451 1052 2531 pro
1080 2424 1230 2535 quibus
1246 2428 1432 2535 predium
1447 2441 1630 2506 nostrum
1661 2422 1704 2501 in
1731 2420 1827 2501 villa
1855 2419 1931 2499 tel·
2039 2424 2042 2434 '

15 2584 17 2593 ·
124 2538 260 2645 gium‚
291 2532 482 2648 parochie
512 2532 744 2629 lrptunum,
773 2530 960 2614 videlicet
1001 2561 1069 2615 sex
1100 2561 1190 2615 oras
1218 2553 1324 2617 terre
1369 2535 1674 2646 exponimus&
1703 2532 1930 2637 obligamus

126 2674 206 2755 per
236 2662 440 2756 presentes
467 2644 545 2724 sub
574 2643 656 2723 bac*
677 2642 824 2740 forma,
853 2643 965 2751 quod
994 2647 1028 2725 si
1058 2644 1241 2752 predicte
1269 2674 1339 2727 sex
1368 2675 1438 2729 ore
1466 2662 1593 2742 terre,
1622 2670 1697 2751 pro
1726 2644 1929 2751 quinqua-

118 2759 244 2865 ·giuta
269 2752 445 2837 marchis
474 2754 730 2835 denariorum
759 2755 802 2834 in
831 2770 991 2834 moneta
1022 2783 1131 2836 nunc
1175 2759 1374 2855 currenti,
1418 2758 1461 2838 in
1499 2753 1702 2866 quindena
1748 2768 1841 2861 post
1870 2750 1928 2833 le·

126 2885 237 2949 stum
265 2869 393 2949 sancti
424 2866 582 2946 martini
618 2862 735 2944 nunc
755 2864 938 2973 proxima
969 2865 1218 2972 integraliter
1246 2865 1355 2975 apud
1385 2868 1577 2976 vpsaliam
1606 2863 1812 2973 redempte
1846 2888 1928 2945 nou

127 2979 300 3072 fuerint,
329 3008 379 3060 en
408 2997 506 3060 tunc
533 2974 683 3058 dictum
714 2972 921 3084 predium,
956 2974 1144 3058 videlicet
1172 3005 1241 3058 sex
1268 3006 1339 3060 ore
1367 2995 1474 3060 terre
1503 2974 1647 3063 cadant
1675 2976 1716 3055 in
1746 2974 1928 3083 precium

101 3109 170 3172 ‘et
199 3086 443 3172 solucionem
474 3087 600 3169 debiti
631 3083 840 3194 memoratj
868 3104 907 3167 et
934 3083 1099 3168 domino
1128 3117 1174 3168 ao
1203 3090 1442 3196 possessioni
1473 3087 1581 3170 dicte
1616 3085 1779 3166 ecclesie
1808 3111 1926 3193 vpsa·

128 3204 255 3284 leusis
285 3201 605 3313 appropricntur
634 3197 754 3306 pleno
783 3197 884 3292 iure,
916 3199 1171 3306 resignantes
1191 3200 1234 3277 in
1264 3199 1341 3280 boo
1371 3200 1566 3308 longioris
1593 3197 1758 3276 termini
1783 3220 1960 3306 proros

127 3315 305 3425 gecioni,
325 3343 382 3394 ac
410 3310 522 3390 omni
549 3309 786 3418 excepcioni
829 3334 896 3388 seu
938 3307 1072 3416 legum
1115 3307 1267 3389 auxilio
1304 3338 1384 3420 que
1429 3309 1546 3390 nobis
1581 3306 1644 3386 vel
1674 3303 1927 3416 quibuslibet

128 3425 310 3534 personis
338 3422 387 3504 ad
419 3448 491 3500 nos
522 3413 819 3529 pertinentibus
847 3434 1076 3527 competere
1106 3435 1239 3529 posset
1268 3419 1319 3502 ad
1349 3416 1631 3530 inpediendam
1664 3443 1734 3496 scu
1763 3432 1927 3496 contra-

127 3534 317 3617 ctandum
344 3532 637 3639 obligacionem
667 3525 938 3638 supradictam
970 3557 1042 3636 per
1071 3557 1145 3610 nos
1173 3528 1337 3628 factam,
1378 3549 1421 3612 vt
1459 3547 1592 3612 autem
1622 3529 1696 3608 bec
1724 3525 1927 3635 obligacio

128 3643 348 3727 secundum
377 3661 484 3724 terre
513 3641 620 3747 leges
647 3658 688 3720 et
716 3641 845 3747 patrie
872 3639 1208 3721 consuetudinem
1236 3640 1434 3724 sufficiens
1463 3642 1532 3723 liat
1552 3643 1595 3722 in
1611 3640 1814 3719 communi
1837 3636 1926 3746 pla·

126 3752 323 3839 citacione
352 3754 462 3864 apud
491 3751 664 3831 fulcians
690 3749 916 3858 tbingstad,
959 3777 1081 3858 super
1115 3750 1193 3831 hiis
1221 3749 1404 3832 dedimus
1446 3752 1621 3832 fastones
1650 3751 1692 3829 in
1722 3750 1837 3829 ouius
1865 3748 1925 3827 rei

126 3867 398 3954 testimonium
427 3863 601 3972 sigillum
631 3875 815 3942 nostrum
844 3860 1099 3970 presentibus
1127 3877 1188 3941 cst
1217 3889 1462 3970 appensum,
1489 3859 1628 3944 datum
1662 3859 1770 3954 ·fand
1802 3863 1923 3941 Anno

126 3981 287 4063 domini·
307 3977 487 4059 M⁰CCC⁰
521 3975 566 4054 in
592 3975 770 4054 crastino
797 3971 1074 4082 apostolorum
1104 3972 1281 4084 philippi
1309 3987 1350 4052 et
1377 3971 1520 4055 iacobi.

75 4214 306 4374 ρ1313.
430 4203 434 4208 v
619 4223 623 4228 .
783 4181 1278 4404 domam}
1769 4259 1922 4360 Arno.

207 4483 435 4568 lrlebislopeo
457 4481 530 4544 Nus
550 4483 715 4544 dissuens
735 4477 928 4544 Vidimatiou
949 4481 987 4544 sl'
1002 4427 1122 4566 Pdlligs
1143 4481 1278 4562 Legsteu
1299 4477 1413 4542 lohans
1434 4477 1510 4542 bref
1526 4477 1562 4540 al
1576 4475 1639 4540 den
1663 4497 1702 4537 aa
1724 4473 1789 4535 luli
1815 4469 1901 4536 1286,
1966 4493 1970 4500 ·

1679 4590 1715 4646 A.
1730 4607 1755 4644 a.
1774 4589 1801 4642 d.

234 4737 445 4842 Vniuersis
487 4742 693 4842 presentes
734 4729 890 4812 litteras
925 4730 1197 4925 inspecturis,
1238 4729 1448 4810 Nrcomos
1491 4724 1629 4808 diuina
1658 4723 1920 4848 miseracione

125 4847 449 4958 archiepiscopus
469 4843 688 4954 rpsalensis
714 4842 884 4926 salutem
912 4843 955 4924 in
1037 4845 1148 4925 mino
1176 4841 1482 4951 sempiternam,
1510 4837 1721 4950 Noueritis
1760 4861 1832 4914 nos
1862 4860 1921 4913 m·
