4317 5975
815 314 873 434 έ-
982 367 1231 476 aas-
1319 319 1429 333 ”’

125 585 199 666 bus
227 601 267 667 et
295 583 441 666 futuris
469 602 694 695 presentem
722 585 910 717 paginam
939 589 1199 698 inspecturis,
1227 586 1340 700 quod
1357 585 1422 669 'ad
1448 584 1917 669 instanciamuniverso·
2035 689 2039 696 ι

123 724 223 777 rum
243 717 510 780 mercatorum
539 699 697 803 romani
724 701 881 808 rmperii
909 698 1179 784 Godlandiam
1208 701 1514 812 frequentantes
1543 697 1594 780 ad
1615 694 1918 792 honorabilium

123 809 331 890 missorum
359 809 580 912 Hermanni
607 810 678 890 filii
708 811 854 918 cheri
884 810 934 894 de
962 811 1132 894 Lubelre
1162 829 1211 893 et·
1229 811 1396 893 lordani
1416 809 1467 890 de
1489 803 1725 892 Hamborch
1748 806 1917 919 requisi·

123 920 271 1000 tionem
299 918 350 1000 de
378 938 515 1002 nostra
544 922 654 1003 bona
683 921 892 1003 voluntate
920 924 1105 1004 volumus
1134 941 1176 1005 et
1204 922 1480 1015 concedimus,
1508 919 1619 1031 quod
1649 919 1786 1001 nullus
1813 944 1918 998 mer·
1979 1011 1982 1014 ¹

86 1051 91 1071 ¹
123 1040 300 1113 catorum
331 1033 374 1112 in
395 1034 588 1114 comitatu
615 1031 853 1114 Flandrensi
889 1031 1026 1115 duello
1049 1055 1313 1143 provocetur,
1355 1063 1432 1115 nec
1466 1033 1613 1141 aliquis
1649 1056 1790 1114 eorum
1820 1057 1937 1139 pros
2055 1053 2061 1058 ·

122 1159 214 1250 pter
238 1143 432 1224 forefacta
462 1145 569 1224 bona
595 1143 763 1225 alterius
789 1144 860 1226 sed
889 1145 1190 1226 malefactorum
1219 1173 1295 1256 pro
1322 1172 1397 1226 suo
1418 1144 1567 1236 delicto
1588 1169 1694 1224 secu*
1715 1168 1810 1222 aum
1832 1166 1918 1223 sea·
2011 1223 2012 1228 Ν

30 1318 33 1325 .
122 1256 325 1362 binagiurn
356 1272 397 1336 et
426 1255 551 1362 legem
580 1267 687 1337 terre
715 1255 933 1336 satisfaciat
967 1273 1008 1336 et
1046 1258 1252 1365 puniatur.
1310 1255 1455 1335 Nullus
1491 1257 1609 1336 etiam
1647 1270 1918 1334 mercatorum

122 1369 277 1475 imperii
305 1394 382 1474 pro
410 1367 574 1446 alterius
602 1365 741 1459 debito
770 1393 906 1448 coram
935 1366 1118 1449 Scabinis
1147 1369 1189 1447 in
1217 1365 1409 1448 Flandria
1445 1383 1655 1448 contracto
1683 1364 1747 1450 rel
1777 1390 1917 1470 recog·

121 1476 465 1559 nitodetiueatur
493 1480 571 1558 nisi
603 1478 838 1587 principalis
865 1474 1026 1560 debitor
1055 1479 1119 1559 vel
1149 1477 1360 1562 fideiussor
1387 1479 1548 1574 existet,
1575 1494 1616 1556 et
1644 1476 1677 1557 si
1706 1479 1930 1582 continget·

123 1590 380 1698 principalem
410 1588 633 1670 debitorem
663 1605 704 1669 et
732 1588 1002 1670 fideiussorem
1032 1591 1095 1670 vel
1125 1586 1376 1671 fideiussores
1405 1590 1530 1698 ipsius
1559 1603 1652 1668 ante
1674 1587 1916 1668 solutionem

121 1704 243 1783 totius
279 1701 406 1783 debiti
444 1696 640 1782 recedere
665 1714 705 1780 et
742 1728 825 1783 non
858 1701 1027 1796 reverti,
1070 1717 1112 1780 et
1148 1730 1219 1809 per
1257 1700 1509 1781 fideiussores
1544 1724 1629 1780 non
1670 1697 1916 1793 satisfacere,

121 1814 174 1892 ita
203 1813 315 1921 quod
345 1827 508 1921 oportet
535 1810 756 1892 creditores
784 1840 853 1893 eos
888 1813 1004 1920 sequi
1041 1811 1094 1893 ad
1130 1815 1308 1894 civitates
1345 1811 1408 1893 vel
1446 1811 1618 1919 oppida,
1661 1809 1732 1890 ubi
1764 1807 1918 1888 habent

18 2017 24 2031 1
121 1922 336 2021 domicilia,
366 1923 527 2003 Scabini
563 1923 624 2003 vel
653 1923 776 2003 iurati
804 1923 883 2004 loci
911 1924 1030 2007 illiue
1049 1923 1199 2004 facient
1226 1922 1409 2004 satisfieri
1438 1920 1675 2003 creditoris
1701 1919 1918 2029 principali
2024 1909 2031 1929 ’

51 2032 56 2044 ’
121 2031 321 2131 debitore,
350 2035 413 2137 vel
443 2034 696 2130 fideiussore,
724 2034 789 2116 vel
816 2035 868 2116 ab
896 2061 1035 2114 eorum
1064 2033 1302 2131 heredibus,
1331 2036 1435 2115 sicut
1463 2032 1616 2112 habent
1645 2033 1686 2110 in
1716 2030 1835 2118 bonis
1856 2029 1918 2111 se·

120 2145 587 2238 cundumiudic'iumet
614 2143 814 2226 dictamen
848 2145 1114 2226 Scabinorum
1151 2145 1361 2243 Flandrie,
1405 2140 1728 2254 coramquibus
1764 2143 1918 2224 dictum

122 2257 299 2337 debitum
329 2259 581 2364 recognitum
612 2255 744 2337 fuerat
773 2257 836 2337 vel
864 2273 1137 2355 contractum,
1163 2255 1212 2336 'si
1243 2273 1376 2337 autern
1406 2283 1488 2337 non
1524 2251 1749 2362 essentibi
1767 2251 1917 2349 bona,

120 2365 229 2477 quod
264 2366 456 2467 sufficiat,
498 2370 567 2450 fiat
602 2365 793 2448 iudicium
828 2367 1049 2450 secundum
1094 2369 1219 2476 legem
1265 2386 1304 2448 et
1344 2364 1678 2448 consuetudinem
1714 2360 1917 2444 dictorum

119 2477 298 2560 locorum
328 2540 536 2563 ......
544 2481 613 2586 '*).
692 2478 838 2560 Nullus
880 2481 1004 2564 eciam
1050 2496 1248 2562 mereator
1291 2477 1411 2560 debet
1456 2481 1499 2559 in
1544 2476 1750 2558 littoribus
1794 2475 1917 2554 Flan·
2006 2487 2008 2494 ‘

119 2589 215 2672 driae
243 2590 350 2671 buna
379 2620 449 2672 sua
479 2607 650 2701 propter
678 2589 933 2698 naufragium
962 2592 1170 2687 amittere,
1212 2588 1324 2702 quod
1353 2587 1623 2670 defluetibus
1652 2585 1802 2697 poterit
1839 2587 1917 2666 eri-

118 2729 234 2810 pere,
262 2701 330 2783 sed
360 2705 525 2811 pacifice
554 2703 715 2783 fruatur
740 2701 900 2786 eisdem.
928 2703 1115 2784 Preterea
1138 2718 1380 2796 mercatores
1402 2701 1466 2782 vel
1488 2727 1629 2782 eorum
1651 2711 1943 2794 marescum,
1974 2777 1978 2790 ,

120 2812 268 2893 fuerint
296 2831 479 2912 onerate,
509 2816 543 2896 si
571 2816 685 2924 prius
714 2841 798 2894 non
827 2808 979 2895 fuerint
1008 2814 1280 2923 calumpniate
1309 2811 1486 2921 legitime
1508 2811 1559 2894 de
1582 2807 1802 2921 aliquare,
1829 2808 1916 2887 vio·
1979 2819 1983 2829 “

49 3002 52 3005 ,
118 2924 249 3007 lenter
277 2954 359 3008 non
388 2925 663 3024 detineantur,
692 2925 756 3009 vel
784 2941 1032 3007 arrestentur
1061 2927 1136 3007 nisi
1166 2953 1304 3009 recens
1331 2924 1482 3006 factum
1508 2923 1662 3020 evenit,
1691 2919 1755 3003 vel
1778 2918 1916 3031 aliqua

118 3063 236 3117 causa
265 3038 413 3137 subsit,
450 3054 768 3150 propterquam
797 3038 926 3119 teneri
957 3054 1141 3147 possent,
1183 3036 1401 3120 secundum
1432 3056 1539 3118 terre
1567 3028 1913 3115 consuetudinem.

119 3148 159 3227 Si
188 3176 286 3230 vero
315 3166 483 3260 propter
505 3148 688 3232 debitum
710 3149 831 3232 fuerit
853 3166 1053 3231 mercator
1076 3140 1393 3257 calumpniatus,
1427 3176 1500 3259 per
1531 3147 1713 3228 scabinos
1738 3168 1915 3250 purgare

118 3288 157 3340 se
185 3262 337 3373 poterit
365 3264 591 3344 iuramento
621 3287 713 3361 suo,
756 3278 795 3341 et
823 3263 926 3342 sise
955 3288 1132 3371 purgare
1161 3261 1357 3359 noluerit,
1399 3259 1529 3343 solvet
1562 3272 1603 3338 et
1639 3252 1826 3337 emendet
1853 3279 1915 3365 sef
1971 3258 1972 3263 ‘

117 3369 294 3454 cundum
324 3370 451 3482 legem
480 3374 570 3453 loci.
628 3372 685 3452 Ut
713 3357 848 3453 latitem
875 3365 1011 3453 omnia
1040 3374 1233 3481 premissa
1261 3374 1303 3453 in
1332 3388 1576 3481 perpetuum
1605 3368 1731 3449 robur
1753 3364 1915 3447 obtine·

13 3552 21 3559 .
117 3497 187 3563 ant
214 3484 413 3565 firmitatis
441 3499 647 3595 presentes
676 3483 829 3564 litteras
866 3482 1091 3591 sigillorum
1121 3501 1350 3565 nostrorum
1380 3482 1626 3593 appensione
1654 3478 1819 3559 fecimus
1847 3502 1915 3556 ro·

115 3593 264 3675 borari.
315 3598 468 3690 Datum
497 3623 606 3677 anno
634 3591 787 3679 domini
815 3594 1024 3675 millesimo
1053 3592 1327 3677 ducentesimo
1364 3593 1699 3705 quinquagesimo
1735 3583 1914 3669 secundo

76 3755 81 3763 ·
117 3705 315 3789 dominica
346 3707 585 3788 Palmarum.

127 4142 324 4275 ¹7¹⁰*
841 4111 1008 4225 1266.
1052 4107 1204 4220 Odat.
1481 4116 1482 4119 ‘
1674 4103 1911 4251 Wiborg.
1987 4114 1992 4119 ’

85 4333 91 4345 ·
195 4304 324 4451 Dagpslge1
331 4300 500 4449 'lggpslggn
483 4300 696 4447 δὲ,Βίεὶοριειι
717 4301 845 4366 Nicoma
865 4302 876 4363 i
896 4301 1037 4384 Wiborg
1064 4302 1253 4366 vidimation
1279 4302 1317 4365 af
1337 4300 1460 4367 Psfven
1486 4298 1631 4363 Clemens
1656 4296 1729 4363 1V:s
1755 4292 1848 4357 Bulla
1873 4290 1933 4366 af,
1990 4379 2005 4407 '¹

1656 4460 1690 4515 A.
1709 4462 1733 4515 3.
1750 4458 1778 4513 d.

225 4574 275 4655 N.
304 4570 369 4653 dei
398 4572 530 4679 gracia
559 4569 839 4679 Wibergensis
867 4570 1094 4679 Episcopus
1121 4570 1297 4651 illustris
1325 4569 1443 4675 Regis
1473 4565 1595 4647 Dacie
1624 4561 1908 4645 Cancellarius.

113 4686 325 4767 Vniuersis
352 4687 561 4766 Presentes
589 4682 763 4764 Litteras
791 4683 1064 4791 inspecturis,
1094 4681 1273 4785 Salutem
1300 4682 1353 4761 ln
1379 4680 1563 4760 Domino.
1609 4676 1815 4759 Noueritis
1836 4698 1910 4752 nos

128 4940 180 5079 ‘*)
199 4996 375 5081 originales
395 4994 454 5058 har
474 4994 535 5058 har
555 4994 593 5058 at
608 4992 697 5091 elder
717 4956 801 5057 verit
820 4990 969 5057 αἰτιᾶται.
1010 4991 1070 5077 Jsr
1088 4988 1126 5057 L.
1146 5010 1173 5053 c.
1196 4988 1243 5057 53.
