4317 5975
683 421 686 432 .
973 382 1032 408 -
1139 344 1220 430 oon
1332 389 1387 412 -·

290 579 457 724 1725·
672 546 675 553 ⁴
927 576 1071 685 1285
1118 577 1167 684 d.
1221 576 1283 686 18
1325 577 1440 724 Maj.
1925 580 2028 698 Rom.

360 767 484 834 Pttven
505 765 664 830 Honorius
684 765 758 832 We·
777 763 880 841 Bulla,
901 762 974 827 med
995 765 1166 850 besnllning
1181 747 1236 830 till
1258 763 1448 850 Biskopcrnc
1469 765 1479 826 i
1500 760 1629 828 Rosbild
1641 759 1702 826 ooli
1714 759 1835 828 Odense
1859 773 2031 848 tttblrerlen.

405 872 446 913 na
467 847 599 936 pallium
623 843 671 912 lill
694 849 820 913 ntvalde
841 846 1073 934 irkcbiskopen
1096 852 1227 932 Magnus
1249 849 1258 909 i
1281 847 1420 932 Upsala,
1450 848 1460 910 i
1480 845 1644 928 h'tndelse‚
1677 857 1724 908 att
1744 809 1923 940 firkedlslop
1939 857 2031 924 lobeni

403 931 498 996 Lund
518 930 619 995 skullc
639 953 715 995 rara
744 929 897 1008 hindrad,
919 940 967 994 att
988 931 1125 1016 sullgdrr
1146 932 1230 996 detta
1251 931 1405 1017 uppdrag.
1596 1011 1619 1069 F
1644 1011 1668 1066 ¹·
1686 1009 1743 1068 ,a
1760 1011 1843 1068 w
1867 1011 1911 1090 h
1923 1019 1962 1088 4⁵¹

391 1117 594 1201 Honorius
632 1121 701 1202 IV
723 1120 974 1204 Roskr‘ldensi
1003 1137 1045 1201 et
1080 1117 1317 1202 othoniensi
1350 1115 1559 1228 Episcopis
1593 1123 1803 1199 committit
1841 1121 2037 1208 Putant

288 1259 457 1340 corpore
494 1231 541 1310 B.
583 1231 704 1312 Petri
743 1252 944 1346 sumptum
986 1233 1145 1338 Magno
1195 1229 1332 1310 Electa
1375 1229 1583 1339 Uprulensi
1607 1229 1787 1326 trudere,
1833 1251 1993 1340 ᾳιιαιειιιιι
2017 1241 2037 1318 l.

287 1339 522 1477 (lobarrnes)
551 1343 889 1468 Arcbiepiscopus
917 1344 1138 1424 [andensis
1165 1345 1468 1422 commissionem
1496 1369 1545 1422 eu
1572 1340 1621 1420 dc
1639 1367 1762 1420 consu
1788 1361 2041 1452 wrptomere

289 1481 359 1562 qm
383 1475 706 1647 nlilbudtiltibtffl.
749 1563 1050 1648 Venerabiliter
1086 1563 1388 1645 Fratribus
1421 1563 1663 1644 Rorktldenri
1689 1583 1727 1643 et
1864 1565 2042 1649 Otlronieur'

285 1673 493 1786 Eniscopis
519 1674 701 1757 Satueem
736 1681 811 1758 &c
2015 1753 2020 1767 ,

234 1803 268 1838 f
397 1783 578 1866 Palicum
605 1786 762 1895 insigne
789 1785 1036 1869 Pontificalis
1062 1780 1186 1864 officii
1216 1782 1292 1865 luit
1326 1813 1349 1864 a
1378 1785 1507 1866 Nobis
1542 1807 1620 1892 pro
1647 1780 1794 1864 dilecto
1830 1785 1906 1865 filio
1938 1785 2043 1896 Magno

287 1897 429 1978 Electo
458 1895 674 2005 Vpsalensi
704 1923 778 2006 per
806 1899 976 1993 dilectos
1002 1895 1106 1977 filios
1135 1897 1296 1977 Petrum
1328 1898 1495 2003 Agnetis
1515 1894 1764 1976 Canonicunr
1791 1897 2001 2000 Luudensis,
2020 1915 2045 1980 et

289 2007 534 2116 Hemingum
573 2007 773 2090 Clericum
811 2007 1045 2120 Vpsalcnsis
1080 2007 1259 2088 Dioccsis
1300 2008 1480 2088 Nuncios
1519 2035 1610 2087 cum
1647 2033 1694 2085 ea
1726 2035 1809 2116 qua
1850 2008 1972 2088 decuit
2006 2013 2046 2088 in·

152 2137 156 2143 ’
289 2120 438 2200 stantia
471 2119 741 2227 postulatum,
781 2136 822 2201 et
860 2119 956 2201 dum
994 2117 1045 2201 de
1073 2120 1333 2200 concessione
1360 2120 1499 2227 ⁸ipsius
1527 2117 1651 2199 Pallei
1680 2136 1865 2224 ageretur
1891 2116 1979 2198 iden
2002 2124 2047 2200 Pe

290 2247 378 2310 trus
407 2255 484 2335 pro
512 2245 628 2338 parte
657 2230 783 2339 ipsius
812 2231 990 2312 Ecclesie
1017 2228 1244 2311 Luudensis
1273 2228 1621 2333 asseruitldictum
1652 2228 1831 2308 Palleum
1869 2229 2047 2310 Venerabili

289 2340 426 2422 Fratri
460 2357 603 2422 nostro
639 2342 1069 2450 ...Archiepiscopo
1105 2339 1310 2422 Lundensi
1341 2340 1567 2449 specialiter
1611 2340 1699 2420 fore
1742 2340 1968 2438 mittendum
2002 2370 2048 2449 per

292 2479 385 2533 eum
429 2449 713 2560 assignandum
752 2453 896 2534 Electo
938 2453 1124 2560 predicto
1160 2449 1404 2561 pretendens
1443 2479 1516 2561 per
1546 2450 1800 2558 priuilegium
1832 2452 2048 2561 apostolicum
2101 2439 2104 2566 l

293 2589 510 2672 apparere,
552 2561 666 2672 quod
700 2560 806 2644 idem
834 2565 1173 2674 Archicpiscopus
1201 2561 1429 2646 Luudensis
1464 2564 1680 2674 primatum
1711 2564 1918 2656 obtinens,
1958 2580 2049 2670 preest
2102 2585 2104 2652 l

293 2673 613 2783 Arcbiepiscopo
655 2675 882 2784 Vpsalensi,
911 2693 953 2755 et
995 2677 1108 2787 quod
1144 2703 1236 2756 cum
1275 2674 1440 2783 expedit
1469 2674 1645 2757 Palleum
1677 2674 1933 2783 impetratum
1959 2701 1976 2752 a
1999 2675 2050 2752 llo·
2103 2707 2104 2786 3

294 2813 415 2868 mano
458 2785 652 2868 Pontifice
695 2813 770 2895 per
812 2787 988 2868 Nuntios
1030 2787 1297 2868 Ecclesiarum
1340 2785 1557 2867 earundem
1593 2785 1645 2866 ad
1681 2787 1810 2895 ipsam
1849 2783 2051 2864 Luudensen

213 2994 220 3003 ,
293 2915 483 3007 portetur
512 2895 744 2989 Ecclesiam,
772 2915 813 2978 et
842 2925 915 3009 per
948 2895 1203 2979 Luudenscm
1234 2897 1591 3007 Archiepiscopum
1619 2898 1833 3007 Vpsalensi
1850 2897 1975 2977 Electa
1991 2923 2052 2975 con·
2103 2897 2104 2970 i

295 3025 452 3092 secrato
479 3010 524 3091 iu
551 3010 911 3119 Archiepiscopum
939 3010 1156 3092 tribuatur.
1213 3012 1259 3090 ln
1276 3012 1463 3122 Registro
1488 3036 1654 3120 quoque
1672 3009 1796 3091 felicis
1814 3004 2055 3091 recordacionis
2103 3000 2104 3033 ¹

295 3122 486 3231 Gregorii
514 3124 587 3202 ΡΡ.
618 3122 688 3203 ΙΧ.
718 3121 1013 3203 Predecessoris
1042 3124 1170 3204 nostri
1201 3124 1381 3209 noscitur
1409 3150 1492 3203 esse
1521 3141 1747 3230 repertum,
1776 3122 1890 3233 quod
1906 3149 1984 3202 eum
1999 3118 2055 3199 Pal·

295 3234 404 3316 leum
433 3234 604 3343 petitum
642 3261 717 3342 per
744 3233 972 3313 Canonioos
999 3232 1239 3315 Lundeuses
1269 3234 1442 3314 Nuntios
1467 3252 1566 3313 tunc
1596 3261 1672 3341 pro
1702 3233 1916 3343 Vpsalensi
1943 3230 2054 3322 Electa,
2102 3250 2104 3311 ι

298 3346 434 3427 fuerat
476 3346 729 3426 Antecessori
771 3371 845 3424 suo
889 3347 1204 3454 Archicpiscopo
1245 3344 1452 3425 Luudensi
1489 3347 1762 3424 transmissum
1802 3344 1929 3425 cidem
1961 3342 2054 3421 Eleus

299 3484 374 3567 per
401 3454 571 3536 eundem
602 3456 963 3564 Archiepiscopum
994 3458 1290 3566 assignandum.
1362 3454 1439 3536 Sed
1468 3451 1607 3536 eodem
1638 3456 1865 3566 Hermingo
1895 3482 1965 3564 pro
1986 3452 2055 3533 dieta

301 3566 518 3674 Vpsalcnsi
547 3566 724 3647 Ecclesia
755 3570 795 3645 in
825 3569 1072 3647 contrarium
1104 3584 1322 3663 asserente,
1352 3564 1531 3675 predicta
1562 3594 1644 3648 non
1661 3567 1781 3647 fuisse
1806 3582 1969 3647 servata.
1989 3564 2057 3641 ‚Nn

300 3703 516 3787 precavere
545 3676 727 3805 polentes
755 3702 806 3755 ne
834 3676 941 3757 dicte
971 3677 1145 3758 Ecclesie
1181 3678 1257 3757 sub
1294 3678 1442 3759 talibus
1476 3676 1724 3759 anfractibus
1753 3676 1995 3787 dispendium
2017 3700 2058 3781 pr·

301 3789 475 3882 riantur,
504 3785 734 3867 huiusmodi
764 3789 952 3895 petitioni
981 3787 1170 3870 duximus
1207 3790 1486 3887 annuendum,
1528 3804 1569 3869 et
1602 3818 1675 3899 per
1716 3788 1882 3871 eosdem
1924 3793 2059 3873 resur,

223 3892 226 3904 ¹
299 3915 341 3980 et
384 3898 647 4006 Hermiogum
691 3897 845 3979 dictum
889 3898 1063 3981 Palleum
1102 3898 1153 3980 dc
1190 3926 1361 4009 corpore
1398 3900 1440 3980 B.
1486 3901 1594 3982 Petri
1633 3916 1846 4011 sumptum
1880 3900 1935 3980 illi
1973 3914 2059 3977 trans

302 4012 499 4090 mittimus
536 4009 820 4116 assignandum
862 4009 991 4091 eidem
1035 4012 1184 4120 Magno
1219 4012 1377 4108 Electa,
1422 4028 1468 4092 ut
1503 4012 1573 4091 illo
1610 4013 1715 4093 intra
1746 4013 1961 4093 Ecclesiam
1985 4032 2060 4088 suan

302 4121 383 4201 illis
410 4120 554 4201 dicbus
582 4137 735 4217 utatur,
763 4122 834 4232 qui
865 4116 1043 4231 expressi
1072 4126 1114 4203 in
1143 4124 1270 4230 ipsius
1300 4124 1475 4204 Ecclesie
1504 4124 1541 4201 V
1544 4123 1734 4232 psalensis
1762 4124 1978 4233 privilegiis
1999 4142 2061 4197 con·

302 4238 496 4314 sinentur.
567 4233 718 4311 Dantes
749 4232 877 4313 eidem
906 4234 1220 4428 Archiepiscopo
1244 4237 1400 4317 nostris·
1420 4234 1565 4316 litteris
1593 4236 1635 4315 in
1666 4236 1884 4331 mandatis,
1928 4225 2061 4312 utillud

175 4427 179 4435 ,
305 4345 549 4425 auctoritate
577 4359 715 4423 nostra
745 4343 886 4428 Electo
914 4349 1089 4453 assignet
1120 4347 1156 4425 ei
1187 4372 1249 4425 em
1285 4345 1361 4427 sub
1390 4374 1436 4427 ea
1474 4344 1626 4441 forma,
1668 4374 1789 4456 quam
1823 4345 1994 4455 predicto
2015 4344 2063 4419 lt·

305 4456 564 4575 chiepiseopo
592 4452 800 4537 Luudensi
828 4455 905 4537 sub
934 4456 1048 4537 Bulla
1077 4472 1215 4537 nostra
1232 4460 1424 4539 mittimus
1439 4458 1709 4553 interclusam,
1738 4459 1856 4538 etab
1878 4452 2062 4539 eonomine

306 4583 467 4662 nostro,
519 4582 559 4646 et
609 4564 785 4646 Ecclesie
834 4567 1014 4649 Romane
1048 4568 1125 4647 sub
1170 4566 1318 4666 forma,
1353 4594 1474 4680 quam
1508 4570 1595 4651 sub
1638 4568 1774 4651 eedem
1822 4568 1935 4650 Bulla
1973 4560 2063 4644 siden
2103 4608 2104 4615 κ

307 4676 624 4785 Archiepisoopo
653 4676 858 4759 Luudensi
888 4676 1098 4786 dirigimus
1126 4680 1328 4762 lidelitatis
1364 4682 1534 4790 recipiat
1568 4681 1853 4791 juramentum.
1923 4678 2064 4759 Foruau

308 4805 441 4867 autem
485 4788 718 4894 juramenti,
760 4785 872 4898 quod
902 4791 989 4899 ipse
1031 4790 1228 4899 prestabit
1264 4791 1393 4874 Nobis
1431 4819 1503 4903 per
1535 4792 1711 4874 eiusdem
1742 4807 1926 4903 patentes
1953 4790 2065 4867 litteras

307 4925 383 4978 suo
421 4898 552 5006 sigillo
593 4903 767 5008 signatas
809 4913 894 5008 per'
922 4900 1135 5010 proprium
1181 4902 1378 4986 Nuntium
1418 4905 1661 5014 quantocius
1701 4904 1865 4985 studeat
1900 4900 2065 4984 destinare.

195 5050 201 5053 ·
307 5012 463 5091 Verum
491 5012 586 5119 quia
615 5028 750 5121 posset
777 5012 1024 5122 contingere,
1050 5010 1163 5125 quod
1186 5012 1326 5100 eodem
1351 5016 1380 5099 Ι.
1401 5012 1604 5101 Luudensi
1627 5014 1943 5127 Archicpiscopo
1974 5019 2066 5090 morte

2058 5800 2104 5969 j
