4317 5975
978 494 1031 515 ..
1123 446 1226 555 ”194
1337 432 1394 517 .‘..
1508 472 1537 511 -.

168 662 170 667 ⁵
283 678 473 785 sumptis,
503 674 606 756 idem
637 673 962 781 archiepiscopus
990 671 1158 779 cupiens
1185 696 1257 750 sue
1285 666 1501 781 prouidere
1535 671 1682 779 quieti,
1717 672 1796 752 iuri
1824 673 1966 782 siquod
1992 677 2060 757 sibi

169 802 173 808 ’
283 793 326 869 in
355 788 548 869 electione
577 784 804 867 huiusmodi
833 784 1022 863 extiterat
1058 781 1322 891 acquisitum,
1364 782 1405 861 in
1437 782 1585 863 nostris
1613 783 1798 863 manibus
1825 789 2060 869 renuntiauit
2095 785 2097 788 ’

271 924 480 1007 expresse.
525 898 608 977 Nos
637 914 765 977 autem
796 894 1026 975 huiusmodi
1055 894 1353 983 renuntiatione
1381 913 1555 1002 recepta,
1579 892 1632 975 ad
1656 895 1925 1002 prouisionem
1949 900 2060 1004 ipsius
2122 988 2130 997 ⁴

283 1008 446 1089 ecclesie
482 1008 696 1086 salutarem
735 1005 872 1087 debita
899 1005 1062 1085 solertia
1090 1023 1396 1112 consurgentes,
1434 1022 1482 1085 nt
1506 1006 1632 1111 ipsam
1664 1022 1937 1089 auerteremus
1963 1007 2061 1087 adi·

281 1118 459 1227 spendijs
480 1146 560 1227 que
596 1118 726 1197 solent
763 1116 940 1224 ecclesijs
968 1144 1017 1197 ex
1048 1118 1257 1196 uacatione
1290 1115 1444 1196 diutina
1475 1118 1712 1223 prouenire,
1742 1120 1784 1198 in
1812 1115 1978 1197 eundem
2006 1126 2085 1197 art
2116 1185 2122 1191 .

281 1231 578 1338 clriepiscopum
621 1244 719 1307 tunc
756 1230 961 1307 Decanum
991 1229 1117 1335 ipsius
1144 1226 1308 1306 ecclesie
1346 1243 1390 1306 ut
1421 1228 1669 1333 premittitur
1697 1255 1816 1337 quem
1853 1227 2063 1333 fidedigno·

148 1378 153 1386 ¹
281 1367 368 1421 rum
408 1340 637 1420 testimonio
673 1340 899 1447 accepimus
935 1356 1181 1432 uirtuosum,
1209 1337 1350 1418 oculos
1379 1337 1597 1417 direximus
1626 1354 1763 1419 nostre
1793 1343 1955 1433 mentis,
1982 1368 2061 1447 spe·

280 1468 415 1533 rantes
444 1453 485 1531 in
516 1449 681 1529 domino
704 1448 815 1559 quod
846 1478 918 1557 per
934 1450 1197 1534 ministerium
1212 1475 1283 1527 sue
1300 1440 1603 1546 sollicitudinis,
1631 1465 1673 1527 et
1702 1452 1886 1545 uirtutis,
1918 1450 2058 1557 prefata

280 1563 445 1643 ecclesia
475 1564 514 1640 in
547 1564 853 1669 prosperitatem
891 1579 1106 1665 consurget
1134 1560 1335 1654 obtatam,
1361 1574 1401 1638 et
1432 1558 1596 1639 brachio
1623 1560 1909 1641 consolationis
1936 1559 2060 1640 subni-

280 1703 345 1768 xa,
376 1675 415 1753 in
445 1672 724 1781 spiritualibus
752 1687 793 1751 ct
823 1671 1116 1779 temporalibus
1129 1686 1296 1751 auctore
1309 1667 1475 1753 domino
1502 1672 1627 1777 gratis
1656 1670 1839 1777 proficiet
1853 1674 2061 1755 incremen-

279 1787 352 1879 tis,
382 1782 551 1864 eundem
583 1781 792 1864 Nicolaum
823 1784 900 1890 ipsi
930 1784 1145 1890 upsallensi
1174 1782 1338 1860 ecclesie
1366 1778 1415 1859 de
1443 1780 1612 1861 fratrum
1643 1798 1874 1862 nostrorum
1903 1784 2059 1863 consilio

279 1894 519 2003 prefecimus
549 1896 590 1973 in
624 1893 981 2002 Archiepiscopum
1010 1914 1050 1973 et
1079 1909 1300 1998 pastorem,
1329 1920 1398 1972 sne
1430 1889 1642 1999 prudentie
1672 1920 1807 1973 curam
1836 1912 1876 1975 et
1904 1894 2059 1974 admini-

278 2008 509 2087 strationem
540 2006 665 2113 ipsius
693 2004 856 2087 ecclesie
885 2001 1147 2112 spiritualiter
1175 2020 1216 2083 et
1245 2002 1522 2110 temporaliter
1549 2002 1857 2102 committendo,
1886 2033 1932 2085 ac
1961 2022 2059 2113 post·

279 2115 441 2197 modum
470 2115 546 2195 sibi
575 2145 595 2197 a
628 2108 846 2196 venerabili
870 2115 994 2195 fratre
1019 2131 1161 2195 nostro
1184 2117 1229 2194 ..1.
1243 2113 1532 2195 Tusculanensi
1564 2116 1786 2222 Episcopo,
1815 2116 2059 2201 demandato

278 2244 419 2309 nostro
448 2254 612 2308 munere
640 2228 953 2309 consecrationis
980 2228 1164 2334 impenso
1206 2224 1369 2332 pallium
1413 2221 1463 2305 dc
1505 2253 1677 2333 corpore
1707 2227 1814 2306 beati
1844 2246 2056 2336 sumptum,

278 2340 433 2445 insigne
466 2336 675 2445 pastoralis
690 2336 833 2444 officij,
863 2338 981 2417 abeo
1002 2366 1094 2417 cum
1124 2364 1171 2415 ea
1199 2364 1278 2444 qua
1307 2329 1443 2417 decuit
1472 2337 1663 2417 instantia
1692 2337 1960 2447 postulatum,
1992 2338 2089 2445 sibi⁴

278 2477 350 2557 per
377 2448 546 2529 dilectos
574 2447 676 2529 lilios
706 2463 867 2529 nostros
896 2446 1100 2529 Matheum
1114 2464 1251 2559 sancte
1268 2447 1391 2528 blarie
1419 2448 1462 2527 in
1490 2450 1675 2547 Portica,
1704 2448 1965 2531 Guillelmum
1979 2478 2058 2531 sau·

262 2558 510 2641 'etiNicolai
538 2560 580 2643 in
610 2560 779 2639 Carcere
802 2558 1068 2655 Tullianensi,
1098 2578 1139 2641 et
1165 2554 1425 2641 Benedictum
1439 2574 1670 2641 sanctorum
1699 2561 1842 2641 Cosme
1859 2564 2058 2643 ctDamia·

275 2674 319 2751 ni
349 2672 550 2751 Diaconos
580 2667 815 2751 Cardinales
836 2668 1002 2751 fecimus
1030 2670 1224 2753 exhiheri.
1252 2667 1376 2750 Saluo
1404 2670 1492 2770 iure
1521 2670 1687 2753 ecclesie
1714 2668 1962 2769 Lundensis,
1988 2698 2058 2783 que

274 2785 317 2863 in
347 2780 484 2863 eadem
514 2780 729 2889 upsallensi
757 2779 920 2865 ecclesia
951 2783 1012 2861 ius
1041 2782 1395 2888 primatieasserit
1421 2809 1465 2864 se
1493 2780 1655 2863 habere.
1683 2784 1889 2888 Quocirca
1912 2786 2058 2865 vniuer·
2143 2809 2144 2812 ‘

273 2894 431 2975 sitatem
451 2907 641 2987 ‘uestram
664 2919 853 3000 rogamus
880 2910 921 2981 et
948 2892 1160 2973 hortamur
1203 2908 1354 2976 attente
1397 2894 1718 3002 perapostolica
1763 2894 1884 2980 uobis
1924 2897 2057 3003 scripta

275 3002 527 3101 mandantes,
556 3005 749 3114 quatinus
783 3005 953 3087 eundem
982 3003 1339 3112 Arcbiepiscopum
1384 3021 1577 3114 tanquam
1614 3025 1771 3112 patrem
1799 3024 1841 3090 et
1872 3025 2057 3117 pastorem

270 3118 494 3198 animarum
538 3131 761 3196 uestrarum
802 3143 893 3195 cum
922 3115 974 3194 ad
1005 3143 1077 3194 uos
1106 3116 1264 3202 uenerit
1293 3115 1440 3198 deuote
1480 3118 1761 3224 suscipientes,
1796 3119 2057 3202 obedientiam

272 3226 349 3308 sibi
386 3243 427 3308 et
463 3228 732 3308 reuerentiam
770 3222 948 3306 debitam
977 3223 1237 3333 impendatis,
1264 3227 1390 3335 ipsius
1417 3225 1661 3310 salutaribus
1698 3232 1865 3312 monitis
1893 3250 1932 3313 et
1958 3257 2057 3328 man·
2144 3246 2145 3255 ’

271 3336 382 3416 datis
419 3336 623 3418 humiliter
652 3333 908 3416 intendendo.
966 3335 1163 3444 Alioquin
1205 3340 1425 3419 sententias
1466 3366 1568 3447 quas
1595 3337 1701 3420 idem
1730 3342 2057 3452 Archiepiscopus

274 3463 444 3554 propter
467 3445 545 3526 hoc
564 3450 640 3530 rite
654 3446 794 3530 tulerit
822 3451 864 3527 in
895 3446 1083 3543 rebelles,
1113 3464 1220 3528 ratas
1247 3447 1498 3543 babebimus,
1526 3467 1568 3529 et
1596 3449 1968 3538 faciemusauctore
1995 3451 2058 3534 do·

271 3559 381 3636 mino
420 3583 546 3666 usque
587 3555 639 3638 ad
666 3557 980 3646 satisfactionem
1023 3557 1266 3665 condignam
1308 3556 1597 3641 inuiolabiliter
1637 3562 1867 3647 obseruari.
1925 3567 2056 3646 Datum
2136 3645 2143 3653 ,

160 3737 168 3748 .
269 3672 451 3776 Anagnis
479 3667 578 3748 XVI
606 3669 697 3754 Kal.
727 3667 975 3778 Septembris
1015 3670 1277 3752 pontificatus
1307 3673 1435 3751 nostri
1463 3675 1583 3754 Anno
1613 3674 1759 3754 Primo.

751 3810 860 3878 Bullan
883 3811 988 3896 horta,
1011 3812 1104 3894 jemte
1125 3814 1239 3888 sudret,
1261 3810 1381 3896 hesrpd
1401 3810 1461 3876 den
1484 3813 1588 3896 btngt.

401 3927 450 3992 Pe
470 3927 658 4014 appreciet:
678 3927 714 3990 J.
735 3927 774 3991 de
796 3948 858 3992 ver·
880 3927 930 3992 Pe
950 3928 1124 3992 balrsr'danss·
1146 3928 1261 4012 Helyss
1281 3929 1320 3993 de
1341 3929 1479 4014 Spoleto.
1499 3929 1544 4009 R,
1566 3931 1711 4016 capitulo
1728 3933 1935 4000 satrcrnxxrm.⁰

279 4289 688 4417 1138—1142.
904 4294 1049 4437 1295
1098 4294 1147 4398 d.
1202 4333 1268 4436 17
1317 4294 1443 4442 Aug.
1702 4315 1707 4324 '
1852 4303 2054 4446 Anagni.

348 4511 465 4572 Plfven
490 4511 668 4572 Borrmcrus
695 4509 797 4574 Vlllts
825 4511 931 4572 Bullor
957 4513 1005 4574 till
1039 4513 1135 4574 follet
1161 4512 1220 4575 oeli
1260 4514 1308 4576 till
1341 4513 1570 4596 Presterslapet
1592 4516 1600 4574 i
1622 4513 1739 4601 Upssla
1761 4521 1828 4581 stad
1851 4521 1911 4582 och
1934 4521 1994 4581 stift
2013 4517 2054 4578 till

400 4591 672 4675 Lydbisioparne,
694 4593 937 4686 tillullonungen
959 4595 1019 4657 och
1043 4598 1091 4658 till
1115 4597 1261 4677 Hertigen
1283 4598 1295 4658 i
1315 4595 1457 4680 Srerige,
1478 4597 1514 4658 af
1530 4617 1649 4660 samma
1668 4601 1805 4664 innehttt
1828 4605 1900 4666 med
1922 4604 1961 4664 de
1975 4604 2055 4663 [ὄτο-

397 4675 529 4756 gdcnde,
552 4673 712 4758 angdende
733 4676 959 4762 Aah-Bislops
980 4684 1208 4762 utntmniogen.
1606 4763 1613 4772 ἡ
1714 4763 1744 4816 F·
1765 4782 1788 4820 n
1803 4765 1865 4837 3⁴9,

401 4893 608 4974 Incodcm
638 4895 751 4975 modo
777 4895 850 5005 (sc.
880 4927 928 4978 ac
952 4901 1124 5007 praeced.
1165 4901 1247 4983 Neo
1282 4905 1407 5002 1136,
1445 4900 1566 5013 1137)
1601 4903 1754 4984 dilectis
1779 4904 1886 5010 filiis
1915 4899 2056 5011 Populo
2103 4871 2107 4876 .

262 5005 456 5084 Civitatis
483 5024 521 5086 et
552 5005 661 5085 Dioc.
692 5010 944 5116 Vpscllensis.
