4317 5975
993 424 1050 448 ..
1159 378 1241 479 453
1352 406 1409 446 ὁ.

313 613 481 765 1497.
731 556 734 561 ”
939 610 1093 721 1306
1136 605 1185 721 d.
1241 650 1304 723 ιο
1348 610 1540 719 Mars'

274 900 281 910 ,
386 827 547 916 Oruonrs,
567 837 740 899 isernoros
760 832 821 896 ocb
843 832 942 917 dirigo
964 822 1138 916 erlringars
1157 834 1236 896 eller
1256 830 1374 896 Arnrid
1396 833 1406 895 i
1429 830 1589 915 Bredoryd
1624 830 1943 921 lorpentningsbrelpl
1960 841 2047 915 flamm

357 940 362 951 ·
438 922 487 982 till
508 920 631 1005 Nydals
651 917 777 995 kloster,
799 917 849 979 liir
868 916 909 980 60
930 921 1019 981 marl
1041 920 1213 1000 peooinger
1233 916 1325 979 alde
1346 914 1388 979 80
1410 916 1510 997 merl,
1531 936 1597 979 som
1619 916 1739 983 Arusid
1760 919 1770 979 i
1792 928 1950 985 testamente
1967 926 2047 1009 dilgil.

437 1005 497 1083 rit,
518 1002 610 1066 sedeo
632 1002 778 1092 Abbotep
799 999 955 1065 Iohannes
975 1001 1164 1065 cllersltolt
1185 1022 1225 1063 ao
1246 1002 1346 1063 mark.
1845 1081 1867 1136 Α
1892 1086 1941 1141 ²¹

412 1218 618 1302 Omnibus
646 1244 809 1327 presens
843 1220 1036 1328 scriptum
1073 1217 1351 1313 cernentibus,
1394 1218 1644 1299 Omoemus
1672 1235 1714 1301 ct
1741 1241 1974 1303 sncmuuuus
1996 1224 2049 1307 Ce-

307 1332 465 1441 teriquc
493 1329 660 1411 heredes
683 1324 848 1411 'domini
875 1328 1049 1410 arnwidi
1078 1327 1129 1409 de
1157 1329 1286 1431 brepa
1314 1325 1420 1426 rrdh
1448 1328 1616 1409 salutem
1646 1346 1688 1410 et
1715 1356 1941 1437 cognoscere
1976 1338 2050 1418 seri·

304 1460 450 1539 tatem,
479 1444 680 1543 Quoniam
708 1438 895 1521 domiuus
917 1438 1119 1549 johannes
1155 1439 1282 1519 abbas
1324 1440 1440 1520 Noue
1469 1439 1584 1521 vallis
1612 1438 1663 1521 ad
1694 1442 1915 1523 instanciam
1942 1444 2050 1527 multo·

197 1630 200 1637 .
305 1582 398 1637 rum
426 1552 624 1634 nobilium
654 1549 704 1631 de
732 1552 935 1659 octaginta
964 1551 1136 1631 marchis
1173 1576 1247 1631 suo
1290 1553 1533 1631 monasterio
1561 1578 1609 1633 ex
1640 1570 1756 1660 parte
1786 1552 1962 1637 nominati
1987 1584 2050 1665 prc-

305 1664 444 1748 dilecti
470 1662 608 1745 lratris
637 1664 763 1741 nostri
792 1661 999 1771 quondam
1028 1661 1182 1741 domini
1211 1661 1386 1743 aruwidi
1415 1662 1761 1746 Testamentaliter
1801 1663 1943 1744 collatis
1967 1666 2051 1745 nobis

307 1776 451 1883 viginti
481 1774 659 1864 marchas
686 1773 945 1854 denariorum
974 1770 1230 1879 indulgebat,
1267 1772 1520 1879 presentibus
1549 1771 1722 1855 dominis
1765 1771 1967 1855 Thordone
1990 1804 2053 1882 pre·

185 1926 189 1933 ·
306 1888 443 1997 posito
470 1904 511 1967 et
539 1884 741 1965 Gunnone
770 1883 819 1963 de
849 1883 981 1983 rpzbir
1022 1884 1106 1965 Nec
1148 1908 1231 1965 non
1274 1881 1438 1965 vdaone
1481 1885 1592 1965 dicto
1633 1884 1800 1993 skalgha
1829 1908 1868 1967 et
1893 1884 2052 1966 AErlendo

304 1996 495 2079 kroknaet
517 2012 558 2077 et
585 2000 704 2077 Petro
734 1994 862 2091 brun,
889 2022 935 2075 ac
963 1994 1050 2101 alijs
1077 1993 1216 2075 multis
1245 1992 1323 2074 lide
1358 1995 1489 2103 dignis
1518 1996 1791 2103 promittimus
1819 1994 1893 2077 lide
1929 1996 2052 2101 prestita

306 2107 519 2216 corporali.
549 2104 662 2216 quod
691 2108 730 2184 in
761 2124 948 2213 prompta
979 2106 1168 2211 pecunia,
1211 2105 1431 2188 Pecoribus
1459 2121 1501 2185 et
1528 2105 1618 2213 alijs
1647 2103 1764 2186 bonis
1794 2106 1908 2187 rebus
1933 2104 2054 2211 wlgari·

257 2284 261 2289 .
307 2239 369 2301 ter
396 2218 515 2299 dictis
542 2218 831 2325 bopaennioga,
861 2213 1042 2324 predicto
1070 2213 1236 2295 domino
1257 2215 1396 2296 abbati
1424 2230 1465 2297 et
1493 2242 1568 2296 suo
1596 2218 1818 2297 conuentui
1846 2218 2054 2325 cumgratia·

307 2360 397 2412 rum
429 2330 593 2409 accione
622 2326 872 2432 integraliter
901 2325 1093 2407 debemus
1128 2326 1359 2435 persoluere
1387 2326 1594 2435 sexaginta
1638 2327 1817 2409 marchas
1845 2325 2054 2407 denariorum
2111 2400 2112 2435 ,

309 2441 362 2521 od
390 2440 575 2521 ultimum
602 2438 823 2544 septimana
854 2453 945 2544 post
971 2435 1115 2517 festum
1148 2438 1376 2544 proximum
1411 2438 1540 2519 sancti
1569 2437 1792 2534 Michaelis,
1829 2437 2054 2519 Protestantes
2110 2444 2112 2519 l

309 2550 420 2661 quod
449 2552 550 2629 Cum
580 2547 766 2627 omnibus
795 2547 1011 2627 mobilibus
1040 2564 1080 2626 et
1111 2548 1384 2629 immobilibus
1406 2548 1528 2631 Curia
1557 2550 1601 2629 in
1618 2548 1842 2629 ¹humbrum
1864 2546 2057 2657 supradictis

308 2661 515 2747 monachis
541 2676 723 2739 remanet
746 2659 1014 2766 impignorata
1041 2660 1217 2769 sicut‘in
1246 2676 1484 2740 testamento
1505 2659 1737 2741 continetur
1765 2658 1894 2741 donec
1922 2654 2056 2765 predicta

309 2798 461 2858 summa
491 2770 667 2852 totaliter
696 2768 820 2849 luerit
849 2770 1065 2875 persoluta.
1109 2770 1158 2848 Jn
1189 2771 1304 2849 cuius
1334 2774 1391 2851 rei
1421 2768 1691 2851 testimonium
1727 2773 1825 2880 quia
1854 2769 1970 2878 sigilla
1995 2793 2057 2875 pm

307 2887 396 2994 pria
426 2906 509 2963 uon
538 2880 752 2961 habuimus
780 2880 933 2959 Omnes
961 2881 1002 2959 in
1034 2879 1163 2960 littera
1185 2883 1368 2989 superius
1411 2882 1639 2963 nominatos
1668 2884 1900 2990 rogauimus
1940 2906 2058 2990 presen-

308 3014 389 3078 tem
421 2995 594 3074 litteram
623 2991 1118 3099 sigillarc,·Datumanno
1148 2991 1301 3076 domini
1330 2993 1388 3074 M·
1420 2993 1538 3074 CCC”
1570 3009 1703 3092 sexto,
1733 2997 1878 3106 quinta
1898 2993 2058 3076 leriaante

309 3107 479 3192 mediam
508 3103 866 3218 quadragesimam.
1741 3103 1744 3109 ’
2110 3105 2111 3110 ‘

721 3219 1718 3329 ·mmmmmffigmmffiufflm.

311 3601 482 3788 «1d98.
862 3629 868 3640 ⁴
933 3638 1082 3744 1306
1130 3639 1178 3744 d.
1235 3681 1293 3744 ιι
1346 3641 1495 3748 Mars
1561 3779 1563 3786 Ι
1779 3658 1782 3667 ’
1830 3741 1833 3749 ,
1900 3643 2064 3784 Bergeu.

397 3865 584 3946 Bisloparne
605 3827 749 3922 Essenos
768 3858 826 3920 och
850 3860 949 3922 Aures
975 3857 1053 3920 siml
1086 3861 1319 3922 Dounsrrmrrs
1337 3859 1346 3919 i
1367 3861 1486 3942 Bergen
1521 3859 1700 3923 vidimatiou
1723 3864 1759 3922 el
1775 3861 1890 3926 Grelve
1909 3860 2006 3925 Jacobs
2022 3853 2068 3918 brrl
2110 3819 2111 3896 i

332 3946 340 3958 ‘
427 3967 504 4056 '⁰m.
523 3942 671 4021 Helland,
694 3941 764 4003 med
785 3938 974 4022 besil-iloing
997 3943 1036 4024 pt
1056 3943 1207 4005 Grelvens
1229 3943 1382 4006 derunder
1404 3945 1564 4026 belintliga
1583 3949 1679 4007 sldrre
1701 3947 1792 4026 sigill.
2108 3905 2111 4064 1

1851 4026 1969 4096 nass
2110 4075 2111 4116 ;

422 4158 629 4241 Universis
659 4173 872 4266 praesentes
899 4159 1054 4240 litteras
1081 4162 1335 4266 *inspecturis
1364 4163 1581 4242 Ennsuutts
1617 4157 1698 4242 Dei
1722 4164 1859 4272 gracia
1888 4160 2066 4272 Episcopus
2109 4149 2111 4224 J

311 4273 517 4367 Farensis,
561 4274 698 4350 Annas
734 4267 870 4349 eadem
914 4273 1047 4377 gracia
1090 4271 1315 4380 Episcopus
1362 4273 1572 4378 Bergeusis
1599 4299 1646 4353 ao
1674 4273 1905 4356 carmanum
1931 4267 2065 4380 ejusdem
2109 4347 2110 4364 ,

312 4386 500 4467 Ecclesiae
526 4381 735 4487 Bergensis
776 4379 943 4475 salutem
979 4383 1022 4460 in
1050 4380 1214 4462 domino
1256 4385 1550 4490 sempiternam.
1607 4385 1807 4470 Norerint
1835 4383 2067 4466 universim

314 4497 461 4578 vidisse
489 4512 530 4576 et
556 4491 771 4598 diligenter
799 4491 1013 4600 perlegisse
1042 4493 1178 4573 literas
1204 4489 1360 4573 domini
1387 4493 1528 4574 Jacobi
1558 4496 1735 4594 comitis,
1774 4522 1862 4579 non
1891 4519 1985 4576 rasas
2008 4509 2065 4565 non
2109 4515 2110 4562 r

313 4607 504 4700 abolitas,
533 4630 606 4684 nec
634 4605 678 4683 in
704 4601 836 4712 aliqva
863 4603 927 4682 sui
956 4618 1072 4710 parte
1100 4601 1265 4682 viciatas
1286 4602 1476 4686 deverbo
1502 4601 1554 4684 ad
1581 4607 1750 4687 verbum
1780 4602 2066 4708 infrascriptum

286 4734 491 4799 -tenorem
520 4717 793 4811 continentes,
819 4714 898 4793 sub
928 4713 1072 4822 majori
1100 4711 1231 4820 sigillo
1260 4713 1358 4796 dicti
1386 4713 1538 4796 domini
1566 4711 1729 4801 comitis
1743 4718 1863 4828 cujus
1893 4713 1998 4824 sigilli
2020 4733 2066 4785 su

50 4911 53 4919 ,
188 4889 194 4901 .
314 4856 389 4942 per
416 4828 588 4935 scripcio
616 4826 694 4907 boc
721 4839 800 4924 est,
828 4821 938 4936 qvod
970 4828 1013 4908 in
1040 4827 1247 4936 superiore
1286 4842 1403 4940 parte
1436 4843 1499 4910 est
1527 4829 1690 4942 quidam
1727 4825 1960 4944 Leopardus
1983 4813 2066 4932 quui

1906 4963 1986 5049 Eli·
2109 5033 2110 5044 r

2108 5091 2110 5186 l
