4317 5975
863 267 1070 405 ’.ζ
1166 341 1245 425 sss
1350 382 1413 411 .-

224 616 228 629 ·
274 557 277 564 ’
315 582 526 683 presentes·
547 566 702 681 litteras
731 567 804 643 &e
834 562 886 644 Se
902 564 1164 671 sdregdende
1193 564 1274 645 Nm
1307 588 1420 645 1220.
1469 561 1650 673 Jdeoque
1687 566 1846 651 vtilirai
1871 570 1956 659 dicti
1979 610 2047 666 con-

315 692 475 763 uentus
490 681 532 760 in
561 678 671 759 dicto
701 675 867 783 negocio
886 690 1023 782 'prout
1051 675 1199 754 iustum
1229 692 1307 771 est,
1342 674 1478 758 fauere
1507 672 1756 776 desiderans,
1798 680 1959 768 districte
1981 720 2072 798 prux

314 792 456 886 hibeo',
486 788 715 870 aedictum
742 786 988 867 breuiarium
1018 782 1268 865 distrahatur
1296 785 1358 865 vel
1396 786 1609 881 alienetur,
1640 786 1855 901 Sedquod
1882 796 1968 878 illud
1986 806 2051 884 sim·
2106 874 2110 881 .

315 903 487 1014 pliciter,
516 901 746 1014 ubicunque
775 896 926 977 dictum
958 897 1124 977 fratrem
1152 898 1349 979 thorirum
1383 900 1551 1005 migrare
1581 898 1642 977 vel
1670 905 1770 982 mori
1791 908 1996 1014 contigerit,
2018 915 2052 995 ad
2097 948 2101 960 ¹

254 1061 266 1077 κ
302 1007 848 1121 ¹sepedictumsilctunensem
879 1008 1123 1088 conuentum
1155 1008 1282 1089 modis
1297 1009 1483 1088 omnihus
1499 1026 1743 1111 reuertatur,
1771 1012 1900 1097 datum
1920 1019 2053 1105 siltunie

88 1190 95 1203 .
220 1228 227 1245 ,
316 1152 423 1205 anno
444 1121 598 1204 domini
631 1120 852 1203 Millesimo.
882 1120 1014 1201 CCC‘.
1046 1117 1245 1213 secundo,
1275 1118 1447 1201 secunda
1479 1120 1574 1199 feria
1607 1124 1697 1229 post
1726 1124 1876 1233 agnetis
1905 1136 2055 1237 proxima

1072 1260 1192 1343 Sigillel
1213 1259 1354 1324 sladadt

327 1633 494 1777 1359.
902 1630 1103 1779 ¹1302
1155 1624 1202 1732 a.
1255 1562 1482 1735 5Feb1ss.
1655 1763 1659 1771 ,
1887 1630 2059 1739 Calan.

399 1854 549 1913 lucarano
570 1850 839 1913 Gusrsssuorrsns
860 1852 1126 1915 testamentariska
1148 1854 1320 1933 anordning
1342 1850 1585 1913 tilllrlosteroch
1599 1850 1751 1935 hospital,
1773 1834 1972 1930 bv'a'rigenom,
1986 1852 2060 1912 ihlrnl

447 1934 562 2011 andra,
595 1932 739 1995 Calmare
772 1934 903 2010 kloster,
945 1934 1063 2014 ernon,
1085 1948 1170 1997 utam
1193 1938 1310 1998 Malma
1333 1934 1392 1995 och
1414 1934 1576 2027 Kuutsbro
1597 1956 1708 2017 quarn,
1731 1954 1796 1993 som
1819 1932 2061 2014 honliirutgihit,

365 2054 368 2062 ι
448 2016 535 2077 esven
558 2018 665 2097 Norby
686 2018 695 2075 i
717 2016 838 2093 Ner-tte,
860 2017 909 2077 for
933 2016 1047 2078 heunes
1069 2017 1298 2103 gralplatsoch
1321 2028 1443 2079 massor.
1753 2096 1760 2108 ¹
1857 2097 1959 2165 U!
2028 2096 2034 2117 ἢ

426 2238 478 2342 Jn
506 2234 679 2314 Nomine
709 2236 835 2340 patris
864 2250 904 2313 et
933 2232 1002 2312 filii
1033 2250 1073 2313 et
1101 2236 1267 2343 spiritus
1304 2236 1430 2313 sancti
1474 2237 1622 2329 Amen,
1653 2234 1739 2338 Ego
1769 2234 1990 2313 luctuosos
2012 2249 2061 2323 od·

316 2370 434 2429 staur
461 2342 668 2455 quondam
699 2368 802 2425 rrum
831 2372 1003 2453 corpore
1031 2372 1126 2423 sana
1155 2363 1195 2427 et
1224 2346 1435 2425 incolumis
1465 2372 1511 2423 ac
1541 2371 1612 2451 per
1642 2345 1777 2423 omnia
1822 2346 1896 2423 mei
1923 2370 2062 2449 compos,

123 2460 127 2467 ’
191 2548 195 2553 ,
315 2458 533 2539 aduertens
561 2471 602 2535 et
632 2453 888 2536 considerans
918 2455 1040 2553 nichil
1070 2458 1220 2536 certius
1242 2476 1369 2537 morte
1397 2474 1437 2535 et
1467 2454 1563 2535 liora
1598 2456 1738 2535 mortis
1769 2456 1954 2535 incertius
1979 2453 2063 2549 nichil

200 2626 210 2653 r
300 2597 417 2664 esse,
446 2566 496 2647 de
523 2567 652 2647 salute
679 2566 810 2647 anime
839 2594 924 2649 mee
952 2566 1144 2663 sollicita,
1173 2585 1419 2649 commutare
1435 2565 1670 2673 temporalia
1693 2567 1862 2675 cupiens
1890 2568 1926 2646 in
1954 2584 2064 2653 eterna,

314 2677 365 2761 de
394 2678 512 2759 bonis
533 2676 759 2758 meisadeo
789 2678 884 2758 mihi
913 2680 1122 2774 concessis
1153 2706 1282 2757 mcum
1313 2680 1354 2758 in
1384 2680 1491 2758 huuc
1524 2673 1688 2756 modum
1722 2677 1871 2783 ordino
1899 2695 2065 2757 testamen·

315 2810 422 2886 tum,
459 2792 510 2870 Jn
539 2789 690 2897 primis,
719 2790 927 2871 sororibus
955 2787 1109 2869 ordinis
1140 2789 1438 2897 predicatorum
1469 2786 1697 2868 Calmarnie
1726 2812 1830 2897 quas
1861 2788 1994 2867 affectu
2018 2810 2065 2891 pre

258 2978 264 2994 ,
314 2904 457 2986 ceteris
485 2900 681 3010 religiosis
711 2897 837 3006 diligo
866 2898 1050 3009 speciali,
1079 2901 1188 3010 apud
1217 2928 1318 3011 quas
1348 2900 1442 2981 mihi
1475 2900 1604 2979 l‘ocum
1633 2900 1739 3006 eligo
1768 2900 1978 3009 sepulture,
2002 2922 2065 3004 pre·

313 3031 377 3096 ter
404 3014 557 3094 curiam
587 3015 629 3092 in
656 3010 854 3092 hlaelmum
883 3029 924 3093 et
952 3012 1227 3093 Moleudinum
1256 3015 1298 3092 in
1330 3010 1540 3108 tnutsbro,
1573 3037 1653 3120 que
1676 3009 1725 3090 de
1745 3039 1940 3094 consensu
1969 3006 2065 3088 dilecti

314 3127 449 3206 Mariti
488 3125 566 3202 mei
602 3121 753 3202 domini
776 3123 996 3205 benedicti
1033 3141 1262 3232 paetaerson„
1285 3151 1331 3204 ac
1374 3121 1569 3203 karissimi
1598 3123 1667 3202 filii
1697 3126 1774 3202 mci
1804 3122 1964 3232 baquini
2001 3117 2066 3197 dicti

316 3238 446 3330 laeme,
477 3237 573 3342 ipsis
602 3232 654 3315 ad
682 3234 847 3313 ecclesie
873 3262 944 3314 sue
973 3233 1167 3315 fabricam
1212 3235 1322 3342 prius
1364 3232 1564 3315 dederam.
1620 3235 1785 3313 Curiam
1813 3262 1936 3316 meam
1963 3226 2066 3343 Norby

271 3429 281 3442 ,
316 3375 407 3428 cum
437 3345 623 3426 omnibus
649 3345 731 3423 suis
759 3345 984 3425 attinenciis
1014 3348 1054 3425 in
1084 3344 1270 3426 Nerichia
1307 3345 1443 3441 sitam,
1479 3341 1647 3426 ¹consero
1676 3347 1718 3426 in
1748 3371 1926 3426 meorum
1955 3371 1995 3422 ac
2014 3339 2068 3418 Ha·

318 3459 433 3568 quini
460 3457 532 3535 filii
563 3455 638 3535 mei
667 3455 833 3562 prelati,
870 3458 1144 3562 remissionem
1174 3455 1442 3552 delictorum,
1476 3451 1758 3564 possidendam
1791 3473 1982 3564 perpetuo
2010 3451 2069 3528 inre

317 3569 460 3678 pleno,
488 3583 534 3645 vt
566 3565 616 3646 de
646 3565 915 3673 proueutibns
942 3566 1120 3646 eiusdem
1150 3567 1282 3661 curie,
1311 3565 1527 3647 sustentari
1570 3567 1729 3646 valeant
1758 3565 1877 3650 dictis
1904 3559 2068 3644 sororibus

309 3679 464 3778 Missas.
494 3707 539 3759 ac
568 3677 708 3757 diuina
737 3675 1001 3773 celebrantes,
1030 3676 1170 3758 volens
1199 3695 1240 3758 et
1268 3677 1461 3758 ordinans
1506 3704 1577 3786 per
1622 3684 1804 3785 presens,
1848 3675 1955 3786 quod
1981 3677 2008 3752 si
2030 3667 2070 3750 di·

315 3809 418 3874 ctam
448 3791 599 3870 curiam
629 3813 819 3897 vmquam
848 3816 869 3867 a
899 3816 940 3868 se
968 3786 1274 3897 quomodolibet
1302 3789 1476 3869 alienare
1517 3816 1676 3870 sorores
1717 3789 1938 3882 voluerint,
1979 3787 2070 3892 ipsiu

315 3928 393 4013 pro
421 3902 526 3984 iusto
556 3902 715 4009 precio,
743 3926 814 3978 seu
844 3927 920 4008 pro
949 3897 1101 4008 predijs
1128 3899 1475 4009 equiualentibus,
1517 3898 1736 3980 exhibeant
1780 3914 1991 3981 memorato
2014 3892 2070 3972 filio

317 4039 405 4095 meo
433 4028 504 4092 aut
532 4011 658 4116 ipsius
685 4007 899 4091 heredibus
935 4009 1260 4120 comparandam.
1317 4013 1421 4092 Jtem
1457 4009 1508 4090 ad
1538 4009 1759 4091 subsidium
1804 4027 1912 4092 terre
1929 4106 1935 4113 ,
1952 4019 2070 4094 sancte,

317 4153 395 4235 pro
423 4118 707 4229 redempcione
734 4122 865 4201 crucis
894 4121 983 4227 lego
1011 4123 1156 4230 viginti
1179 4123 1330 4204 Marnas
1345 4121 1504 4232 argenti
1524 4123 1629 4230 puri,
1658 4125 1760 4201 Jtem
1777 4121 1978 4203 Monachis
1993 4115 2070 4195 alra·

318 4239 391 4318 stri
420 4249 461 4314 et
485 4232 684 4314 ,fratribus
714 4230 876 4313 ibidem.
919 4261 1038 4314 cnam
1072 4233 1245 4314 Marcam
1276 4236 1370 4342 puri
1399 4225 1556 4341 argenti
1593 4227 1705 4332 sltem
1736 4231 1929 4314 iratribus
1956 4224 2071 4310 ordinis

83 4443 89 4454 Ι
167 4387 173 4394 ·
280 4345 618 4459 ‚predicatorum
646 4341 853 4450 skeningis
880 4340 979 4424 duas
1007 4347 1187 4427 marchas
1232 4347 1390 4453 argenti
1417 4327 1690 4453 purisltcm¹
1712 4341 1907 4427 fratribus
1933 4333 2071 4424 eiusdem

82 4499 86 4517 ·
206 4453 214 4466 ’
321 4458 476 4541 ordinis
503 4453 730 4533 Calmarnie
760 4481 878 4533 ruam
907 4453 1082 4537 Marcam
1114 4455 1210 4565 puri
1238 4458 1408 4564 argenti,
1438 4459 1538 4536 ltem
1568 4455 1735 4535 cuilibet
1768 4455 1946 4537 claustro
1972 4451 2108 4558 cuius·

321 4594 492 4677 cunque
510 4565 666 4645 ordinis
694 4590 768 4670 per
795 4592 965 4672 regnum
992 4571 1122 4650 svecie
1155 4595 1205 4648 ex
1234 4569 1307 4652 ista
1339 4567 1588 4675 partemaris
1606 4569 1971 4672 constituturum
1994 4559 2072 4640 llar-

142 4751 154 4770 ,
248 4686 258 4703 ”
322 4705 408 4762 cam
437 4664 734 4773 denar.,'nem
762 4675 930 4786 singulis
972 4677 1241 4787 hospitalibus
1282 4705 1400 4759 vnam
1450 4677 1624 4762 Marcam
1667 4675 1806 4774 denar.
1851 4681 1950 4758 Jtem
1986 4667 2072 4764 cuili-

321 4792 391 4876 bet
419 4787 583 4896 ecclesic
610 4813 696 4869 mee
724 4784 968 4896 parrochiali
996 4815 1117 4920 ruam
1146 4791 1322 4924 Marcam
1349 4789 1506 4888 deuna,
1524 4791 1578 4872 'et
1605 4788 1910 4982 sargrdotihipsd
1928 4777 2077 4898 plebanis

1425 4923 1430 4934 '
1636 4919 1641 4932 ·
1687 4955 1692 4968 -
1816 4926 1818 4930 ·
1872 4917 1970 4980 rem
2021 4981 2026 4995 ,
