4317 5975
810 254 1225 359 *317*

111 478 244 561 nensis
269 501 345 557 nec
385 502 468 555 non
510 479 551 555 &
579 474 753 556 liliorum
790 470 992 585 quondam
1026 471 1178 555 domini
1218 473 1406 556 Wernsri
1447 469 1544 556 dicti
1572 474 1707 557 brunk
1734 478 1907 563 contuli·

113 618 200 673 mus
232 587 406 669 claustro
447 584 679 691 Risaebergh
721 588 870 667 curiam
911 584 1058 666 dictam
1101 586 1206 665 almo
1245 614 1333 667 cum
1382 586 1506 693 agris,
1549 589 1690 694 pratis,
1736 589 1904 687 colonis,

112 696 350 785 molendinis
376 724 422 779 ac
458 698 599 779 ceteris
640 698 863 778 attinenciis
891 699 972 777 suis
1003 699 1161 778 racione
1188 692 1392 779 Prehende
1420 695 1576 779 Nobilis
1604 698 1816 780 Domicellc
1844 732 1907 786 ee·

111 813 201 899 oilie
229 813 308 893 filie
334 804 535 919 quondam
575 804 673 889 dicti
701 809 862 891 Domini
904 810 1073 889 werneri
1101 806 1260 889 brunkc
1293 836 1411 920 quam
1438 806 1587 890 ibidem
1614 806 1808 917 religioni
1827 830 1909 895 tra-

113 920 302 1019 didimus,
330 947 404 1004 neo
430 947 513 1000 non
539 937 582 1000 et
610 920 695 1004 XL.
737 921 917 1000 marchas
943 914 1032 1000 den.
1075 921 1232 1000 racione
1259 923 1382 1001 eciam
1410 914 1514 1001 dicte
1543 918 1745 1002 Prcbende
1773 941 1814 1004 et
1840 952 1909 1006 ex·

114 1062 326 1148 pensarum
353 1028 502 1113 ibidem
543 1031 754 1128 factarum,
797 1060 896 1141 quas
937 1027 1131 1111 debonis
1167 1026 1366 1111 Heredum
1394 1028 1585 1140 sepedicti
1618 1036 1778 1116 Domini
1806 1064 1907 1117 wer-

113 1150 199 1231 neri
226 1142 387 1225 Brunko
414 1169 497 1223 esse
529 1141 762 1222 volumnsa
804 1142 907 1221 festo
942 1142 1090 1223 Pasche
1133 1169 1239 1221 nunc
1280 1142 1453 1222 instante
1488 1142 1593 1224 infra
1634 1172 1781 1227 annum
1808 1147 1909 1227 inte·

111 1258 273 1367 graliter
299 1253 530 1363 persolutas.
568 1252 614 1359 jn
642 1253 752 1332 cuius
778 1255 834 1332 rei
873 1253 1142 1333 testimoninm
1184 1252 1354 1358 sigillum
1405 1258 1586 1333 nostrum
1629 1281 1706 1336 vna
1742 1285 1830 1337 oum
1860 1259 1909 1339 si·

111 1369 217 1479 gillis
242 1362 499 1446 dominorum
527 1358 696 1444 Gerardi
724 1364 920 1473 Prepesiti
948 1363 1151 1460 harichis,
1178 1380 1220 1445 et
1246 1362 1437 1455 lobannis
1476 1363 1633 1471 plebani
1669 1364 1719 1446 de
1754 1368 1910 1460 craebro

114 1474 363 1591 presentibus
389 1492 449 1555 est
480 1500 720 1583 appensum,
763 1477 955 1585 scriptum
993 1472 1224 1580 Risebergh.
1279 1478 1397 1557 Auno
1438 1473 1599 1556 Domini
1639 1477 1837 1560 M⁰.CCC⁰.
1864 1481 1910 1589 jn

113 1590 178 1673 die
206 1588 314 1671 Beati
342 1583 495 1691 sigfridi
523 1583 766 1666 confessoris

652 1692 770 1778 tstgttt
802 1690 949 1771 skadade,
974 1692 1013 1756 de
1035 1709 1102 1756 atne
1128 1695 1201 1756 sista
1221 1692 1369 1777 andeliga.

3 1984 4 1994 Ν
126 1948 318 2111 1305.
755 1989 902 2103 1300
947 1987 996 2097 d.
1042 2028 1076 2105 2
1123 1989 1288 2137 April.

196 2182 335 2246 Kaniheu
356 2182 367 2243 i
387 2178 558 2261 Linldpiog
577 2178 668 2241 Bosm
690 2175 950 2239 testamentarius
977 2175 1148 2260 uuordning
1172 2198 1223 2239 om
1244 2178 1290 2239 siu
1309 2174 1553 2261 qvnrldtenslap.
1635 2253 1664 2313 R
1682 2259 1712 2313 3·
1728 2258 1805 2317 ΘΗ

228 2370 525 2450 Testamentum
565 2364 758 2469 magistri
795 2361 949 2441 bosonis
989 2365 1170 2443 canonici
1206 2364 1435 2473 lincopensis
1475 2365 1547 2471 qui
1577 2364 1731 2445 ecclesie
1759 2366 1912 2471 legauit

284 2484 437 2559 curiam
463 2476 547 2580 uby
573 2502 661 2555 cum
688 2471 974 2553 condicionibus
990 2473 1048 2580 jn
1075 2476 1214 2555 littero
1242 2474 1319 2554 hac
1346 2478 1545 2554 contentis.

231 2659 281 2737 ln
309 2654 469 2735 nomine
512 2648 663 2733 dondni
704 2650 829 2728 Amen
869 2650 987 2728 Auno
1028 2647 1203 2729 eiusdem
1245 2648 1453 2731 Millesimo
1491 2648 1592 2729 CCC
1626 2648 1792 2731 sabbato
1819 2669 1911 2733 ante

1 2773 8 2819 ³
115 2770 357 2853 dominicam
398 2764 618 2874 palmarum
660 2760 746 2863 Ego
788 2780 885 2837 noso
926 2761 1140 2841 canonicus
1181 2761 1417 2870 lincopensis
1456 2759 1502 2866 jn
1535 2760 1764 2841 infirmitate
1800 2766 1910 2867 graui

2 2887 4 2892 ’
117 2881 369 2966 constitutus
399 2876 603 2983 sciensque
632 2886 759 2950 morte
786 2868 908 2949 nichil
937 2897 1020 2951 esse
1059 2872 1208 2951 cercius
1241 2889 1283 2952 et
1310 2870 1432 2953 nichil
1460 2870 1653 2951 incercius
1679 2872 1778 2951 hora
1806 2900 1911 2953 mor-

1 3002 8 3076 ε’
116 2997 169 3076 tis
193 2988 367 3102 jdecque
396 2984 629 3068 mortalibus
656 2978 778 3062 nichil
810 3007 893 3062 esse
922 2981 1057 3062 vtilius
1118 3011 1210 3064 nam
1245 2979 1352 3065 diem
1380 2999 1600 3063 extremum
1629 2983 1787 3091 pietatis
1813 3011 1909 3094 ope·
2031 3049 2034 3062 .

115 3104 227 3187 ribus
252 3100 460 3209 prenenire
502 3095 673 3176 Nomine
714 3094 939 3173 testamenti
980 3089 1102 3173 dere
1132 3122 1177 3173 us
1219 3095 1314 3176 meis
1353 3091 1497 3174 ordino
1539 3101 1581 3172 in
1610 3093 1716 3174 hunc
1745 3090 1907 3175 modum

114 3217 250 3297 Primo
277 3208 458 3291 videlicet
499 3206 647 3287 fabrice
687 3203 847 3283 ecclesie
889 3204 1126 3312 lincopensis
1160 3205 1222 3284 oui
1264 3205 1421 3286 racione
1464 3220 1739 3313 perceptorum
1773 3205 1825 3284 ab
1845 3233 1909 3287 ea·
1941 3210 1944 3215 ’

1 3342 8 3385 ²
115 3325 208 3407 dem
234 3339 420 3431 tempore
438 3347 519 3428 quo
548 3318 632 3396 eius
672 3315 1088 3395 amministractionem
1131 3317 1233 3422 gessi
1262 3343 1323 3396 me
1371 3317 1413 3395 in
1448 3314 1582 3394 multis
1608 3315 1826 3422 obligatum
1849 3345 1909 3396 re·

115 3462 327 3543 cognosco.
356 3433 513 3512 Curiam
542 3447 668 3506 meam
708 3427 751 3505 in
793 3426 871 3535 ahy
913 3421 1095 3506 videlicet
1122 3429 1344 3509 sextenario
1378 3428 1508 3506 minus
1535 3453 1654 3536 quam
1684 3425 1823 3507 llllzor
1851 3445 1909 3508 at·

116 3569 264 3652 tungos
291 3572 381 3625 enm
411 3537 594 3622 omnibus
633 3538 857 3617 attinenciis
897 3536 1111 3621 mobilibus
1150 3555 1192 3617 et
1219 3536 1485 3618 immobilibus
1521 3535 1683 3617 confero
1710 3553 1750 3617 et
1778 3531 1930 3620 retum

114 3659 170 3741 do
199 3657 273 3737 hac
299 3648 544 3735 condicione·
561 3645 882 3753 irrefragabiliter
911 3644 1063 3730 adiecta
1104 3645 1217 3758 quod
1239 3676 1311 3729 nec
1339 3648 1550 3757 episcopus
1576 3674 1650 3729 nec
1683 3649 1909 3755 prepositus

115 3797 190 3855 neo
217 3764 539 3876 mchidyaconus.
565 3787 637 3840 nec
677 3757 850 3840 decanus
889 3788 963 3842 nec
1003 3760 1181 3840 canonici
1222 3756 1366 3840 dietam
1410 3761 1560 3839 curiam
1595 3760 1679 3839 sine
1694 3759 1908 3868 quicquam

2 3868 3 3919 3
117 3881 170 3964 de
196 3879 312 3960 bonis
336 3879 420 3957 eius
447 3871 498 3954 ad
525 3899 617 3953 suos
642 3870 704 3951 uel
725 3898 982 3980 quoscunque
1010 3897 1103 3949 rsus
1130 3868 1227 3950 alios
1248 3867 1474 3978 applicandi
1501 3868 1729 3949 facultatem
1757 3869 1907 3980 aliqua,

113 4016 233 4078 tenus
259 3991 402 4070 babeat
430 4013 499 4066 seu
523 3984 645 4063 eciam
674 3975 942 4061 conuertendi.
984 3976 1102 4083 Quod
1130 3982 1162 4059 si
1189 4007 1212 4058 a
1240 4007 1442 4090 quoquam
1471 3993 1748 4087 attemptatum
1777 3979 1904 4061 fuerit.

112 4103 318 4217 preposito
344 4094 479 4181 archid
507 4121 632 4174 acono
670 4110 711 4174 et
745 4087 894 4171 decano
935 4092 1007 4200 qui
1052 4117 1128 4198 pro
1169 4106 1347 4198 tempore
1383 4089 1531 4188 fuerint
1571 4087 1716 4169 dictam
1755 4092 1904 4171 curiam

114 4245 206 4300 cum
234 4213 350 4292 bonis
387 4127 559 4289 eiusdem
602 4232 676 4313 pro
717 4199 852 4283 vsibus
893 4198 998 4281 dicte
1040 4200 1188 4283 fabrice
1228 4197 1434 4284 vendendi.
1476 4201 1632 4310 plenam
1667 4215 1707 4282 et
1741 4198 1904 4282 liberam
1975 4259 1982 4266 -

111 4322 291 4411 concedo
317 4321 553 4402 anctoritate
594 4315 838 4426 presencium
876 4311 1104 4394 facultatem
1139 4312 1243 4396 ltem
1281 4309 1332 4392 ad
1375 4311 1497 4394 altare
1537 4311 1643 4393 beati
1671 4312 1775 4422 petri
1803 4339 1904 4393 mar·

111 4442 203 4522 tiris
230 4440 272 4518 iu
298 4433 460 4515 ecclesia
501 4430 718 4536 lincopeusi
757 4426 833 4505 tria
873 4453 966 4505 vasa
1005 4441 1191 4531 argentea
1233 4453 1311 4506 vna
1349 4451 1438 4505 cum
1479 4442 1630 4535 septem
1666 4421 1904 4505 coclearibus

112 4546 322 4659 argenteis.
350 4571 425 4653 pro
453 4570 533 4622 vno
557 4541 679 4620 calice
704 4533 889 4619 faciendo
916 4537 1021 4617 Jtem
1062 4532 1114 4615 ad
1156 4537 1369 4617 sacristiam
1398 4562 1519 4617 vnum
1546 4563 1685 4642 agrum
1714 4534 1830 4613 situm
1858 4535 1901 4615 in

111 4685 290 4765 ewange.
319 4657 500 4736 Preterea
527 4651 766 4732 breuiarium
796 4676 925 4729 meum
952 4643 1072 4728 vendi
1114 4648 1207 4728 volo
1248 4664 1289 4726 et
1321 4644 1371 4725 de
1398 4647 1532 4756 precio
1584 4643 1760 4726 eiusdem
1784 4673 1901 4726 vnam

107 4773 284 4858 casulam
311 4765 530 4876 comparari
570 4761 730 4845 ecclesie
771 4763 813 4843 in
842 4757 1050 4858 sltrultubit
1090 4754 1368 4840 conferendam
1396 4757 1499 4837 Jtem
1528 4751 1691 4840 domino
1717 4757 1785 4837 W.
1812 4783 1902 4868 pre-

244 4894 418 4969 sumpte«.
435 4892 476 4945 ιι.
1727 4865 1764 4941 4ι
1870 4955 1874 4970 .
