4317 5975
966 446 1024 467 ·-
1135 401 1245 498 302,
1325 446 1383 465 -
1624 403 1627 408 ⁴
2070 472 2074 477 r
2141 353 2144 500 l

269 624 406 708 biliter
433 641 518 706 acta
547 653 639 732 sepe
673 643 884 705 reuocatnr
914 625 955 703 in
983 620 1152 703 dubium
1182 638 1223 701 et
1251 620 1489 702 multociens
1516 647 1539 697 a
1576 618 1741 699 maliciis
1770 618 1966 705 hominum
1992 630 2042 713 in.

237 818 241 839 ¹
270 755 514 845 pugnantur.
543 736 619 815 nisi
650 738 896 843 presencium
926 734 1190 844 prouidencia
1218 748 1372 840 satagat
1399 757 1533 811 rernm
1554 746 1755 838 gestarum
1768 734 1906 816 seriem
1921 736 1970 817 ad
1982 767 2044 821 no-

188 856 196 870 '
234 878 237 888 ¹
268 847 401 927 ticiam
417 845 615 927 deducere
632 865 896 954 posterorum.
934 847 1251 927 idcircotenore
1274 844 1525 952 presencium
1550 860 1691 923 notum
1716 838 1823 923 facio
1843 846 2041 954 quodcum
2142 841 2144 876 ¹

267 959 511 1038 venerabilis
554 976 667 1068 pater
710 958 896 1039 dominns
936 958 1183 1037 Laurencius
1211 955 1275 1036 dei
1316 955 1451 1061 gracia
1487 952 1728 1061 lincopensis
1771 957 2043 1065 episcopusin

130 1086 140 1097 ·
260 1067 474 1177 ¹presencia
504 1068 792 1149 venerabilium
824 1086 983 1177 patrum
1014 1068 1268 1149 dominorum
1301 1065 1456 1147 Nicolai
1506 1064 1727 1144 vsalensis
1767 1066 2044 1180 archiepiscopi

263 1194 307 1263 'et
334 1178 505 1259 aliorum
537 1178 881 1288 suffraganeorum
913 1207 1100 1276 suorum,
1129 1178 1170 1257 in
1200 1176 1373 1259 concilio
1394 1173 1504 1285 apud
1557 1175 1655 1282 elgis
1669 1174 1873 1257 celebrato
1894 1180 2046 1285 peticio·

266 1289 308 1367 ni
337 1318 421 1371 mee
451 1288 921 1372 fauorabiliterannuens
939 1307 1054 1370 meet
1076 1315 1269 1398 personas
1284 1288 1403 1368 michi
1416 1290 1571 1367 iunctas
1594 1314 1674 1396 que
1700 1314 1854 1367 meeum
1876 1286 2044 1373 habitum

263 1426 451 1481 sororum
487 1400 642 1482 ordinis
670 1401 968 1509 predicatorum
998 1402 1077 1510 jam
1115 1413 1410 1508 assumpserant
1453 1414 1493 1477 et
1521 1398 1775 1506 inposterum
1816 1398 1894 1479 sub
1921 1400 2046 1481 eodem
2089 1447 2092 1452 ,

136 1610 142 1623 ·
264 1508 739 1619 habituconiungendas
769 1511 985 1593 dimitteret
1018 1539 1114 1592 cure
1143 1531 1183 1593 et
1212 1510 1395 1620 regimini
1423 1509 1575 1590 ordinis
1603 1506 1826 1618 supradicti
1855 1527 1896 1589 et
1913 1514 2047 1617 promi·
2135 1522 2141 1531 ’

168 1726 169 1731 Ν
262 1624 361 1701 serit
393 1619 505 1731 quod
537 1622 647 1731 apud
678 1622 905 1703 kalmariam
936 1624 978 1703 in
1006 1623 1098 1703 loco
1116 1620 1279 1704 claustri
1302 1618 1412 1732 quod
1429 1620 1469 1699 in
1485 1648 1662 1702 meorum
1679 1622 1948 1703 remissionem
1963 1648 2047 1729 pec·

53 1728 58 1735 ’
265 1750 446 1813 catorum
476 1760 632 1814 necnon
657 1741 696 1815 &
719 1733 889 1817 aliorum
913 1734 1032 1816 micbi
1056 1734 1313 1814 attinencium
1336 1731 1473 1812 diuina
1492 1732 1655 1812 fauente
1671 1732 1885 1812 clemencia
1901 1733 2047 1813 inboani

264 1863 507 1926 construere.
538 1847 786 1926 cimeterium
817 1843 1040 1941 benedicet,
1069 1847 1153 1924 sine
1181 1844 1418 1955 preiudicio,
1441 1843 1687 1951 grauamine,
1715 1858 1756 1921 et
1784 1840 1960 1951 dampno
1985 1841 2047 1923 do·
2141 1905 2142 1940 ,

264 1956 362 2033 mini
405 1956 584 2067 episcopi
635 1957 878 2066 lincopensis
920 1974 960 2036 et
1003 1956 1166 2037 ecclesie
1204 1955 1420 2035 kalmarnie
1463 1969 1503 2033 et
1540 1954 1803 2063 parrochialis
1847 1951 2047 2035 sacerdotis
2136 1968 2142 2066 ἰ·

156 2106 160 2121 ·
264 2057 435 2167 ibidem,
479 2095 635 2149 necnon
672 2085 711 2149 et
755 2068 915 2148 alterius
955 2068 1252 2177 cuiuscunque,
1289 2068 1377 2175 Ego
1413 2079 1536 2173 prout
1570 2066 1623 2145 ab
1658 2068 1747 2171 ipso
1776 2066 1974 2175 requisita
1999 2062 2048 2144 fni

265 2203 407 2257 cauere
437 2176 574 2259 volens
605 2208 654 2259 ne
684 2176 794 2289 quod
825 2179 931 2261 absit
959 2195 1130 2289 propter
1168 2177 1297 2257 futuri
1332 2179 1526 2285 temporis
1560 2193 1729 2259 euentus
1764 2180 1900 2257 varios
1933 2192 1971 2255 et
1996 2178 2049 2255 in·

174 2289 179 2296 ’
263 2306 394 2367 certos
423 2288 570 2371 ibidem
599 2290 750 2371 cultum
789 2290 970 2370 diuinum
1007 2293 1218 2395 contingat
1255 2288 1483 2397 aliqualiter
1518 2286 1721 2397 deperire,
1778 2288 1941 2367 Curiam
1979 2314 2048 2365 me·

233 2418 324 2477 ‘am
348 2398 388 2478 in
420 2400 563 2507 Norby
592 2404 632 2481 in
659 2402 837 2495 Nericia,
866 2402 908 2479 in
944 2430 1023 2509 qua
1054 2403 1261 2481 annuatim
1299 2398 1566 2507 quadraginta
1603 2397 1831 2497 Thinones
1866 2398 2048 2477 seminan-

261 2525 329 2587 tur
357 2510 596 2591 et‘sundum
628 2513 857 2592 monasterii
886 2541 977 2591 cum
1007 2512 1193 2592 omnibus
1221 2506 1387 2617 edificijs
1417 2511 1456 2588 in
1486 2536 1534 2587 en
1562 2510 1807 2591 constructis
1837 2536 1918 2618 que
1940 2508 2048 2618 quin·

262 2637 404 2723 gentas
435 2623 613 2701 marchas
651 2622 906 2703 denariorum
945 2624 1212 2703 constiterant
1251 2648 1326 2700 nec
1355 2647 1437 2700 non
1460 2638 1500 2699 et
1528 2623 1659 2701 omnia
1690 2619 1796 2700 bona
1835 2620 1992 2724 mobilia
2016 2632 2051 2697 et

261 2731 466 2812 inmobilia
494 2735 643 2813 sororis
672 2732 883 2815 benedicte
913 2731 963 2813 de
1006 2736 1189 2841 biergum
1229 2732 1307 2813 filie
1354 2731 1559 2843 quomdam
1601 2730 1824 2812 holmstani
1867 2731 1918 2812 de
1959 2729 2052 2809 bier·

161 2934 169 2949 ‚
260 2869 375 2947 gum,
404 2846 476 2924 sita
492 2844 534 2925 in
550 2845 682 2940 More,
711 2843 990 2950 Andhbyrdia.
1047 2844 1309 2940 Asbolandia,
1338 2842 1525 2924 videlicet
1552 2844 1595 2923 in
1620 2842 1809 2949 biergum
1833 2866 1964 2952 prope
1977 2837 2052 2919 ltal-

261 2952 450 3034 manniam
497 2957 680 3065 quinque
721 2966 977 3052 oras'terrc,
1008 2959 1111 3038 Jtem
1149 2958 1191 3037 in
1229 2955 1413 3064 biergum
1463 2958 1506 3034 in
1556 2952 1817 3062 andhbyrdia
1868 2968 2050 3064 quatuor·

260 3063 386 3143 decim
417 3095 507 3146 oras
540 3082 658 3146 terre.
715 3069 764 3146 ln
794 3069 1053 3176 ysaacsgerde
1082 3096 1207 3148 vnum
1246 3066 1458 3163 colonum,
1513 3068 1564 3145 Jn
1602 3065 1702 3146 silua
1731 3065 1945 3174 wlgariter
1974 3061 2048 3144 dic·

261 3191 300 3253 ta
330 3175 558 3283 bdtaslrogh
587 3194 669 3256 tres
712 3177 888 3258 colonos.
951 3182 1001 3258 Jn
1039 3178 1195 3284 husaby
1231 3175 1434 3259 dimidiam
1465 3176 1669 3256 Marcham
1704 3183 1835 3274 terre,
1892 3177 1942 3254 Jn
1978 3174 2049 3252 sin·
2139 3260 2142 3269 ,

69 3375 76 3388 ,
194 3379 198 3384 ᾖ
261 3283 480 3368 dbrastadh
509 3288 645 3369 decem
676 3315 766 3368 oras
796 3305 920 3382 terre,
948 3305 988 3368 ct
1017 3288 1121 3369 duos
1147 3287 1336 3386 colonos,
1368 3291 1418 3367 ln
1447 3286 1675 3383 nlroehulm,
1707 3313 1778 3367 sex
1814 3314 1908 3367 oras
1935 3303 2056 3374 terre,
2137 3282 2143 3358 ’ἲ

260 3423 339 3502 qne
390 3401 477 3477 inre
520 3399 713 3507 possidet,
755 3416 795 3479 et
830 3399 1012 3506 legaliter
1049 3399 1160 3479 dicto
1209 3401 1299 3480 loro
1348 3415 1390 3477 et
1422 3398 1593 3506 collegio
1621 3425 1808 3479 sororum
1841 3394 2049 3477 kalmarnie
2138 3400 2143 3485 ζ

219 3523 220 3528 ’
260 3507 480 3610 secundum
510 3508 617 3616 leges
651 3527 757 3588 terre
792 3507 1003 3618 deputauit
1032 3509 1082 3590 de
1111 3510 1236 3620 ipsius
1272 3509 1527 3617 beneplacito
1563 3526 1604 3590 et
1640 3535 1842 3590 consensu
1881 3507 2049 3618 plenario
2134 3546 2143 3619 ss

262 3645 337 3722 pro
365 3623 660 3702 sustentacione
689 3623 806 3700 vnius
835 3621 1075 3717 sacerdotis,
1107 3624 1178 3730 qui
1208 3617 1354 3702 ibidem
1392 3620 1531 3700 diuina
1558 3621 1737 3701 celebret
1773 3636 1991 3730 perpetuo,
2015 3630 2050 3695 et
2143 3674 2144 3713 ,

260 3728 378 3807 unius
405 3730 559 3828 clerici,
590 3748 631 3811 et
659 3732 797 3811 samuli
828 3736 952 3842 ipsius
985 3734 1156 3840 assigno.
1184 3735 1469 3841 proprietatem
1486 3749 1526 3813 et
1541 3732 1762 3811 dominium
1785 3729 2049 3840 predictorum
2136 3786 2142 3803 .

260 3837 478 3942 bonorum,
506 3859 662 3923 retento
690 3842 885 3923 duntaxat
914 3844 1119 3924 usufructu
1137 3843 1246 3953 apud
1277 3870 1447 3939 sorores,
1480 3873 1530 3922 ex
1561 3871 1668 3923 nunc
1698 3842 1900 3923 inlocum
1931 3859 2050 3920 trans·
2143 3884 2144 3889 =

261 3949 392 4030 ferens
409 3973 684 4045 memoratum.
742 3954 944 4064 Jta,quod
976 3985 1049 4036 nec
1078 3982 1154 4060 ego
1184 3983 1259 4034 nec
1287 3982 1444 4034 sorores
1465 3954 1564 4035 dicti
1587 3954 1747 4061 collegii
1767 3981 1852 4068 que
1868 3967 2048 4062 protem·
2143 3996 2144 3999 π

260 4089 359 4170 pore
387 4063 538 4143 fuerint
569 4094 641 4146 nec
669 4067 903 4175 quicunqne
931 4066 1031 4152 alins
1060 4065 1142 4145 vllo
1171 4094 1360 4175 umquam
1390 4083 1573 4174 tempore
1603 4081 1869 4174 potestatem,
1901 4092 1969 4143 seu
1998 4060 2051 4140 la·

245 4173 450 4256 cultatem
485 4173 630 4256 habeat
667 4177 818 4285 prelata
859 4178 962 4257 bona
995 4171 1268 4286 permutandi,
1297 4167 1496 4272 donandi,
1533 4175 1753 4272 vendendi,
1783 4169 2051 4265 distrahendi,
2142 4198 2145 4211 ·

259 4311 328 4364 seu
358 4289 506 4396 quouis
534 4287 614 4367 alio
645 4286 763 4368 modo
793 4286 1010 4384 alienandi,
1039 4289 1123 4368 sine
1153 4287 1474 4398 dyocesani‘loci
1503 4291 1656 4368 eteius
1690 4288 1865 4396 capituli
1894 4309 2050 4367 consen·
2143 4318 2144 4321 Ν

258 4423 304 4474 su
342 4413 382 4476 et
425 4397 587 4486 licencia
631 4400 812 4506 speciali,
864 4428 913 4480 ne
957 4402 988 4479 si
1030 4397 1181 4486 dictum
1225 4397 1436 4506 collegium
1480 4397 1590 4508 quod
1632 4397 1737 4479 absit
1781 4427 1882 4480 casu
1925 4395 2052 4504 aliquo
2143 4398 2144 4401 ‘

258 4504 425 4588 dissolui
454 4513 681 4615 contingat,
710 4509 821 4590 locus
861 4508 912 4591 ad
946 4511 1180 4619 prophanos
1206 4537 1300 4591 rsus
1328 4508 1464 4591 redeat
1491 4511 1632 4590 diuino
1660 4510 1788 4590 cultui
1828 4508 2047 4598 dedicatus,

258 4615 347 4696 Hoc
375 4645 531 4728 semper
558 4621 673 4700 saluo
702 4622 813 4730 qnod
846 4623 1025 4704 redditus
1054 4638 1095 4702 et
1125 4636 1347 4730 prouentus
1363 4620 1534 4702 durante
1551 4623 1735 4729 collegio,
1770 4619 1886 4729 apud
1903 4640 2052 4699 sorores
2143 4694 2144 4705 ,

257 4748 487 4811 remaneant
515 4733 775 4838 supradictas,
810 4763 882 4813 nec
905 4762 945 4814 se
974 4734 1120 4842 aliquis
1149 4731 1198 4814 de
1226 4729 1374 4812 eisdem
1391 4735 1657 4840 prouentibns
1675 4747 1715 4811 et
1730 4731 1962 4825 redditibus
1977 4725 2051 4808 col·

252 4828 426 4950 ligendis
451 4859 494 4921 et
522 4833 758 4925 ordinandis
787 4845 1055 4946 intromittat,
1077 4846 1152 4923 nisi
1181 4845 1267 4952 ipse
1294 4869 1452 4925 sorores
1481 4845 1544 4924 vel
1573 4845 1710 4954 quiuis
1738 4844 1846 4924 alius
1875 4843 1927 4924 de
1955 4845 2051 4949 ipsa·

257 4977 345 5033 rum
361 4951 552 5034 mandato
580 4955 756 5066 specialj,
776 4958 826 5037 Jn
855 4961 968 5037 cuius
998 4957 1054 5036 rei
1082 4954 1368 5053 testimonium,
1395 4954 1525 5063 sigilla
1555 4956 1709 5036 domini
1738 4955 1795 5036 .B.
1813 4955 2050 5038 illustrisre·
2137 5008 2144 5045 ,
