4317 5975
703 322 719 436 ’.
797 409 853 434 -.
962 364 1045 475 ⁶59
1157 411 1212 428 ...

105 565 234 668 sentes
275 603 317 667 et
358 586 507 682 lut'nri,
560 586 684 691 Quod
733 617 806 670 nos
855 615 930 698 per
978 573 1192 698 prehiores
1234 606 1276 671 et
1318 586 1577 670 discreciores
1620 587 1751 668 tocius
1793 603 1912 670 terre·

106 696 409 795 wermalandie,
451 726 575 807 super
604 697 747 808 predio
775 700 888 810 quod
919 700 1067 784 dieitur
1096 700 1288 795 fialstafn,
1333 698 1552 781 secundum
1589 697 1679 806 jura
1716 714 1758 778 et
1793 697 1954 809 leges·

106 806 211 889 dicte
241 827 346 890 terre
373 809 709 919 jnuestigauimus
738 813 959 909 racionem,
1006 815 1201 896 veraciter
1224 813 1275 894 ab
1305 811 1494 892 omnibus
1518 808 1809 918 intelligentes,
1838 809 1900 891 di·
1992 895 1997 902 ,

104 936 212 1000 ctnm
243 919 425 1030 predium
456 920 647 1002 uidelicet
675 923 846 1011 fialstafn
876 924 1060 1019 ecclesie,
1088 925 1262 1006 scarensi
1291 925 1377 1004 iure
1406 917 1664 1026 irreuocabili
1682 919 1815 1002 -fuisse
1844 919 1901 1002 le·

104 1032 247 1138 galiter
277 1034 539 1141 assignatum,
578 1031 656 1112 sub
684 1034 760 1114 hac
796 1033 924 1115 forma
953 1046 997 1114 vt
1024 1035 1212 1115 dominns
1242 1037 1466 1144 Episcopus
1494 1034 1704 1126 scarensis,
1750 1031 1901 1113 andree

104 1143 311 1249 jnltanto,
347 1143 458 1255 qnod
488 1142 677 1224 deficeret
704 1150 742 1226 ei
770 1145 822 1228 de
850 1144 993 1254 predio
1027 1145 1140 1256 quod
1170 1147 1413 1252 assignatum
1449 1145 1526 1226 luit
1545 1147 1590 1230 ,ei
1620 1169 1696 1252 pro
1726 1141 1901 1224 lialsta‘ln

103 1253 150 1362 jn¹
173 1258 336 1354 sweoia,
352 1296 358 1308 1
375 1254 692 1338 satisfaccionem
722 1273 999 1366 competenter
1028 1255 1285 1367 adimpleret,
1321 1256 1366 1365 jn
1394 1256 1507 1338 cuius
1536 1254 1596 1366 rej
1625 1254 1900 1337 testimonium

50 1447 64 1464 χ
103 1365 276 1475 sigillum
305 1383 487 1448 nostrum
517 1367 771 1476 presentibus
799 1381 861 1449 est
889 1394 1126 1478 appensum.

147 1512 150 1520 ’
222 1496 227 1508 ’
260 1509 310 1576 Pe
319 1509 515 1596 srdnat‘dan:
541 1511 589 1576 De
611 1512 700 1574 curia
721 1512 754 1574 in
774 1509 954 1596 fialstampn
975 1511 1205 1575 wermillaudie
1228 1531 1249 1574 s.
1272 1510 1400 1572 vendita
1420 1511 1571 1595 episcopo
1593 1503 1738 1573 scarensi.

841 1624 967 1708 sigillet
986 1623 1163 1688 bortfallet.
1278 1624 1280 1633 ’

10 2168 13 2189 1
71 2186 75 2196 .
104 2049 280 2242 '1721t
758 2097 899 2206 1282
945 2097 997 2204 d.
1039 2098 1074 2204 8
1115 2098 1256 2245 Sept.

10 2280 15 2325 ²
92 2298 94 2301 ’
179 2283 341 2430 Edreplrgg
363 2282 501 2430 pdhgntr
516 2284 633 2352 mellan
648 2285 746 2372 siga,
766 2287 897 2374 Lybeck
913 2284 976 2349 och
992 2287 1157 2373 Tyskarue
1175 2287 1186 2349 i
1202 2278 1335 2374 Wisby,
1350 2253 1407 2351 'till
1424 2266 1579 2350 bandelus
1593 2275 1699 2372 ¹skydd
1714 2280 1726 2346 i
1742 2276 1899 2370 detertjdu
1965 2371 1969 2386 ι
2025 2315 2026 2320 1

222 2388 262 2431 00
328 2387 375 2431 m
470 2389 538 2432 mr·
1397 2383 1438 2412 '¹

1461 2473 1466 2484 ·
1571 2451 1605 2510 [ι.
1622 2467 1646 2510 e·
1665 2451 1713 2508 tad
1729 2447 1789 2517 *).”
1924 2463 1957 2492 -t

10 2525 16 2663 f
155 2636 158 2641 4
208 2553 419 2639 Vniuersit
445 2554 551 2638 lianc
580 2553 736 2640 literam
762 2555 1006 2667 inspecturis
1032 2553 1283 2655 aduncatus,
1310 2553 1495 2638 eonsules
1521 2569 1562 2636 et
1589 2580 1803 2636 commune
1829 2552 1902 2634 Ri·
2021 2565 2024 2570 ’

10 2734 14 2777 ,
100 2689 242 2773 genses
268 2665 440 2755 salutem
466 2668 608 2765 ineo,
634 2670 709 2778 qui
736 2671 937 2752 neminem
965 2667 1055 2750 vult
1081 2671 1228 2778 perire.
1650 2689 1654 2696 “
1919 2765 1922 2770 ,

11 2848 12 2892 ,
210 2774 274 2859 Ad
304 2778 492 2862 noticiam
520 2778 701 2861 omnium
728 2796 770 2862 et
796 2779 1048 2889 singulorum
1076 2781 1262 2889 cupimus
1292 2779 1522 2889 pervenire,
1550 2773 1663 2889 quod
1679 2802 1778 2873 nos,
1806 2802 1902 2858 cum

10 2960 16 2975 ,
99 2887 329 2971 reverendis
359 2891 501 3000 utique
527 2891 627 2973 viria
653 2919 701 2974 ac
728 2893 866 2974 smmis
891 2894 1041 2976 uostris
1060 2889 1321 3002 specialibus,
1349 2889 1586 2972 conciuibus
1604 2888 1901 2972 Lubieensibus

10 2997 14 3068 7
98 3027 147 3084 ac
176 2999 512 3089 Wisbucensibus
538 3000 803 3087 Teutboniois
838 3004 1054 3102 uniuersis,
1096 3003 1189 3085 talis
1225 3000 1588 3087 confederacionis'
1605 3028 1735 3081 nexus
1763 2998 1902 3081 'valuit

10 3107 23 3210 ζ
99 3109 307 3209 uidelicet,
334 3114 369 3193 si
405 3112 526 3212 forte,
554 3114 668 3225 quod
710 3115 834 3216 absit,
876 3142 1049 3225 persone
1075 3114 1321 3226 quecunque
1348 3112 1602 3197 sublimiores
1637 3129 1707 3193 aut
1735 3108 1902 3192 iuferio-
1944 3164 1948 3175 ι
2082 3102 2092 3127 '

10 3219 14 3284 7
99 3248 182 3319 res,
221 3225 499 3336 cuiuscunque
526 3224 736 3335 dignitatis
763 3245 837 3309 aut
864 3216 1035 3336 gradus,
1076 3224 1195 3309 nobis
1223 3227 1288 3307 uel
1318 3226 1434 3333 ipsis,
1477 3240 1549 3303 ant
1583 3225 1702 3305 etiam
1730 3221 1901 3333 quibus·

17 3374 21 3379 ·
98 3362 261 3445 cunque
287 3334 633 3433 Tenthouicorum
662 3338 971 3435 mercatoribus,
1005 3355 1190 3421 nostrum
1221 3338 1416 3419 honorem
1446 3332 1707 3443 diligentibus
1721 3350 1776 3415 'et
1791 3360 1902 3525 dpro*

11 3535 12 3552 ἦ
99 3442 268 3545 lectum,
293 3448 337 3529 in
366 3448 571 3557 portubus
598 3449 786 3533 Trauene
813 3450 878 3533 rel
907 3452 1152 3551 Noressunt,
1181 3464 1251 3530 aut
1279 3448 1334 3531 ab
1370 3444 1465 3528 inde
1495 3474 1624 3556 usque
1652 3447 1790 3553 Nogar
1821 3445 1902 3525 iam

11 3557 13 3576 ²
97 3558 140 3637 in
169 3574 258 3639 toto
286 3561 389 3641 mari
414 3559 622 3659 orientali,
649 3561 712 3643 ·iu
746 3560 935 3643 omnibus
971 3560 1173 3669 portubus
1208 3576 1280 3643 aut
1315 3558 1465 3666 navigii
1501 3557 1600 3639 locis
1634 3553 1901 3651 intermediis,

97 3668 279 3751 molestie
305 3666 474 3779 dampni
507 3695 579 3752 seu
618 3675 865 3779 grauaminis
899 3673 970 3781 qui
1025 3700 1117 3751 uam
1152 3669 1382 3767 intulerint,
1424 3666 1526 3750 illud
1563 3684 1604 3749 et
1638 3667 1717 3777 ipsi
1750 3682 1791 3747 et
1827 3690 1903 3754 uos

52 3888 57 3895 .
96 3778 408 3867 reformabimus
435 3798 508 3862 aut
534 3780 775 3863 ulciscemur
801 3699 1085 3863 commodibus
1112 3778 1320 3863 laboribus
1353 3794 1395 3859 et
1431 3778 1635 3885 expensis,
1679 3769 1902 3897 secundum
1940 3856 1943 3871 ,

96 3918 264 3972 suorum
294 3906 607 4001 nostrorumque
634 3893 878 4002 exigentiam
905 3892 1077 3987 iurium,
1106 3906 1231 4002 prout
1257 3891 1376 3971 etiam
1401 3889 1508 3969 inter
1536 3914 1611 3969 nos
1633 3887 1901 3985 communiter

96 4018 159 4085 est
185 4000 429 4085 condictum.
488 4000 672 4085 Predicta
700 4002 1043 4087 confederaciouis
1072 4004 1221 4085 unione
1250 4028 1324 4111 per
1352 4004 1531 4107 integros
1557 4024 1685 4085 annos
1712 3996 1827 4085 VIII,
1858 4010 1901 4077 et

16 4148 25 4161 ·
95 4114 320 4196 continuos
341 4110 611 4196 numerandos
639 4114 681 4194 in
709 4117 896 4224 proximo
923 4111 1131 4202 duratura.
1870 4204 1875 4219 ἦ

210 4225 259 4305 ln
287 4224 402 4308 cuius
430 4224 490 4307 rei
517 4223 765 4307 evidenciam
794 4244 835 4308 et
861 4225 1145 4308 certitudinem
1179 4223 1410 4334 pleniorem
1437 4234 1661 4331 presentem
1683 4214 1900 4300 conscribi

94 4334 266 4420 fecimus
293 4349 444 4417 cartam
474 4352 516 4416 et
543 4335 662 4443 sigilli
698 4340 828 4419 nostri
863 4335 1190 4447 appendictione'
1208 4332 1462 4415 communiri.
1519 4332 1666 4424 Datum
1694 4345 1736 4411 et
1761 4343 1898 4411 actum

93 4473 208 4531 auno
237 4450 371 4558 gracie
398 4444 535 4531 MCC
563 4446 778 4547 LXXXII,
809 4450 852 4531 iu
880 4450 983 4531 lesto
1010 4448 1235 4531 natiuitatis
1261 4444 1425 4529 domine
1452 4458 1606 4539 nostre,

138 4764 167 4841 ·)
185 4758 276 4823 Esser
292 4755 455 4842 originalet
473 4758 487 4824 i
506 4755 642 4847 Lybeeb.
