4317 5975
643 412 1200 503 ,·.-.·ι,63-

97 630 256 714 lacimus
269 628 703 735 ,yniuersitatiaQuod
733 633 1058 741 recognoscimus
1086 640 1140 733 &⁴
1153 634 1391 721 confitemur
1404 635 1680 743 noshabuisse
1696 652 1754 744 ,ct
1779 662 1889 717 rece·

97 743 205 853 pisse,
234 766 281 831 ac
310 740 429 835 nobit
456 742 769 852 integre-datas,
797 744 961 842 solutas,
1000 772 1046 825 ac
1076 762 1302 829 numeratas
1330 749 1465 846 fuisse,
1504 749 1666 851 nomine
1699 740 1891 853 ‚Magistri

97 851 510 964 Nicholaioddulpbi,
538 850 743 965 quondam
773 856 969 939 Canonici
998 858 1206 954 scarensis,
1235 858 1361 943 Cuius
1389 861 1889 969 ,testamenti-ermacorae

95 992 237 1061 sumus,
267 982 469 1073 proutex
484 981 639 1057 ‚tenore
667 968 793 1077 ipsius
813 968 1055 1067 ‘testamenti
1085 983 1269 1076 apparet,
1305 990 1503 1081 exparte
1539 971 1708 1082 capituli
1743 975 1785 1051 s<
1813 970 1889 1073 Ec·

96 1072 205 1167 clesie
237 1077 489 1185 wpsalensis,
511 1094 732 1173 trescentas
760 1080 945 1177 marchas
973 1078 1231 1178 denariorum
1249 1083 1396 1164 vsualis
1410 1096 1570 1164 monete
1598 1100 1746 1187 nostre,
1776 1082 1890 1187 Quas

96 1185 407 1297 quidemssCC,
437 1188 633 1289 marchas,
661 1192 824 1273 Dictum
853 1191 1088 1300 Capitulum
1116 1191 1343 1301 wpsalense
1378 1193 1476 1300 dare
1509 1218 1584 1273 seu
1628 1193 1786 1275 soluere
1828 1210 1890 1275 te·

98 1300 275 1396 uebatur,
295 1297 490 1407 predicto
517 1302 710 1411 magistro
754 1304 816 1387 .N.
860 1301 1072 1412 oddulphi,
1115 1304 1293 1384 Racione
1335 1305 1545 1388 cuiusdam
1595 1305 1890 1401 transactionis,

98 1438 153 1493 ter
181 1412 405 1503 amicabilis
433 1415 758 1523 composicionis,
787 1413 892 1496 lacte
925 1443 993 1496 sev
1023 1414 1140 1521 inite,
1168 1414 1278 1523 inter
1306 1414 1460 1498 dictum
1490 1415 1722 1525 Capitulum
1744 1443 1889 1525 ,irpea-

96 1522 207 1617 lense,
237 1545 295 1611 ex
326 1552 403 1607 vna
432 1530 633 1633 partes&
665 1525 871 1636 prelatum
901 1528 1135 1635 magistrum
1176 1527 1239 1607 .N.
1277 1525 1480 1637 oddulphi
1517 1553 1568 1607 ex
1604 1526 1747 1629 altera
1768 1554 1890 1630 occa-

98 1634 195 1715 sione
224 1635 501 1743 quorundam,
533 1636 748 1736 bonorum,
776 1666 857 1748 que
891 1636 1001 1746 idem
1036 1638 1227 1745 magister
1261 1640 1322 1719 .N.
1365 1638 1582 1747 oddulphi,
1623 1637 1675 1731 ad
1717 1666 1758 1720 se
1799 1666 1890 1747 spe-

99 1762 192 1827 ctare
235 1742 410 1843 dicebat,
460 1748 549 1829 iure
598 1748 845 1831 hereditario
897 1777 970 1859 per
1017 1766 1189 1831 mortem
1222 1748 1358 1830 fratris
1404 1753 1466 1831 sui
1494 1750 1660 1831 Domini
1695 1751 1892 1832 iohannis

24 1952 25 1965 i
99 1855 181 1937 olim
209 1856 520 1959 archidiaconi
548 1859 792 1969 wpsalensis,
819 1862 936 1942 Licet
964 1861 1104 1943 eadem
1135 1859 1244 1941 bona
1281 1860 1458 1942 Ecclesia
1493 1860 1708 1970 wpsalensi
1742 1877 1889 1941 contu·
1922 1901 1926 1912 =
2062 1838 2066 1849 ¹

23 2008 25 2041 i
101 1968 175 2048 lisse
202 1965 433 2066 dicebatur,
460 1970 505 2078 jn
534 1998 606 2053 sua
635 1972 774 2053 vltima
803 1970 1022 2069 voluntate,
1053 1971 1243 2054 facientes
1285 1988 1504 2082 propterea
1527 1973 1668 2053 Dicto
1698 1972 1890 2081 Capitulo
1937 2014 1940 2021 ·

24 2113 25 2121 ¹
101 2079 305 2187 upsalensi
334 2082 576 2190 exequtorio
604 2086 780 2180 nomine,
808 2088 849 2165 a
876 2099 1031 2180 nostro,
1061 2110 1108 2162 ac
1131 2110 1406 2164 successorum
1427 2099 1672 2179 nostrorum,
1706 2082 1756 2163 de
1793 2112 1889 2164 con·

102 2216 204 2271 sensu
232 2191 369 2272 tocius
397 2192 567 2302 capituli
596 2193 737 2290 nostri,
767 2200 806 2273 St
835 2193 1011 2274 Ecclesia
1040 2210 1189 2287 nostre,
1224 2221 1384 2276 necnon
1420 2200 1460 2275 8(
1497 2196 1659 2274 nomine
1693 2192 1889 2274 heredum

104 2302 258 2409 predicti
312 2303 492 2411 magistri
540 2304 602 2385 .N.
645 2333 691 2385 ac
735 2306 914 2384 omnium
937 2309 1000 2384 ,sc
1047 2305 1313 2411 singulorum,
1365 2332 1540 2414 quorum
1594 2306 1776 2412 interest,
1826 2306 1891 2386 vel

26 2435 27 2444 ¹
104 2413 283 2522 interesse
312 2415 475 2522 poterit,
505 2414 702 2522 prelibata
732 2417 903 2523 pecunie
930 2415 1201 2526 quantitatem
1238 2432 1378 2524 petere
1412 2416 1476 2496 vel
1513 2416 1685 2524 exigere,
1721 2409 1746 2496 a
1779 2419 1890 2524 capi·

105 2524 178 2604 tulo
205 2540 445 2621 memorato,
473 2524 605 2625 linem,
633 2528 920 2608 refutacionem
949 2532 991 2605 8ι
1019 2529 1183 2634 pactum
1209 2527 1556 2636 acquitacionem
1590 2521 1818 2634 specialem:
1841 2528 1897 2623 de,

104 2635 252 2718 ulterius
286 2665 381 2741 non⁸
397 2636 583 2745 petendo,
613 2641 653 2718 8r
682 2637 949 2733 absoluentes,
977 2634 1130 2739 dictum
1160 2638 1406 2745 Capitulum,
1435 2642 1476 2718 8t
1508 2636 1729 2718 Ecclesiam
1759 2665 1892 2746 wpsa·

107 2746 248 2843 lensem,
284 2748 513 2856 specialiter
541 2745 592 2829 de
620 2745 758 2831 debito
787 2776 855 2828 sev
881 2748 1137 2855 obligacione
1165 2736 1439 2856 predictarum
1469 2748 1593 2832 ‚CCC
1623 2734 1890 2845 Mancharum,
2019 2802 2023 2807 ⁸

108 2886 190 2969 quas
214 2856 329 2966 idem
358 2856 581 2969 capitulum
617 2859 727 2941 dicto
771 2860 960 2967 magistro
1003 2859 1065 2938 .N.
1105 2859 1269 2939 racione
1306 2860 1498 2968 premissa
1534 2857 1692 2939 soluere
1728 2858 1892 2945 teneba-

109 2989 174 3067 tur,
199 2974 238 3052 &
264 2966 322 3052 de
349 2971 461 3054 omni
497 2968 587 3078 iure
616 2976 655 3054 8(
684 2972 856 3069 actione,
886 3000 933 3052 ac
960 2967 1011 3052 de
1040 2968 1228 3052 omnibus
1256 2997 1303 3050 ac
1331 2969 1513 3078 singulis,
1542 2966 1594 3049 ad
1621 2997 1701 3162 que
1738 2968 1892 3052 dictum

109 3081 327 3191 Capitulum
355 3081 591 3192 wpsalense,
619 3081 829 3192 sepedicto
858 3083 1050 3190 magistro
1078 3081 1141 3162 .Ν.
1170 3079 1386 3190 oddulphi,
1415 3097 1486 3161 aut
1528 3080 1625 3162 bera
1656 3081 1746 3162 ibus
1788 3083 1893 3180 suia,
2009 3184 2011 3187 Ι
2047 3054 2068 3063 ..

110 3223 163 3276 scr
188 3195 309 3276 nobis
337 3213 407 3276 aut
435 3194 600 3276 ecclesie
628 3212 764 3276 nostre
780 3195 987 3286 ,hactenus
1016 3191 1233 3276 tenebatur
1260 3219 1331 3274 seu
1358 3194 1489 3274 teneri
1504 3209 1664 3301 poterat
1677 3193 1895 3286 nomine&

85 3307 307 3388 occasione
336 3306 575 3415 quantitatis
604 3308 785 3416 pecunie,
815 3305 878 3387 vel
912 3305 1218 3399 transactionis,
1251 3321 1323 3384 aut
1356 3303 1644 3413 promissionis,
1681 3331 1752 3384 sev
1789 3303 1894 3384 obli·

113 3419 271 3524 gacionis
323 3415 546 3514 antedicta,
575 3420 615 3496 8<
651 3418 904 3527 Recipientes
945 3416 1114 3525 insuper
1156 3414 1200 3522 in
1245 3441 1331 3510 nos,
1373 3435 1620 3497 successores
1657 3432 1828 3510 nostros,
1856 3420 1895 3494 &

115 3529 312 3610 Ecclesiam
342 3543 523 3612 nostram
562 3555 801 3626 scarensem,
843 3556 982 3610 omnes
1024 3552 1235 3636 expensas,
1277 3524 1466 3635 dampna,
1494 3532 1534 3607 8<
1561 3525 1767 3632 interesse,
1789 3582 1792 3590 ·
1812 3551 1894 3634 que
1974 3549 1978 3554 ’
2089 3553 2096 3561 ’

116 3639 166 3720 tel
202 3667 319 3752 quaa,
363 3637 517 3720 dictum
558 3641 793 3751 capitulum,
837 3669 910 3750 per
952 3665 1026 3720 nos
1068 3652 1140 3718 aut
1180 3636 1386 3718 ecclesiam
1429 3652 1628 3735 nostram,
1676 3635 1897 3753 incurrerit

116 3751 164 3831 tel
187 3752 399 3860 incurrere
428 3752 599 3860 poterit,
628 3753 791 3832 racione
819 3750 926 3833 dicte
954 3749 1238 3831 transactionis
1267 3775 1354 3828 non
1380 3764 1548 3844 seruate,
1578 3772 1647 3830 sev
1682 3749 1895 3829 occasione

118 3862 330 3970 quantitatis
361 3863 532 3971 pecunie
560 3879 777 3944 memorate
806 3863 936 3958 nobis,
967 3861 1129 3942 nomine
1173 3858 1272 3940 dicti
1306 3859 1489 3966 Magistri
1536 3859 1597 3939 .N.
1640 3857 1895 3966 integraliter
2005 3949 2009 3954 .

120 3971 181 4078 iam
205 3974 350 4070 solute,
378 3979 418 4054 St
445 3975 743 4056 Renunciantes
769 3973 814 4082 in
845 3974 926 4055 boc
962 3972 1156 4083 pupplice
1193 3976 1232 4049 8t
1269 3997 1469 4079 expresse,
1507 3986 1657 4066 nostro,
1691 3996 1896 4050 successo-
2026 4021 2031 4032 -

121 4101 460 4181 run-nostrorum,
489 4089 529 4166 a
558 4084 735 4168 Ecclesia
771 4087 915 4166 nostre
946 4085 1121 4178 nomine,
1158 4081 1271 4162 omni
1308 4082 1461 4161 auxilio
1496 4082 1595 4162 iuris
1633 4082 1827 4162 Canonici
1855 4085 1896 4162 8ι
1966 4135 1971 4142 -
2033 4165 2038 4171 ,

121 4195 228 4278 ciuilis
275 4197 494 4308 priuilegio
523 4195 602 4278 fori
650 4195 848 4278 beneficio
897 4195 1170 4277 restitucicuis
1220 4193 1482 4302 inintegrum,
1525 4191 1764 4274 condicione
1809 4188 1896 4273 doli
2029 4241 2033 4248 -
2072 4203 2081 4236 ‘

124 4301 280 4412 indebiti,
310 4314 352 4389 &
380 4309 466 4390 sine
495 4335 626 4404 causa,
655 4306 946 4417 appellacionis
982 4303 1162 4390 remedio
1206 4304 1350 4385 litteris
1393 4302 1625 4412 apostolicis
1667 4302 1895 4412 inpetratis,

125 4443 178 4498 teu
204 4407 484 4529 inpetrandis,·
505 4419 583 4528 legi
618 4414 770 4500 dicenti
807 4419 1035 4528 generalem
1070 4417 1425 4499 renunciacionem
1455 4444 1538 4496 non
1567 4415 1723 4511 valere,
1750 4441 1912 4526 excep-l
1951 4426 1956 4522 j
2073 4398 2084 4464 '-

125 4529 213 4612 cioni
240 4561 324 4613 non
353 4530 458 4640 date,
486 4558 569 4612 non
605 4549 778 4640 recepte,
810 4555 895 4612 non
924 4544 1134 4612 numerate
1176 4528 1360 4638 pecunie,
1402 4531 1442 4606 St
1477 4528 1734 4636 excepcioni,
1780 4524 1897 4636 quod

127 4638 211 4724 dicte
237 4644 409 4752 pecunie
435 4643 654 4753 quantitas,
683 4669 765 4724 non
789 4640 911 4726 fuerit
938 4642 1057 4724 nobis
1084 4639 1351 4750 'integraliter
1379 4638 1597 4746 persoluta,
1632 4645 1671 4718 &
1709 4636 1897 4721 omnihus

129 4749 197 4860 aliis
234 4754 558 4864 quibuscumque
599 4753 912 4862 excepcionibus
954 4782 1027 4864 per
1076 4779 1179 4863 quas
1230 4779 1305 4831 nos
1352 4774 1600 4830 successores
1650 4766 1827 4843 nostros,
1855 4753 1895 4827 8r

131 4861 325 4946 Ecclesiam
355 4883 536 4948 nostram
564 4865 801 4948 skarensem·
825 4893 1030 4974 possemus
1058 4862 1312 4972 inposterum
1341 4874 1483 4941 contra
1521 4857 1747 4968 predictum
1777 4858 1897 4965 Capi·
1969 4873 1980 4881 ”

132 4974 249 5078 tulum,
276 4979 440 5060 racione
468 4977 689 5075 dictarum,
710 4977 841 5074 CCC,
876 4977 1145 5072 Marcharum,
1180 4973 1412 5068 solucionis,
1440 4972 1739 5067 conuencionis,
1766 4986 1897 5053 trans·
