4317 5975
810 426 871 451 ·-
977 384 1062 493 493
1172 414 1260 451 -“
1648 492 1652 507 ,

73 712 77 720 .
136 531 316 747 idcio:
667 541 892 761 *1307
940 616 988 725 d.
1035 616 1305 728 30‘Mars.
1636 578 1922 777 Nykoping.

204 840 388 919 Hertigarre
408 836 508 903 Eam
527 792 589 900 dcli
611 838 813 905 wasnaum
834 836 987 921 messing
997 842 1036 905 cf
1041 798 1244 927 dbyggneder
1258 840 1408 905 insshun
1427 838 1599 925 tillBislop
1611 842 1688 907 Lars
1708 846 1718 905 i
1740 846 1924 934 Linkdping,

256 924 328 985 med
348 942 466 985 mma
487 920 633 1001 seihero,
654 940 721 1030 ⁸.⁰¹⁰
742 922 782 985 de
802 921 842 985 ai
857 921 946 985 daras
967 924 1074 1006 iader,
1094 925 1231 1009 Konuag
1252 928 1394 1008 Magnus,
1416 925 1519 989 blilvit
1539 925 1656 989 bouum
1680 928 1821 993 sollerte.

1661 1036 1793 1115 Mla
1854 1035 1856 1041 ’
1918 1100 1922 1109 ,

232 1170 435 1255 Omnibus
465 1198 638 1283 presens·
655 1174 851 1283 scriptum
878 1175 1149 1258 cernentibus.
1180 1178 1329 1258 Emcus
1357 1191 1399 1255 et
1426 1200 1712 1269 wasneumus
1741 1179 1806 1262 dei
1835 1212 1926 1299 gra·

125 1286 185 1366 cia
213 1281 336 1365 duces
363 1311 565 1365 sweorum
593 1282 763 1365 salutem
785 1287 835 1367 *in
864 1284 1030 1366 domino
1058 1288 1341 1397 sempiternam
1371 1286 1567 1368 Constare
1582 1289 1768 1372 volumus
1796 1298 1926 1375 omni·

42 1478 47 1483 ,
124 1396 202 1478 bus
228 1393 441 1485 euidenter
468 1394 578 1507 quod
608 1394 830 1477 venerabili
860 1399 968 1505 patri
996 1397 1115 1480 nobis
1148 1402 1190 1480 in
1220 1400 1371 1481 cbristo
1399 1398 1612 1482 Carissimo
1638 1400 1804 1483 domino
1842 1404 1927 1485 lau·

123 1510 264 1589 reneio
292 1506 358 1589 dei
385 1512 519 1618 gracia
556 1506 665 1590 linco
720 1510 779 1589 nsi
816 1509 1007 1618 episcopo
1049 1511 1238 1593 Colonias
1265 1510 1309 1620 jn
1340 1508 1560 1593 nessiohult
1601 1513 1710 1593 sicut·
1735 1531 1813 1595 tcm
1846 1518 1927 1597 ori·

102 1618 205 1700 'bus
232 1618 431 1700 karissimi
459 1621 587 1728 patris
616 1646 691 1699 nos
709 1620 745 1700 ri
772 1620 894 1727 Regis
922 1624 1053 1732 magni
1084 1621 1240 1704 easdem
1272 1622 1439 1703 liberius
1466 1621 1626 1719 babuit,
1655 1622 1780 1705 libere
1809 1545 1927 1709 ‹luxi-

23 1756 32 1767 ·
125 1759 214 1813 mus
242 1728 522 1813 concedendas
549 1734 813 1864 Quaprppter
841 1732 1077 1812 mandamus
1105 1736 1260 1817 colonis
1301 1732 1494 1842 predictis
1530 1733 1607 1815 sub
1636 1750 1808 1841 optentu
1837 1768 1929 1847 gra·
1963 1732 1973 1748 '

125 1845 186 1925 cie
211 1860 353 1924 nostre
381 1844 548 1923 firmiter
577 1861 617 1924 et
644 1840 826 1933 districte
853 1859 1055 1953 quatenus
1100 1844 1239 1925 Eidem
1267 1846 1332 1927 uel
1362 1873 1436 1926 suo
1465 1862 1577 1925 certo
1619 1848 1769 1927 nuncio
1798 1854 1940 1941 omni-K

125 1951 284 2035 modam
315 1956 511 2035 iusticiam
540 1955 824 2035 Reuerenciam
852 1970 894 2035 et
924 1953 1199 2037 obedienciam
1229 1955 1358 2040 lacere
1387 1984 1470 2035 non
1497 1956 1691 2037 'omittant
1706 1978 1830 2065 prout
1857 1990 1930 2045 no·
2066 2005 2079 2016 ·

125 2083 249 2147 stram
278 2068 433 2147 euitare
462 2066 666 2147 uoluerint
694 2064 899 2147 ulcionem
942 2066 1141 2147 Volumus
1169 2067 1294 2149 eciam
1324 2095 1372 2147 ac
1401 2068 1567 2147 firmiter
1609 2070 1855 2176 precipimus
1886 2092 1931 2156 ut

126 2180 160 2259 si
188 2180 280 2289 quis
308 2177 541 2259 officialium
583 2194 816 2258 nostrorum
860 2178 1077 2287 quicquam
1121 2177 1171 2259 de
1215 2178 1382 2285 prefatis
1424 2176 1578 2259 colonis
1616 2181 1693 2259 iam
1722 2180 1929 2266 leuauerat

127 2290 267 2373 Eidem
298 2289 463 2370 domino
492 2288 717 2400 lincopensi
746 2288 848 2370 illud
876 2289 962 2367 sine
990 2290 1104 2397 omnj
1132 2290 1458 2373 contradiccione
1474 2290 1683 2371 restituere
1713 2318 1794 2373 non
1811 2301 1929 2377 omit·

128 2418 189 2482 tat
217 2403 367 2482 Datum
395 2400 574 2511 nicopie
602 2404 721 2485 Anno
750 2399 906 2508 domini
933 2399 975 2481 M
1004 2400 1105 2482 CCC
1135 2403 1306 2512 septimo
1334 2404 1476 2513 quinta
1506 2400 1571 2483 die
1600 2401 1758 2510 pasche.
1875 2434 1887 2449 ·

139 2797 307 2921 1541.
759 2794 909 2939 1307
957 2792 1031 2900 d.·
1059 2834 1127 2902 10
1174 2796 1298 2944 Apr.
1576 2722 1930 2915 Benhammar.

210 3016 362 3078 launna
381 2996 569 3081 Pamnssosi
593 3014 948 3104 morgongllrobrelpl
968 3017 1092 3089 Watba
1124 3017 1174 3080 till
1205 3019 1250 3080 sia
1284 3016 1583 3102 hostensis-gitta,-
1605 3015 1709 3080 dotter
1741 3019 1778 3080 af
1793 3020 1932 3100 Lagman

262 3099 329 3162 Nlla
349 3101 359 3160 i
380 3101 529 3164 warena
2022 3138 2026 3145 ·

1678 3183 1713 3237 Α.
1730 3185 1757 3237 6.
1775 3201 1798 3236 a.
1881 3191 1890 3200 '
1917 3246 1924 3252 ι

243 3317 453 3398 Vniuersis
481 3333 685 3427 presentes
714 3316 867 3400 litteras
894 3316 1154 3429 jnspecturis‚
1190 3321 1445 3402 lanwannus
1471 3343 1635 3400 rmmrm
1663 3318 1789 3417 filius,
1818 3316 1934 3399 Sald-

133 3449 214 3512 tem
244 3431 288 3510 in
317 3427 482 3511 domino
509 3433 815 3540 sempiternam,
856 3427 1017 3510 Terrore
1052 3433 1303 3540 presencium
1334 3431 1502 3538 singulis
1531 3456 1615 3511 esse
1644 3430 1738 3512 volo
1768 3431 1933 3510 manife-
2044 3471 2050 3482 ·

13 3581 14 3584 Ν
125 3543 258 3638 stum,
306 3567 371 3622 me
411 3541 565 3622 curiam
612 3569 740 3622 meam
781 3540 904 3622 vatba
944 3569 1037 3622 cum
1084 3543 1271 3624 omnibus
1300 3559 1340 3622 et
1368 3541 1536 3650 singulis
1564 3541 1615 3623 ad
1643 3569 1730 3622 eam
1760 3540 1810 3624 de
1838 3543 1936 3631 Jure

111 3653 407 3762 ‚spectantibus
435 3655 539 3734 sicut
566 3681 652 3735 eam
683 3651 888 3762 possideo,
916 3654 1033 3742 virori
1062 3681 1149 3734 mee
1178 3652 1397 3761 predilecte
1426 3649 1614 3759 birgitte‚
1651 3652 1809 3736 Nicolai
1837 3653 1936 3760 legi·
2092 3721 2095 3726 ,

16 3797 22 3808 ’
132 3765 208 3846 seri
237 3764 443 3875 quondam
472 3763 662 3845 verendis
691 3763 790 3860 lilie,
818 3761 1042 3844 donacione
1075 3781 1245 3871 propter
1274 3768 1443 3872 nupcias
1465 3763 1516 3845 de
1532 3763 1740 3845 voluntate
1768 3781 1810 3844 et
1838 3791 1935 3844 con·
2052 3779 2072 3824 '=

99 3904 249 3957 -sensu
279 3876 406 3984 patris
433 3878 513 3956 mei
540 3874 739 3956 karissimi
766 3873 919 3955 domini
947 3873 1121 3981 philippi
1150 3901 1339 3983 expresso
1360 3873 1515 3956 dedisse
1543 3889 1585 3956 et
1612 3873 1830 3982 assignasse
1858 3875 1934 3956 sub

132 3989 210 4069 hac
238 3985 478 4068 condicione
536 3984 809 4082 ossidendam‚
852 3982 978 4088 Quod
1005 3987 1038 4064 si
1066 3985 1195 4092 ipsam
1240 4013 1402 4082 vxorem
1446 4012 1570 4066 meam
1613 4001 1706 4064 ante
1745 4013 1806 4066 me
1849 3987 1944 4066 sine‘

133 4099 250 4209 prole
279 4124 364 4178 mea
394 4014 598 4180 discedere
634 4097 871 4206 contigerit,
914 4123 990 4204 ego
1026 4095 1134 4177 bona
1175 4097 1408 4207 supradicta
1451 4095 1648 4178 redimere
1691 4114 1830 4177 tenear
1860 4124 1935 4204 pro

132 4207 405 4324 quadraginta
439 4209 611 4289 Marchis
654 4209 809 4316 argenti
853 4209 966 4318 puri,
1009 4209 1043 4288 si
1074 4223 1260 4292 rero'me
1303 4210 1416 4318 prius
1445 4208 1496 4288 ab
1525 4209 1600 4290 hac
1628 4207 1718 4288 luce
1747 4207 1936 4314 dominus
1971 4271 1974 4274 .

117 4323 342 4404 ‘vomuerit
370 4319 591 4429 predictam
620 4321 771 4400 curiam
808 4347 901 4401 cum
942 4319 1132 4400 omnibus
1159 4320 1236 4401 sibi
1278 4321 1555 4403 adiacentibus
1601 4319 1804 4430 possideat
1834 4345 1936 4398 vxor
2036 4405 2038 4410 ,

74 4428 80 4439 ’
133 4461 223 4516 mea
252 4431 504 4542 supradicta,
531 4430 575 4511 Si
602 4447 736 4515 autem
765 4429 815 4512 de
845 4432 931 4540 ipsa
963 4459 1049 4512 mea
1092 4458 1217 4514 vxore
1248 4432 1413 4542 birgitta
1444 4431 1597 4541 prolem
1640 4457 1854 4539 suscepero
1884 4429 1936 4511 ad

130 4571 224 4634 eam
253 4559 473 4654 memorata
502 4541 610 4623 bona
644 4543 734 4651 jure
763 4559 946 4625 materno
976 4542 1266 4642 deuoluantur,
1295 4547 1346 4625 Jn
1376 4546 1497 4625 huius
1525 4558 1657 4622 autem
1680 4568 1765 4622 mee
1793 4539 1937 4624 volun·

125 4658 230 4770 ‘tatis
257 4656 530 4736 testimonium
559 4671 601 4736 et
628 4653 878 4736 euidenciam
914 4653 1140 4763 pleniorem
1183 4685 1261 4737 vna
1290 4685 1380 4736 cum
1409 4653 1548 4761 sigillis
1577 4653 1786 4734 Nobilium
1828 4654 1937 4734 viro-

37 4765 71 4784 ”
135 4797 226 4850 rum
255 4765 511 4849 dominorum
539 4767 716 4878 philippi
745 4767 870 4876 patris
899 4768 977 4848 mei
1005 4767 1201 4848 karissimi
1230 4765 1369 4848 kanuti
1397 4765 1585 4872 jonsson‚
1628 4766 1764 4874 Magni
1793 4791 1937 4874 grego·

135 4880 288 4978 risscn‚
321 4877 512 4961 Falconis
539 4880 729 4990 jonsson‚
757 4875 944 4988 philippi
968 4873 1277 4990 jngiualdsson,-
1308 4893 1349 4958 et
1378 4875 1531 4958 domini
1559 4875 1937 5050 lobannisepresbi·
2052 4935 2060 4944 -

274 5005 320 5062 ευ.
338 5006 458 5080 upon
471 5007 518 5070 11.
702 5078 705 5082 ι
965 5016 967 5018 ·
