4317 5975
1058 331 1309 440 -m
1418 375 1474 396 .,
2070 438 2072 554 X

365 557 553 655 iecerint,
581 554 859 665 cujuscunqve
886 552 1152 650 conditionis,
1178 568 1308 636 statne
1333 551 1397 636 rel
1425 551 1858 663 professionisfuerint,
1880 561 1921 642 ab
1940 567 2044 676 inps..
2071 593 2072 641 ι

367 669 573 766 Ecclesiae,
615 667 744 774 dopec
773 667 927 748 Curato
958 667 1036 749 loci
1071 665 1318 748 oblationem
1353 663 1490 747 taliter
1517 682 1746 778 perceptam
1772 670 1810 750 in
1916 677 2072 779 itm}

365 781 539 878 tuerint,
582 794 630 858 ut
663 781 847 890 superius
885 795 945 860 est
979 803 1234 888 expressum,
1279 779 1469 860 noverint
1500 805 1542 860 se
1575 798 1798 888 suspensos,
1894 789 2072 876 uim*

366 919 585 1004 suspensus
614 891 656 972 in
685 889 807 998 hujus
836 889 1060 972 illusionem
1090 890 1230 972 statuti
1259 889 1476 974 Ecclesiam
1506 889 1676 1000 ingredi,
1703 907 1773 972 aut
1797 893 2072 984 Ecclesiastico*

366 1019 569 1090 eramenta
597 1019 794 1100 tractare,
824 1004 1131 1112 praesumpserit,
1160 1029 1238 1110 pro
1264 1003 1515 1106 contumacip
1534 1001 1656 1082 trium
1673 1029 1878 1086 marcarum
1895 1035 2072 1115 pnoaupv

366 1117 416 1200 lis
443 1129 613 1212 monetae
641 1117 846 1224 puniatur.
902 1115 1029 1195 Porro
1056 1115 1091 1193 si
1117 1114 1347 1224 quempiam
1374 1111 1732 1220 suffraganeorum
1752 1112 2072 1206 nostrmuninus'

85 1275 86 1290 .
213 1291 220 1310 .
366 1255 421 1312 nn
466 1227 658 1336 parocbia
701 1227 836 1308 missas
875 1223 1085 1306 celebrare
1119 1225 1358 1332 eontigerit,
1398 1223 1715 1334 capellaniam,
1757 1229 1971 1336 permissione
1987 1232 2050 1341 bu'p

368 1339 520 1435 statuti,
546 1337 794 1418 oblationem
823 1335 1001 1417 totaliter
1029 1336 1277 1445 percipiant,
1306 1336 1383 1416 nisi
1410 1334 1496 1416 dies
1522 1336 1615 1418 talis
1643 1333 1778 1433 luerit,
1805 1339 1843 1418 in
1872 1369 1936 1450 qua
1955 1343 2073 1424 Contu*

219 1505 247 1560 '²'
367 1445 2051 1668 utillud1tll¹ll¹¹}l.f⁰.⁰.³l‘.t..⁰.tltlli''lalltll‘llllll'l

337 1705 340 1714 ·
370 1688 469 1786 pote
498 1671 655 1750 ratione
684 1669 962 1781 exequiarum,
993 1665 1338 1750 introductionum
1367 1684 1463 1778 post
1490 1688 1665 1778 partum,
1692 1697 1760 1752 seu
1789 1673 2052 1780 etiamnuptiarm

369 1787 591 1871 Stamimm
619 1787 779 1892 insuper
805 1801 851 1864 ut
878 1781 1012 1862 nullus
1037 1783 1281 1862 Clerieornm
1308 1785 1487 1881 calmem,
1528 1783 1708 1864 tabulam
1742 1788 1969 1880 imitatorium,
1992 1786 2051 1865 tta

369 1898 440 1980 oet
465 1897 559 1976 alio·
576 1911 812 1974 ornamenta
840 1891 1030 2006 13ch
1057 1894 1115 1972 nd
1134 1899 1307 2001 privata
1332 1911 1372 1974 et
1402 1893 1616 2004 prophano
1647 1896 1737 1976 loco
1768 1897 1837 1976 &c
1896 1893 2052 2001 Indulgens

358 2027 503 2112 tamen
532 2003 802 2086 nobilioribus
831 2019 876 2084 ut
903 2001 1023 2084 semel
1054 2000 1116 2083 vel
1147 2003 1228 2098 bis,
1256 2005 1289 2084 si
1319 2031 1478 2086 neeesse
1505 2002 1557 2084 ad
1579 2005 1697 2112 ipsos
1725 2006 1895 2086 Ecclesia
1916 2003 2052 2086 laeam

370 2131 621 2200 ornamenta.
691 2115 914 2196 statuimus
941 2114 1060 2194 etiam
1089 2130 1130 2195 et
1164 2113 1435 2222 publicamus,
1476 2115 1589 2226 quod
1618 2115 1793 2226 quilibet
1817 2115 1974 2198 Sacerdos
1990 2116 2053 2222 llpa

371 2229 505 2310 liensis
534 2228 775 2324 Provinciae,
820 2223 1099 2336 cujuscunque
1127 2241 1273 2324 status,
1312 2226 1560 2308 conditionis
1587 2229 1650 2308 rel
1678 2229 1889 2308 eminentie
1910 2224 2054 2320 fueriti

371 2367 462 2422 cere
483 2355 669 2420 teneatur
696 2337 768 2418 has
795 2337 1041 2446 subscriptas
1070 2338 1207 2419 missas
1233 2339 1444 2448 speciales,
1472 2339 1642 2447 singulis
1669 2342 1803 2435 annis,
1841 2365 1940 2419 unam
1960 2335 2054 2418 deSu

370 2469 435 2534 cta
464 2449 683 2546 Trinitate‚
711 2464 752 2532 et
780 2449 898 2530 aliam
927 2449 979 2530 de
1007 2447 1124 2530 beata
1144 2450 1335 2558 Virgine,
1372 2475 1451 2560 pro
1476 2451 1654 2530 Domiam
1680 2451 1791 2560 Rege
1816 2466 1854 2529 et
1876 2465 1962 2529 statu
1979 2449 2054 2552 tgr,

373 2577 416 2643 et
443 2563 607 2643 tertiam
633 2557 686 2642 de
714 2561 870 2642 Sanctis
898 2560 1134 2642 Martiribus
1161 2562 1283 2642 Erico
1310 2561 1421 2670 Rege
1449 2576 1490 2640 et
1517 2560 1697 2642 Heorico
1727 2563 1913 2671 Episcopo
1934 2573 2055 2668 prona

371 2672 540 2758 Cereliae
566 2687 607 2752 et
633 2687 822 2782 quartam
852 2699 930 2781 pro
959 2672 1090 2752 animo
1118 2671 1245 2754 felicis
1274 2673 1474 2754 memoriae
1510 2673 1672 2752 Domini
1702 2673 1845 2780 Magni.
1877 2675 2055 2750 Verumanu

371 2785 434 2866 bre
464 2783 681 2893 praelibetae
708 2785 836 2864 misam
864 2781 916 2864 ab
951 2783 1143 2866 omnibus
1171 2800 1213 2864 et
1247 2785 1415 2893 singulis
1448 2783 1720 2865 Ecclesiarum
1755 2783 1963 2864 Rectoribua
1982 2779 2056 2857 etta

372 2897 472 2978 ratis
499 2893 751 2977 celebrandae
778 2909 872 2974 sont
901 2894 1139 2990 solenniter,
1176 2895 1515 3004 praenuntiatione
1543 2896 1701 3005 populo
1733 2896 1933 3007 praemissa,
1953 2887 2057 2997 tenpui

373 3010 450 3093 bus
479 3008 629 3117 quibus
658 3006 838 3087 locorum
867 3006 1082 3088 ordinariis
1111 3006 1190 3087 boc
1219 3010 1347 3088 visum
1386 3006 1511 3087 luerit
1545 3006 1760 3117 expedire:
1805 3008 1876 3089 hoc
1899 2996 2058 3118 salsoqul

252 3160 257 3173 ·
373 3122 492 3203 musa
522 3118 685 3199 Donrini
713 3119 834 3227 Regis
861 3118 997 3225 Magni
1024 3144 1184 3226 semper
1212 3118 1440 3199 celebretur
1468 3122 1557 3227 ipso
1589 3118 1656 3199 die
1684 3118 1932 3199 anniversarii
1957 3108 2059 3204 cuim

372 3228 539 3342 aliquod
569 3220 713 3310 festum
741 3230 1004 3326 interveniat,
1036 3232 1195 3310 ratione
1221 3229 1338 3337 cujus
1366 3228 1474 3310 dicta
1502 3234 1620 3311 missa
1649 3232 1692 3309 in
1723 3232 1843 3311 alium
1868 3228 1955 3309 dmm
1973 3219 2060 3302 tulo

372 3357 461 3445 tur,
508 3339 777 3421 Concedimus
805 3340 924 3421 etiam
953 3344 1195 3421 auctoritate
1218 3341 1341 3449 hujus
1366 3342 1470 3421 sacri
1506 3340 1667 3422 concilii
1696 3328 2059 3449 indulgentiamssdl

373 3480 463 3533 rum
492 3452 682 3533 omnibus
710 3466 751 3531 et
779 3450 945 3557 singulis
972 3455 1044 3560 qui
1072 3480 1120 3531 ex
1138 3452 1367 3533 ‘devotione
1395 3451 1594 3533 dictarum
1623 3453 1832 3533 missarum
1859 3452 1916 3533 rel
1937 3437 2061 3551 cujolibt

373 3588 510 3643 earum
540 3560 732 3641 solenniis
758 3560 1011 3658 interfuerit,
1047 3560 1280 3671 ubicunque
1308 3590 1394 3658 eas,
1423 3578 1470 3640 ut
1498 3564 1781 3671 praemittitur,
1824 3547 2061 3667 contigeritoelr

373 3672 496 3755 brari.
571 3672 630 3753 De
665 3672 909 3780 Captivitate
944 3672 1212 3753 Clericorum:
1234 3674 1307 3753 ·In
1340 3674 1522 3781 maligno
1556 3680 1628 3755 Sic.
1664 3702 1796 3785 usque
1830 3674 1870 3753 in
1901 3672 1997 3751 finan.
2036 3658 2062 3735 ll

373 3812 494 3895 prena
525 3780 849 3863 subtrahentium
878 3782 985 3865 bona
1011 3782 1305 3893 Episcoporum
1335 3780 1663 3867 decendentium:
1694 3793 1793 3867 item
1811 3769 2062 3865 statuncula

362 3900 516 3999 functo
544 3892 585 3975 E
612 3900 740 4005 iscopo
769 3900 843 3975 tac.
872 3922 1001 4007 usque
1030 3898 1070 3975 in
1099 3896 1232 3978 linem.
1287 3896 1349 3975 De
1378 3922 1499 4003 poena
1526 3898 1818 4005 captivantium
1840 3921 1954 4005 regem
1966 3880 2062 3968 scutit

374 4008 417 4087 in
444 4032 535 4087 eum
594 4004 904 4115 alloquentium:
945 4006 1200 4091 Eceorobr'lis
1234 4012 1483 4119 praesumtio,
1510 4034 1639 4119 usque
1666 4010 1711 4089 in
1741 4010 1867 4091 finem.
1916 4006 1985 4087 Rea
2000 3988 2064 4076 eud·

374 4145 441 4201 rus
469 4142 597 4226 usque
625 4118 668 4199 in
696 4116 826 4201 linem.
965 4118 972 4129 '
