4317 5975
714 383 725 401 '
798 422 855 446 -
965 380 1090 517 lm,-
1159 427 1217 449 ···

101 603 216 689 laicis
244 603 287 691 in
314 603 518 715 Norvegia
559 605 807 703 constitutis,
851 606 998 692 turcus
1026 606 1101 701 Dei
1130 606 1264 715 gracia
1293 598 1379 689 dux
1406 602 1630 707 Sveouuru,
1666 611 1833 695 salutem
1864 614 1908 697 in
1968 660 1975 673 ·

106 714 274 803 domino
301 717 605 825 sempiternam,
631 720 823 828 qvoniam
852 719 1087 826 magnificus
1129 721 1317 827 princeps
1345 718 1531 801 domiuus
1558 737 1743 831 etpater
1771 742 1909 809 noster

104 830 331 915 carissimus
357 827 783 939 dominusflaqviuus
811 829 887 910 Dei
914 830 1048 937 gracia
1077 830 1164 910 Rex
1191 831 1402 939 Norvcgiae
1433 828 1646 937 praedictus
1667 832 1796 917 voluit
1823 866 1910 920 om·

104 944 172 1025 nia
201 958 339 1025 tenere
397 969 446 1020 ro
472 938 583 1023 hono
611 940 741 1048 pacis,
769 967 848 1052 qve
876 939 1064 1023 condicta
1093 940 1273 1037 fuerunt,
1303 942 1569 1050 interipsum
1598 964 1639 1026 et
1674 948 1910 1055 praeclarum

103 1054 331 1166 principem
359 968 567 1135 dominum
595 1051 642 1134 E.
669 1052 819 1163 Regem
848 1053 971 1134 Dacic
999 1052 1215 1149 illustrem,
1244 1050 1444 1135 sedidem
1470 1052 1759 1143 domiuusRex
1787 1062 1912 1142 Dacie

104 1163 382 1279 placitacionis
408 1186 480 1245 sue
502 1164 709 1244 immemor
737 1191 784 1245 ac
813 1162 905 1244 fidei
933 1161 1113 1245 daciouis
1141 1164 1297 1244 firmate
1339 1165 1443 1243 inter
1472 1165 1579 1269 ipsos
1607 1184 1647 1248 et
1675 1197 1813 1252 eorum
1848 1200 1914 1255 re-

105 1305 185 1387 gua
223 1290 347 1386 prout
389 1274 433 1355 iu
475 1273 602 1355 literis
642 1302 767 1386 super
807 1273 886 1355 hoc
918 1274 1112 1356 confectis
1154 1274 1313 1384 plenius
1341 1275 1592 1374 continetur,
1634 1297 1808 1362 castrum
1838 1280 1912 1364 do·

107 1388 213 1469 mini·
236 1387 363 1479 nostri
384 1385 496 1495 regis
523 1385 700 1492 Huguini
729 1384 913 1496 praedicti
943 1386 1050 1467 inira
1084 1402 1249 1493 treugas
1277 1399 1318 1464 et
1346 1401 1487 1466 contra
1529 1386 1698 1471 sormam
1743 1393 1912 1503 placita·

106 1500 236 1583 010010
263 1499 305 1578 10
334 1524 419 1578 non
447 1494 648 1578 modicum
673 1494 979 1597 scandalumet
1005 1493 1224 1605 dampnum
1254 1496 1315 1575 sui
1345 1512 1386 1577 et
1413 1525 1578 1578 suorum
1606 1519 1758 1583 armata
1787 1533 1911 1587 mauu

107 1608 330 1694 combussit
359 1610 519 1718 penitus
546 1624 588 1688 et
616 1606 816 1691 destruxit
863 1607 1099 1689 raeterhauc
1115 1607 1421 1717 placitacionem
1439 1608 1733 1693 rationabiliter
1754 1614 1938 1715 iactam,¹

108 1720 190 1804 tide
218 1718 349 1802 media
380 1720 506 1829 ipsius
531 1735 586 1802 et-
604 1719 802 1802 nobilium
830 1638 880 1801 de
908 1746 1036 1829 regno
1064 1747 1138 1801 suo
1154 1718 1361 1799 manifeste
1389 1736 1430 1799 ct
1459 1720 1623 1829 publice
1638 1723 1912 1833 infringendo,

108 1833 226 1916 vohis
253 1830 444 1913 omuibus
470 1830 512 1911 ct
539 1831 708 1941 singuiis
735 1832 844 1913 bona
874 1829 952 1913 fide
979 1830 1247 1927 consulimus,
1277 1848 1323 1911 ut
1343 1830 1473 1939 ipsum
1490 1831 1698 1916 dominum
1730 1854 1913 1920 nostrum

107 1972 243 2055 regem
272 1940 701 2040 efficaciterindueatis
729 1958 776 2024 ut
804 1941 959 2023 nullum
989 1941 1040 2024 de
1070 1943 1298 2023 fautoribus
1313 1943 1593 2037 suisvelsibi
1623 1944 1827 2029 adhaerere
1842 1977 1913 2030 ro·

109 2054 287 2139 lentibus
315 2055 479 2136 racione
506 2052 628 2163 hujus
657 2054 932 2163 placitacionis
960 2050 1011 2134 de
1042 2081 1167 2162 regno
1189 2080 1263 2137 suo
1278 2072 1482 2135 removeat
1509 2055 1572 2137 vei
1601 2058 1814 2158 excludat,
1842 2061 1915 2143 sed

191 2169 254 2250 ius
281 2191 422 2246 omnes
447 2190 549 2275 qvos
578 2165 763 2248 obtinere
792 2165 954 2274 poterit,
983 2164 1167 2273 colligat,
1209 2179 1347 2245 teneat
1374 2164 1581 2249 honestius
1609 2185 1650 2249 et
1679 2188 1914 2279 pertractet.

109 2195 261 2361 ffium
289 2278 509 2359 Wazstenc
536 2278 658 2359 Auno
685 2275 839 2359 domini
866 2278 907 2360 M
934 2276 1048 2361 CCC.
1076 2278 1144 2359 Vl.
1173 2276 1239 2358 die
1266 2274 1411 2359 Sancte
1440 2277 1661 2362 Katherine
1688 2282 1880 2391 Virginis

33 2867 36 2875 Ι
124 2740 285 2845 1520.
511 2894 515 2899 ι
746 2734 889 2842 1306
935 2733 985 2841 d.
1034 2770 1104 2881 27
1152 2736 1293 2841 Nov..
1508 2735 1513 2747 ’
1598 2736 1916 2843 Stockholm.

197 2936 351 3023 Samnio
371 2955 409 3020 af
425 2956 576 3042 llessleby
596 2957 659 3021 och
681 2955 759 3020 haus
778 2956 889 3020 hustru
910 2958 1120 3023 Mnesteris
1140 2966 1220 3019 sanat
1241 2954 1330 3018 clerus
1360 2955 1460 3038 dirige
1482 2954 1669 3039 Sltgtingars
1690 2956 1859 3038 gtfvobret'
1877 2960 1917 3043 pt

246 3041 314 3122 jord
336 3041 347 3102 i
367 3041 466 3124 Gryta
487 3052 568 3104 00101
589 3041 598 3103 1
619 3042 778 3122 Rusberga
799 3043 810 3103 i
830 3040 1083 3119 Westmanlsud‚
1104 3041 1195 3124 jemte
1215 3039 1256 3101 50
1279 3039 1367 3103 mark
1396 3040 1579 3125 penniogar,
1610 3043 1656 3103 till
1678 3041 1711 3104 S.
1733 3043 1824 3104 Clara
1847 3041 1918 3105 llo-
2032 3047 2053 3102 ’,

245 3136 317 3204 ster,
337 3125 349 3186 i
370 3123 491 3188 hvittet
511 3122 632 3188 dottrcu
651 3125 803 3206 Kettilldg
816 3125 990 3205 ingittsom
1002 3127 1123 3200 Nonus,
1146 3123 1316 3203 hrariemte
1338 3121 1654 3204 trttgaattasmtngen
1678 3127 1715 3185 al
1730 3127 1797 3206 jord
1820 3129 1830 3188 i
1853 3127 1919 3186 No·

129 3215 135 3227 '
244 3218 365 3269 statura
387 3208 434 3269 1111
457 3207 590 3271 ntmnde
611 3209 897 3291 penniugesummss
917 3209 1076 3290 hetalning
1098 3215 1276 3291 0001011100,
1299 3205 1369 3268 med
1392 3206 1502 3285 viltor,
1524 3220 1570 3269 stt
1591 3229 1642 3270 orta
1655 3210 1754 3269 denna
1778 3209 1868 3272 sluld
1891 3210 1918 3288 ci

245 3293 329 3354 tuom
351 3290 371 3351 5
392 3291 429 3352 dr
449 3289 553 3355 bliivit
574 3291 699 3419 1101οΙ11ἶ
720 3300 834 3378 penten
856 3290 1024 3356 hemlaller
1046 3291 1095 3354 1111
1117 3289 1254 3428 licetret.
1671 3371 1706 3426 A·
1725 3333 1747 3425 '3
1765 3372 1784 3425 s·

227 3507 438 3617 Vniuersis
466 3522 671 3616 presentes
700 3507 856 3590 litteras
885 3511 1027 3590 visuris
1056 3507 1122 3588 001
1151 3504 1370 3603 audituris,
1399 3504 1634 3588 Scaeuinus
1662 3507 1714 3589 de
1744 3506 1920 3608 badebir.

115 3646 165 3703 ac
191 3614 336 3700 dilecta
364 3643 467 3700 vxor
505 3647 577 3700 sua
613 3619 877 3702 Manuama.
915 3646 1075 3700 necnon
1103 3634 1144 3698 et
1172 3620 1320 3698 Carum
1349 3641 1646 3700 consensurum
1674 3617 1919 3700 eorumdem.
2003 3654 2007 3662 ¹

116 3729 294 3812 Salutem
324 3731 367 3810 in
395 3727 563 3811 domiuo
590 3733 886 3839 sempiternam.
916 3733 1068 3811 Notum
1098 3729 1214 3809 vohis
1243 3728 1409 3808 facimus
1438 3757 1512 3836 per
1541 3730 1921 3837 presentes,.liliam

58 3907 61 3911 ⁷
116 3857 298 3923 nostram
327 3839 556 3948 haetillogh,
585 3839 765 3923 habitum
783 3841 1022 3923 denotarum
1038 3837 1291 3919 dominarum
1311 3865 1494 3919 sororum
1515 3839 1656 3921 'sancte
1671 3842 1789 3920 Clare
1811 3841 1922 3949 apud

118 3953 330 4048 stocholm,
359 3950 576 4033 accedente
604 3953 814 4035 voluntate
842 3968 884 4033 et
912 3978 1110 4032 consensu
1138 3976 1304 4030 suorum
1334 3949 1512 4043 affinium
1542 3953 1811 4060 assumpsisse,
1842 3956 1921 4034 Pro

50 4123 55 4130 -
117 4065 236 4147 cuius
283 4062 535 4173 aliarumque
577 4089 761 4144 sororum
804 4063 1124 4160 sustentacione,
1166 4090 1212 4142 ac
1251 4061 1375 4171 ipsius
1407 4065 1637 4145 monasterii
1676 4063 1822 4143 vsibus.
1852 4090 1923 4143 sex

117 4203 212 4256 oras
239 4191 357 4258 terre.
385 4193 562 4283 quatuor
589 4176 630 4254 in
660 4175 842 4284 grptum,
871 4191 912 4256 et
938 4174 1040 4256 duas
1069 4175 1110 4254 in
1139 4173 1402 4255 westmannia
1418 4173 1629 4280 parrochia
1659 4173 1921 4280 skedherghe.

117 4286 232 4370 willa
260 4285 366 4368 dicta
396 4283 730 4396 Rodshpergum,
759 4289 872 4384 sitas,
901 4303 1099 4394 perpetuo
1127 4283 1368 4395 deputamus
1395 4302 1435 4366 01
1465 4287 1630 4395 insuper
1650 4285 1924 4397 quinquagiu·
2050 4303 2057 4322 ⁸

118 4417 162 4482 ta
189 4397 380 4480 marchas
400 4396 659 4479 denariorum
688 4397 837 4480 usualis
865 4414 1038 4479 monete.
1094 4399 1173 4478 Pro
1215 4421 1389 4506 quarum
1426 4397 1676 4478 marcharum
1705 4396 1924 4479 solucione.
2043 4434 2049 4444 ·

119 4537 191 4592 sex
222 4536 314 4590 oras
342 4525 450 4590 terre
478 4511 523 4589 iu
551 4508 646 4590 villa
675 4507 783 4590 dicta
812 4524 1076 4601 uostatunum
1093 4507 1220 4590 eidem
1238 4510 1539 4617 inpigneramus
1569 4515 1812 4590 monasterio
1827 4537 1924 4590 con·

120 4620 283 4704 dicione
310 4617 552 4730 subscripta.
583 4619 771 4703 videlicet
798 4636 843 4701 rt
871 4618 1052 4730 predicte
1079 4646 1240 4700 sorores
1273 4619 1440 4726 singulis
1470 4621 1585 4700 annis
1614 4619 1768 4701 fructus
1797 4620 1924 4701 dicta·
1975 4623 1976 4628 ‘
2084 4637 2091 4646 ’

120 4737 214 4814 rum
242 4741 313 4812 sex
341 4757 504 4812 orarum
533 4732 578 4811 in
607 4749 866 4812 nostatunum
894 4731 1143 4841 percipiant,
1172 4731 1302 4811 donec
1332 4728 1512 4838 predicta
1544 4733 1714 4839 pecunia
1744 4733 1945 4817 totaliter,
1991 4730 1995 4738 ’

121 4841 248 4939 fucrit
275 4841 493 4952 persoluta.
522 4839 634 4951 quod
661 4843 694 4923 si
722 4841 1180 4952 inira-quinquennium
1208 4858 1313 4923 terra
1343 4840 1576 4949 supradicta
1602 4841 1811 4952 redempta
1840 4871 1924 4923 non

124 4951 268 5053 fuerit,
294 4969 446 5035 extunc
475 4973 675 5063 perpetuo
702 4951 831 5036 eidem
872 4950 988 5034 cedat
1017 4953 1277 5051 monasterio,
1322 4979 1394 5033 nec
1411 4953 1474 5036 ab
1502 4953 1641 5064 aliquo
1671 4971 1853 5035 nostrum
1883 4957 1923 5035 in
