4317 5975
781 512 1201 638 ...77-

7 724 31 807 ‘‚
90 714 250 803 subditis
280 709 429 791 nostris
454 707 679 817 ceterisque
716 710 860 787 nostris
894 706 1122 788 fautoribus
1159 708 1210 786 ab
1247 708 1389 789 incolis*
1434 712 1628 792 dictarum
1666 720 1873 804 ciuitatum

8 874 10 887 ·
92 832 219 922 illatis,
247 852 338 905 cunr
353 820 547 928 requisiti
577 820 747 913 luerint,
775 818 1020 899 satisfactum
1052 818 1175 898 fuerit
1203 849 1294 899 cum
1336 822 1498 904 effectu.
1555 828 1717 929 Quibus
1746 840 1873 916 omni-

90 944 156 1023 bus
185 935 438 1017 libertatibus
468 931 680 1039 &graciis
710 935 892 1038 superius
922 930 1136 1010 declaratis
1164 958 1235 1010 vos
1264 937 1457 1041 precipue
1482 944 1519 1015 &
1544 936 1695 1018 incolas
1720 964 1872 1027 vestros

90 1051 253 1163 gaudere
284 1047 470 1128 volumus
497 1040 827 1123 &concedimus
853 1070 925 1151 per
955 1038 1169 1149 presentes.
1210 1044 1273 1121 ‘Iu
1305 1049 1418 1124 cuius
1446 1045 1505 1124 rei
1534 1053 1802 1136 testimonium
1835 1065 1875 1139 8(

91 1156 327 1242 euidenoiam
360 1155 579 1265 pleniorem
610 1154 784 1260 sigillum
816 1171 999 1235 nostrum
1037 1154 1293 1262 presentibus
1331 1172 1390 1233 est
1432 1186 1665 1264 appensum.
1725 1170 1872 1249 Datum

91 1272 187 1353 anno
216 1279 255 1351 8(
287 1272 376 1349 luco
405 1266 759 1375 suprascriptisin
799 1284 940 1345 octava
979 1268 1192 1347 beatorum
1236 1268 1343 1347 Petri
1373 1275 1412 1346 8(
1446 1270 1873 1382 PauliApostolorum
1977 1352 1985 1365 .
2035 1303 2040 1313 '

8 1365 9 1445 Ῐ
90 1414 187 1465 anno
218 1409 315 1461 voro
346 1381 455 1487 regni
489 1379 613 1456 nostri
643 1376 979 1485 quintodecimo.

8 1766 9 1781 ¹
100 1744 260 1847 1115.
678 1664 1202 1879 [29464611υ1ί.
1337 1755 1344 1769 “
1572 1739 1876 1875 Middelfart.

162 1976 304 2055 Kouuug
326 1973 418 2037 Enrcs
440 1974 449 2033 i
474 1974 633 2035 Daumark
655 1970 843 2041 stsdlllstelsc
865 1972 905 2056 pt
928 1971 1032 2035 Lunds
1054 1971 1264 2059 Domccpitels
1285 1972 1469 2055 privilegien
1807 2042 1813 2063 ι

1009 2078 1015 2090 ’
1134 2073 1139 2084 ’
1205 2079 1210 2087 ·
1417 2079 1422 2091 ·
1559 2088 1587 2141 u.
1608 2110 1629 2145 t.
1645 2093 1681 2146 ‚o

485 2176 839 2271 Conservatorium
867 2176 965 2256 cleri
990 2175 1189 2256 lundensis
1217 2170 1334 2255 Ericr‘
1359 2179 1478 2281 regis.
1551 2260 1555 2265 ,
1625 2240 1629 2246 .

92 2332 96 2337 ’
191 2322 343 2401 Entcus
372 2319 435 2402 dei
466 2318 597 2427 gracia
629 2315 825 2396 danorum
855 2316 1165 2425 sclauorumque
1190 2336 1259 2398 re‘x
1280 2318 1483 2400 Omnibus
1501 2347 1662 2429 presens
1685 2328 1880 2431 scriptum

94 2433 354 2517 cernentibus.
385 2429 555 2510 salutem
586 2432 625 2509 in
656 2427 823 2510 domino
849 2431 1129 2536 sempiternam
1162 2431 1312 2511 Notum
1343 2431 1508 2511 lttciurus
1537 2434 1742 2516 vniuersis.
1769 2435 1881 2544 quod
1961 2448 1966 2459 '

95 2572 156 2625 nos
183 2545 295 2623 viros
325 2538 819 2649 venerabiles-dominos.
849 2539 1034 2621 decanos.
1072 2541 1291 2647 yconimos.
1333 2557 1373 2620 et
1410 2543 1632 2650 capitulum
1676 2545 1882 2627 lundensis

50 2744 61 2757 ,
96 2656 261 2737 ecclesie.
294 2681 369 2733 nec
399 2680 481 2733 non
511 2668 552 2731 et
587 2679 726 2731 omues
754 2669 795 2731 ct
834 2651 1012 2759 singulos
1051 2652 1230 2733 clericos.
1270 2650 1445 2733 eiusdem
1488 2656 1682 2767 dyocesis.
1713 2686 1881 2740 unacum
1938 2646 1944 2671 '

95 2768 273 2850 omnibus
303 2765 421 2845 bonis
449 2764 598 2843 suiset
628 2761 777 2842 familia
807 2761 955 2843 eisdem
985 2764 1196 2843 attinente.
1227 2764 1303 2844 sub
1333 2782 1492 2855 nostra,
1516 2795 1612 2876 pace
1642 2786 1683 2848 et
1722 2785 1885 2879 protec-

97 2884 196 2961 tione
225 2877 496 2984 suscipientes
525 2874 750 2982 specialiter
779 2872 1061 2955 defeudendos.
1093 2876 1351 2981 prohibemus
1388 2876 1570 2959 districte
1606 2880 1684 2959 sub
1712 2882 1883 2961 obtentu

97 2993 218 3102 gracie
247 3005 401 3070 nostre.
432 3014 483 3068 ue
512 2988 616 3096 quis.
646 2987 922 3096 cuiuscunque
951 2984 1201 3068 condicionis
1238 2990 1346 3096 ipsos
1382 3006 1453 3068 aut
1485 2992 1663 3098 ipsorum
1694 2991 1882 3102 aliquem.

98 3120 157 3192 aut
184 3128 471 3214 quemcunque
502 3097 551 3182 de
572 3100 752 3206 ipsorum
775 3098 935 3204 familia.
966 3127 1089 3208 super
1112 3098 1230 3179 bonis
1251 3101 1546 3208 episcopalibus
1568 3121 1639 3184 aut
1660 3105 1741 3184 suis
1755 3104 1884 3184 eccle·

97 3218 252 3296 siasticis
285 3211 348 3292 vel
378 3208 601 3302 mundanis.
631 3229 771 3291 contra
799 3209 901 3318 jura.
939 3210 1057 3318 leges.
1086 3225 1127 3289 et
1161 3210 1367 3290 libertates
1395 3213 1472 3291 sibi
1501 3241 1708 3294 concessas
1737 3216 1780 3294 in
1809 3215 1884 3295 bo-

98 3331 149 3406 uis
175 3343 243 3407 aut
275 3350 448 3432 persona
477 3320 675 3429 jmpedire
706 3337 909 3429 presumat
933 3350 1003 3401 seu
1028 3321 1282 3430 aliquatenus
1305 3323 1527 3404 molestare.
1558 3327 1663 3404 sicut
1687 3326 1884 3406 vlcionem

9 3481 10 3544 l
98 3439 235 3548 regiam
267 3435 443 3515 voluerit
471 3435 632 3514 euitare.
687 3433 885 3514 Nolumus
913 3435 1018 3512 enim
1048 3451 1225 3541 sanctam
1258 3449 1421 3513 matrem
1443 3438 1668 3524 ecclesiam.
1706 3455 1776 3517 aut
1804 3437 1884 3517 cle-

9 3551 21 3640 Ῐ·
100 3579 178 3630 rum
211 3546 398 3657 predicte
428 3545 618 3652 dyocesis.
649 3572 893 3655 quamquam
925 3543 1399 3653 pastorem'nonbabeat.
1432 3550 1480 3625 Ju
1513 3549 1630 3628 bonis
1652 3549 1744 3629 suis.
1778 3551 1884 3628 luri-

100 3660 166 3742 bus
193 3677 263 3740 aut
296 3657 559 3737 libertatibus.
588 3655 794 3762 jniuriosis
823 3655 1052 3765 aliquorum
1082 3672 1349 3767 tyrannorum
1380 3659 1579 3738 morsibus
1600 3661 1797 3767 supprimi
1821 3661 1884 3740 vel

100 3774 261 3882 grauari.
322 3771 424 3848 Cunr
453 3795 503 3847 ex
533 3767 744 3846 commisso
781 3765 900 3848 nobis
936 3767 1082 3849 officie.
1126 3786 1310 3846 tenemur
1345 3769 1582 3876 specialiter.
1627 3774 1719 3876 paci
1745 3797 1816 3850 sue
1845 3789 1885 3850 et

101 3885 226 3992 quieti.
257 3879 429 3960 sollicite
462 3875 690 3985 prouidere.
734 3881 885 3958 Datum
915 3879 1024 3987 apud
1056 3877 1279 3957 maethelfar
1319 3883 1438 3960 Anno
1468 3879 1623 3988 dominj
1660 3880 1884 3961 M⁰CC⁰XC

101 4011 249 4104 quarto.
283 3991 396 4070 fferia
427 4005 543 4069 sexta
570 4004 661 4095 post
690 3986 929 4069 diuisionem
960 3989 1235 4096 apostolorum
1273 3991 1324 4069 Jn
1354 3991 1561 4099 presencia
1600 4010 1736 4071 nostra
1765 3992 1900 4072 Teste
1981 4045 1985 4058 .

103 4107 255 4186 domino
289 4102 442 4182 achone
470 4098 664 4207 Dapifero
693 4119 845 4181 nostro.

74 4417 273 4542 rub.
569 4487 572 4494 ·
774 4439 925 4568 129'tl
972 4421 1278 4571 dbAug.
1412 4491 1423 4512 .
1742 4424 1886 4534 Ribs.

155 4631 290 4713 Kouuug
313 4628 404 4692 Euros
425 4629 433 4690 i
452 4625 610 4692 Daumarb
632 4628 835 4692 besltrmebe
856 4628 931 4692 bref
948 4627 996 4690 idr
1010 4627 1115 4690 Luuds
1136 4625 1423 4707 Predilarebrdder
1432 4629 1496 4688 atti
1509 4628 1628 4690 Mutuo
1638 4630 1734 4690 samlu
1746 4631 1891 4729 almosqr.

1511 4777 1545 4831 A.
1564 4796 1588 4847 7.
1609 4797 1631 4831 r.
1649 4778 1691 4833 πθ.

209 4885 362 4962 Eirieus
388 4878 453 4960 dei
482 4881 616 4986 gracia
647 4879 842 4962 danorum
868 4880 1179 4990 sclauorumque
1195 4907 1264 4960 rex
1289 4878 1490 4960 Omnibus
1514 4907 1675 4988 presens
1696 4885 1889 4988 scripturn

109 4993 367 5074 cernentibus.
397 4991 565 5074 salutem
596 4992 639 5071 in'
665 4990 829 5074 domino
857 4991 1153 5101 sempiternam.
1213 4990 1419 5072 Noueritis
1447 4992 1558 5100 q'uod
1588 4993 1795 5160 nosaviros
1825 5019 1890 5071 ve·

229 5119 277 5171 So.
292 5119 411 5191 Diplom.
430 5117 472 5171 11.
617 5125 622 5150 ³
949 5135 953 5140 ·
1653 5119 1671 5178 ,²
