4317 5975
828 411 1247 512 ..643-

125 737 134 746 7
274 625 317 708 Si
345 625 472 710 lurem
502 659 593 713 cum
624 655 667 715 re
697 629 829 714 furata
858 653 1137 742 presentamus
1169 637 1367 720 aduocato
1397 638 1521 746 regis,
1564 638 1647 718 sive
1677 639 1822 748 ligatus
1850 639 1936 722 lue·

140 737 193 819 rit
223 755 294 819 sut
324 769 405 821 non
436 740 601 852 ligatus,
624 748 663 827 in
694 770 744 824 eu
774 774 854 823 non
886 776 1107 854 peccamus.

273 849 315 931 Si
343 853 444 932 ciuis
482 871 617 938 noster
651 854 858 940 clarudie
885 862 981 941 aurit
1008 861 1250 969 jumentum,
1287 858 1395 971 quod
1428 860 1532 941 lorte
1563 863 1738 942 iuratum
1769 879 1847 959 est,
1892 865 1932 942 in

137 985 186 1041 eo
215 960 450 1045 nonhabet
481 968 641 1077 culpam
671 994 823 1064 eruens,
864 973 1054 1077 quoniam
1086 975 1215 1082 ipsum
1245 973 1423 1054 iuratum
1461 975 1582 1054 luisse
1621 975 1855 1082 ignorabat,
1902 975 1934 1054 si

139 1069 499 1172 torcellensis,
527 1081 594 1160 cui
622 1079 801 1160 furatum
830 1097 934 1176 erat,
963 1081 1061 1162 illud
1094 1113 1330 1192 recuperare
1361 1085 1509 1170 volens.

271 1185 455 1289 Quilibet
484 1188 635 1272 babens
662 1191 719 1274 ibi
749 1189 897 1271 bodam
927 1192 1239 1277 hereditatem
1270 1224 1391 1304 super
1420 1205 1514 1278 s'uos
1543 1199 1770 1310 proximos,
1818 1195 1933 1278 duna·

101 1373 104 1377 ,
136 1291 257 1376 modu
285 1298 370 1408 regi
397 1299 617 1384 satisfaciat
643 1302 694 1388 de
724 1299 826 1382 loco.

144 1723 307 1846 1707.
397 1605 414 1832 g
829 1695 1248 1809 raas-1268.

217 1876 378 1962 llislopeu
397 1879 460 1943 och
481 1879 659 1946 Kaualereu
680 1883 758 1948 Cous
779 1886 790 1946 i
811 1885 982 1970 &reugutts
1002 1889 1204 1955 Testamenta
1226 1888 1263 1950 af
1280 1889 1456 1972 peuuingsr
1484 1881 1536 1950 till
1559 1885 1681 1972 kyrlror
1708 1886 1770 1950 och
1796 1882 1933 1966 kloster,

142 2029 154 2045 .
256 1971 339 2022 saort
359 1964 424 2024 sios
444 1963 525 2026 barn
547 1965 610 2028 och
631 1988 670 2030 eu
692 1969 810 2051 tjeuare
831 1970 945 2049 Assur,
968 1971 1040 2034 med
1061 1971 1211 2055 uppdrag
1232 1971 1265 2032 dt
1286 1969 1480 2034 llbbedissan
1503 1971 1565 2034 och
1592 1971 1777 2032 Konveutet
1805 1974 1815 2030 i
1844 1972 1935 2034 Riua-

256 2042 371 2127 bergs‚
392 2057 440 2110 att
459 2069 616 2133 exequere
637 2051 828 2132 detsumma,
849 2054 883 2116 sd
903 2065 991 2117 suast
1011 2054 1104 2117 stiler
1127 2054 1356 2116 underrsttetse
1379 2056 1481 2137 ingdtt
1503 2076 1555 2117 om
1577 2054 1656 2116 bans
1677 2054 1753 2190 (1Αὲῑά31
1771 2153 1797 2190 m

244 2227 289 2309 C.
318 2228 383 2312 dei
411 2235 544 2341 gracia
576 2239 820 2344 stregnensis
847 2239 1013 2319 ecclesie
1041 2241 1285 2349 Episcopus,
1312 2255 1354 2320 et
1384 2237 1657 2319 Cancellarius
1685 2239 1804 2346 Regis
1833 2239 1932 2318 Sue·

133 2341 213 2437 or'e‚
240 2341 481 2426 Reuerende
508 2347 672 2434 domine
700 2349 839 2430 eadem
876 2353 1008 2459 gracia
1045 2353 1258 2434 Abbatisse
1300 2353 1340 2431 in
1378 2349 1591 2443 Rislrberc‚
1635 2366 1757 2457 atque
1785 2351 1932 2431 dilecte

128 2447 266 2532 ''sorori
293 2481 364 2536 sue
392 2457 553 2567 totique
575 2461 798 2570 conuentuj
819 2464 1183 2544 sanctimonialium
1209 2461 1368 2544 ibidem.
1395 2462 1596 2541 oracionis
1618 2458 1764 2541 deuote
1787 2459 1932 2541 suffra·

131 2563 254 2670 glum.
287 2566 474 2650 salutare.
532 2569 636 2650 Cum
664 2600 802 2654 omnes
830 2602 903 2654 nos
933 2576 1037 2654 uiam
1069 2578 1254 2655 vniucrse
1282 2575 1416 2655 carnis
1453 2574 1602 2652 intrare
1630 2568 1810 2653 deuitare
1846 2595 1929 2652 non

132 2701 355 2784 possumus.
385 2681 649 2762 necessarium
680 2683 797 2765 uobis
824 2701 955 2765 estet
991 2707 1253 2792 oportunum.
1291 2704 1337 2765 ut
1373 2686 1423 2764 dc
1459 2680 1753 2790 temporalibus
1789 2674 1928 2777 nobis,

131 2813 214 2896 que
248 2792 491 2899 sempiterna
526 2813 623 2875 sunt
658 2822 932 2904 procuremus.
988 2798 1094 2879 Hinc
1129 2817 1189 2879 est
1223 2799 1335 2906 quod
1379 2795 1590 2905 prehabite
1632 2811 1673 2873 et
1716 2793 1931 2874 uniuersali

132 2897 347 2984 dileccioni
375 2905 508 2986 uestre
537 2907 776 2988 intimamus.
807 2910 980 3018 primum
1011 2908 1090 2991 deo
1119 2911 1274 3016 gracias
1297 2925 1471 3015 agentes.
1500 2905 1610 3018 quod
1638 2907 1769 2984 omnia
1794 2903 1930 2984 debita

131 3037 212 3121 que
239 3014 418 3097 claustro
445 3042 581 3101 uestro
609 3048 686 3127 pro
714 3022 887 3101 scintilla
922 3037 1072 3101 nostra.
1111 3018 1152 3101 id
1188 3040 1247 3102 est
1281 3020 1382 3116 lilia,
1426 3020 1657 3129 persoluere
1691 3016 1931 3097 tenebamur

131 3126 420 3231 persoluimus,
448 3157 539 3210 cum
569 3131 729 3211 ellectu.
779 3134 931 3213 Notum
960 3135 1085 3213 eciam
1115 3134 1232 3213 uobis
1260 3133 1312 3211 sit
1340 3149 1380 3211 ct
1411 3132 1625 3225 uniuersis,
1654 3128 1763 3239 quod
1794 3127 1931 3209 cathe-

130 3233 231 3318 drali
260 3239 424 3320 ecclesie
453 3258 590 3322 nostre
617 3245 840 3350 stregnensi
873 3262 1051 3354 quatuor
1078 3245 1234 3325 Marsas
1261 3245 1415 3351 argenti
1445 3241 1544 3322 duas
1573 3270 1650 3350 pro
1679 3242 1928 3333 testimonio,

128 3362 170 3425 et
194 3347 295 3431 duas
327 3379 402 3459 pro
426 3352 564 3434 debito
587 3354 770 3462 psalterij
798 3360 1057 3465 assignamus.
1085 3373 1125 3435 et
1153 3354 1325 3465 quilibet
1346 3352 1396 3461 (l)
1425 3354 1602 3435 claustro
1633 3351 1771 3459 regule
1799 3355 1927 3433 sancti

128 3456 335 3542 Benedicti
378 3466 420 3545 in
464 3482 600 3545 nostra
644 3464 793 3547 diocesi
837 3472 1081 3563 constitut0,
1132 3468 1231 3549 duas
1273 3466 1426 3547 Marcus
1464 3467 1625 3573 argenti
1671 3466 1932 3571 assignamus.

121 3568 338 3653 Fratribus
352 3578 476 3657 eciam
502 3577 720 3676 maioribus
743 3573 785 3658 in
807 3598 1051 3662 westraarus
1074 3576 1200 3659 libros
1223 3605 1328 3688 quos
1350 3606 1371 3657 a
1397 3576 1515 3657 nobis
1538 3593 1674 3657 teneat
1697 3577 1930 3656 inconcesso

77 3713 87 3771 2
127 3682 386 3787 assignamus.
424 3704 464 3766 et
493 3687 692 3768 fratribus
728 3692 952 3772 minoribus
988 3694 1029 3770 iu
1066 3706 1286 3782 dstraarus.
1322 3708 1361 3769 et
1397 3688 1589 3793 fratribus
1629 3688 1848 3767 maioribus
1887 3688 1929 3765 in

115 3794 323 3898 ‚sicthunia
355 3815 397 3877 et
425 3796 618 3878 fratribus
648 3802 872 3880 minoribus
900 3804 940 3879 in
970 3800 1257 3908 sudhercupia‚
1286 3798 1453 3879 cuilibet
1476 3798 1672 3894 claustra,
1701 3796 1802 3875 duas
1823 3798 1929 3878 Mar·
2051 3800 2055 3813 '

125 3924 191 3983 cas
219 3910 397 4015 argenti,
440 3910 688 4017 assignamus
717 3927 758 3989 et
787 3912 952 3992 cuilibet
990 3910 1154 3990 ecclesie
1198 3925 1352 3990 tantum
1392 3910 1431 3988 in
1471 3909 1643 3988 nercbia.
1688 3904 1737 3985 de
1781 3908 1930 3988 nostris

125 4013 318 4114 denariis,
360 4020 566 4102 dimidiam
609 4020 812 4101 Marcbam
846 4020 1105 4103 denariorum
1143 4022 1400 4130 assignamus.
1459 4022 1591 4101 Eciam
1631 4016 1738 4098 fideti
1776 4018 1939 4099 samolo·

123 4148 263 4210 nostro
292 4134 398 4211 Asur
424 4132 496 4241 qui
526 4132 645 4213 nobis
673 4133 833 4214 diutino
863 4134 1001 4214 labore
1029 4134 1277 4215 subseruiuit
1305 4152 1344 4212 et
1374 4130 1585 4211 indefesso.
1623 4128 1793 4210 sedecim
1823 4130 1928 4209 Mar·

123 4266 189 4320 cas
217 4244 377 4349 argenti
401 4260 442 4324 et
473 4245 615 4350 uiginti
645 4243 798 4325 Marsas
825 4247 1068 4353 gottensium
1097 4243 1354 4325 denariorum
1384 4270 1488 4353 quus
1512 4240 1619 4351 apud
1645 4268 1716 4323 tros
1739 4243 1928 4321 seruastis

125 4352 383 4459 assignamus.
412 4353 522 4465 quod
549 4382 673 4465 super
701 4372 772 4437 est.
819 4372 941 4465 prout
978 4374 1111 4437 uestra
1143 4354 1368 4464 prouiderit
1396 4356 1609 4449 discrecio,
1652 4352 1742 4433 filiis
1780 4354 1928 4431 nostris

11 4517 13 4520 -
124 4460 359 4573 disponatis.
417 4471 541 4547 Jstam
573 4466 691 4548 nobis
718 4468 1020 4562 condicionem·
1059 4484 1101 4547 et
1138 4468 1252 4549 beate
1289 4468 1411 4548 marie
1451 4469 1616 4572 virginis
1652 4465 1752 4559 snio,
1798 4466 1927 4545 hono·

123 4601 219 4658 rem.
246 4581 279 4658 si
308 4575 357 4659 de
386 4576 518 4660 medio
555 4607 629 4662 nos
665 4582 837 4689 migrare
862 4583 1100 4688 contigerit,
1141 4581 1346 4665 iacientes.
1408 4581 1464 4660 Ne
1494 4579 1616 4685 igitur
1647 4593 1786 4655 nostro
1817 4580 1926 4655 testi·

123 4691 260 4771 monio
289 4689 401 4799 quod
429 4691 563 4774 adbuc
599 4692 682 4771 uita
718 4692 865 4771 comite
900 4689 1181 4801 disposuimus.
1219 4694 1431 4801 quisquam
1469 4690 1670 4771 contraire
1714 4702 1925 4793 presumat.

122 4804 277 4883 litteras
311 4822 466 4885 nostras
494 4831 584 4885 cum
613 4802 745 4911 sigillo
768 4802 1007 4883 tradidimus
1029 4803 1265 4883 Roboratas.
1295 4800 1345 4881 de
1367 4803 1553 4881 omnibus
1577 4826 1673 4878 nero
1698 4798 1773 4879 biis
1802 4800 1922 4879 nichil

121 4910 345 5025 disponatis
373 4913 503 4997 donec
532 4915 582 4997 de
612 4930 747 4994 nostra
776 4915 861 4994 uita
885 4916 970 4995 siue
998 4929 1128 4995 morte
1156 4911 1439 4994 certitudinem
1470 4912 1689 4994 babeatis..
1741 5018 1742 5021 Ἴ

577 5058 702 5140 Sigillet
722 5054 873 5136 sladudt',
893 5058 936 5142 pa
957 5079 997 5120 eu
1018 5079 1059 5120 ur
1080 5056 1205 5119 brelvet
1227 5054 1333 5141 klippt
1354 5076 1464 5118 remae.
