4317 5975
974 375 1029 474 ἑή
1142 422 1221 487 mn
1331 448 1388 469 -

283 626 477 745 quodque
505 632 536 710 si
565 652 650 733 eam
680 630 813 739 perire
840 626 906 709 uel
936 627 1088 735 remittj
1121 628 1391 735 contingeret,
1433 623 1537 707 ordo
1563 624 1736 737 quilibet
1762 626 1909 710 collabi
1932 657 2058 714 ruem·

206 782 213 793 ·
283 744 390 840 sario
418 749 641 850 cogeretur.
671 742 889 823 Pensantes'
913 740 1060 834 eciam,
1091 737 1203 847 quod
1232 742 1266 817 si
1295 736 1540 844 regularium
1571 728 1836 847 personae-itm
1860 746 2059 841 correctio,
2133 798 2136 804 -

278 856 417 937 ‘Rimas
446 853 542 932 iuris
570 868 617 929 et·
640 846 774 959 apices
807 848 1066 960 sequeretur,
1109 841 1339 929 huiusmodi
1374 849 1486 955 rigor
1529 849 1763 930 lentesceret
1789 864 1830 931 et
1858 852 2060 963 multiplicj⁸

281 965 488 1047 laxacione
520 977 712 1069 torperet.
748 963 832 1043 Nos
860 961 1005 1041 uestris
1033 958 1400 1068 supplicationibus
1428 960 1631 1056 inclinati,
1671 962 1788 1043 vobis
1836 964 2060 1047 auctoritate

282 1073 502 1185 apostolica
531 1072 802 1179 indulgemus,
831 1087 874 1149 vt
904 1070 953 1151 ad
983 1071 1253 1151 correctiones
1263 1088 1304 1151 et
1325 1071 1564 1178 puniciones
1579 1072 1750 1153 fratrum
1764 1070 1940 1153 eiusdem
1959 1074 2060 1157 ordi·

281 1190 343 1267 nis
371 1185 690 1293 delinquentium
708 1180 944 1289 infligendas
961 1181 1104 1291 prelati
1120 1181 1277 1262 ordinis
1291 1182 1527 1290 supradicti,
1545 1179 1596 1261 ad
1617 1174 1720 1292 quos
1739 1180 1874 1263 εεάθιυ
1889 1202 2059 1293 spectare

184 1308 192 1328 “
262 1312 523 1389 noscuntur,
553 1294 707 1374 rimulis
735 1310 776 1373 et
804 1291 987 1401 apicibus
1019 1292 1115 1401 ipsis
1145 1294 1391 1400 postpositis,
1422 1291 1546 1373 libere
1575 1293 1794 1401 procedere
1823 1294 1980 1375 valeant
2006 1324 2059 1378 se·

234 1412 238 1423 “
279 1404 456 1496 cundum
485 1403 793 1486 eonsuetudines
821 1403 1088 1512 approbatas,
1114 1418 1155 1482 et
1183 1403 1382 1512 generalia
1413 1403 1528 1517 faeta.
1550 1420 1591 1483 et
1605 1406 1730 1486 eciam
1748 1403 1929 1487 iacienda
1944 1408 2058 1516 ipsius

278 1512 433 1602 'ordinis
462 1517 761 1597 instituta.·nec
790 1516 979 1595 uolumus
1008 1513 1156 1594 eisdem
1187 1514 1305 1594 licere
1326 1513 1531 1610 fratribus,
1554 1514 1606 1595 ab
1627 1517 1777 1598 eisdem
1810 1518 2058 1599 correctioni·

276 1630 354 1711 bus
382 1644 423 1707 et
452 1626 756 1735 punicionibus,
783 1626 1036 1736 aliquatenus
1064 1624 1281 1733 appellare.
1315 1620 1483 1734 prouida
1514 1627 1555 1707 in
1570 1625 1660 1725 lroc,
1688 1626 2058 1724 deliberacionem

279 1741 509 1837 maturitate
524 1736 672 1833 debita,
702 1736 937 1832 obseruatis.
969 1736 1078 1816 Nulli
1092 1763 1192 1843 ergo
1206 1738 1372 1816 omnino
1388 1736 1596 1819 bominum
1620 1736 1734 1821 liceat
1756 1738 1862 1821 hane
1884 1743 2055 1847 paginam

279 1868 414 1932 nostre
443 1849 708 1929 concessionis
738 1847 979 1955 infringere,
1009 1848 1070 1926 vel
1102 1848 1139 1956 ei
1168 1875 1268 1926 ausu
1296 1848 1510 1925 temerario
1532 1851 1745 1930 contraire.
1774 1850 1911 1957 Siquis
1937 1868 2055 1931 autem

278 1964 356 2043 hoc
385 1975 625 2068 attemptare
654 1960 961 2067 presumpserit,
1003 1950 1330 2063 indignacionem
1365 1958 1655 2065 omnipotentis
1690 1959 1825 2056 delet
1857 1961 2055 2041 Beatorun

277 2074 386 2154 Petri
415 2088 456 2151 et
483 2070 594 2177 pauli
623 2070 896 2177 apostolorum
927 2071 1013 2150 eius
1037 2095 1083 2147 se
1114 2070 1274 2149 nouerit
1303 2070 1570 2149 incursurum.
1628 2072 1774 2165 Datum
1796 2072 1931 2168 ,Rome
1958 2071 2055 2182 apud

275 2200 458 2265 sanctum
486 2184 658 2263 Petrum.
686 2179 936 2264 Sexto-idus
965 2180 1073 2288 Maij.
1104 2180 1366 2264 pontificatus
1394 2182 1522 2259 nostri
1550 2208 1658 2261 anno
1686 2180 1881 2262 secundo.

218 2528 502 2678 'f1165·'
982 2548 1133 2695 1296
1180 2552 1373 2657 iJuni
1464 2608 1468 2615 ·
1586 2669 1596 2686 ,

357 2686 457 2803 Brtian
479 2740 558 2799 Nirs
580 2734 673 2798 md.
699 2734 927 2799 tillstdndsbrel'
952 2736 999 2795 tter
1030 2736 1152 2797 Tiunds
1187 2738 1385 2819 Lagmaonen
1413 2738 1521 2801 lsraels
1544 2711 1684 2801 Eulesru
1705 2752 1749 2803 att
1770 2740 1889 2805 handle
1908 2745 1979 2833 med
1997 2744 2052 2807 rint

408 2821 649 2903 morgongdtvo7
669 2818 730 2880 och
753 2818 916 2899 arsregods
935 2819 945 2877 i
967 2816 1034 2901 dim
1058 2818 1193 2903 Sverige.

1648 2903 1681 2959 A.
1698 2908 1723 2959 a
1740 2922 1764 2961 a.
1781 2921 1810 2959 a:
1828 2906 1876 2975 ²4·
1957 2928 1960 2937 ·
1980 2941 1984 2950 ·

157 3038 162 3048 ·
269 2991 275 3014 '
408 3006 616 3085 Vniuersis
659 3005 795 3086 christi
826 3002 1011 3084 fidelibus
1049 3029 1213 3112 presens
1241 3005 1435 3111 scripturn
1465 3005 1734 3093 cernentibus
1773 3021 1878 3093 nano
1906 3019 2056 3094 nese&
2097 3029 2102 3038 '

273 3141 453 3199 catsrtrtn
484 3143 584 3196 vxor
611 3142 701 3210 sua,
730 3139 890 3196 rnouss
918 3137 1084 3196 sorssors
1112 3121 1269 3199 &vxor
1298 3142 1369 3194 sua
1398 3141 1595 3199 narraras
1616 3145 1802 3202 sanutus
1828 3133 2053 3206 succensor

275 3257 365 3309 cum
382 3227 553 3332 coniuge
574 3253 644 3304 sua
660 3225 931 3320 Rnnorunms,
960 3253 1008 3304 ac
1036 3226 1333 3306 Rsnewsnnus
1356 3228 1549 3308 Vnwasn
1577 3255 1667 3329 son,
1695 3233 1867 3316 salutem
1883 3237 1922 3314 in
1937 3236 2051 3316 domi.-

272 3366 328 3420 no
357 3339 658 3444 sempiternam,
688 3350 828 3416 tenore
858 3336 1054 3443 presentis
1083 3337 1338 3416 vninersitati
1366 3353 1496 3418 vestre
1525 3358 1664 3422 notum
1695 3342 1863 3425 facimus
1892 3373 1962 3428 nos
1988 3347 2050 3427 ho·
2083 3376 2086 3383 ·

272 3465 386 3552 ueste
414 3447 577 3528 domine
606 3444 818 3552 Rangsridi
848 3446 984 3528 relicte
1013 3445 1167 3529 domini
1195 3447 1347 3545 israelis
1388 3448 1559 3531 condam
1596 3453 1747 3560 legiferi
1777 3455 1961 3538 thiundie
1986 3455 2051 3537 ho·

272 3589 322 3640 na
353 3587 425 3638 sua
454 3583 534 3667 que
563 3573 657 3637 sunt
687 3558 954 3665 insuperiori
1000 3557 1165 3649 swecia,
1207 3555 1393 3639 videlicet
1422 3560 1704 3672 Morghengeis
1726 3593 1772 3645 ae
1800 3565 2049 3650 hereditatem

270 3697 393 3782 quarn
425 3684 516 3778 post
544 3668 668 3748 tilium
697 3667 848 3750 ibidem
876 3666 1121 3750 bereditanit
1150 3674 1189 3747 8ι
1216 3667 1405 3750 Maritum
1433 3671 1649 3756 insolidum
1679 3704 1730 3757 ex
1758 3683 1959 3760 communi
1986 3707 2050 3759 no·

270 3801 355 3865 stro
386 3779 640 3888 beneplacito
667 3783 706 3860 8(
728 3803 891 3859 assensu
932 3780 1016 3858 sine
1058 3779 1245 3888 quolibet
1288 3781 1574 3889 impedimento
1602 3813 1649 3866 ex
1680 3803 1796 3895 parte
1834 3808 1965 3871 nostra
1987 3788 2050 3870 tali

270 3889 507 3976 condicione
540 3891 804 4000 permittimus
834 3890 1083 3998 disponenda
1105 3891 1258 3985 libere,
1299 3889 1505 3987 donanda,
1548 3895 1754 3978 vendenda
1786 3903 1825 3982 8r
1854 3902 2073 3982 alienanda

269 4009 311 4086 in
342 4005 423 4083 vita
452 4005 523 4080 s'ua
555 4029 630 4109 pro
654 4001 782 4110 'ipsius
812 4001 929 4080 libitu
960 4003 1205 4099 voluntatiS,
1234 4003 1288 4081 ita
1321 4021 1361 4081 vt
1390 4005 1521 4085 omnia
1551 4026 1640 4088 sua*
1667 4011 1961 4118 patrimonialia
1989 4037 2050 4091 seu

247 4103 512 4197 ‘'hereditate's
540 4107 719 4191 materne
755 4111 1000 4220 abicumque
1025 4111 1121 4194 alias
1152 4140 1225 4220 per
1258 4141 1427 4220 regnum
1468 4117 1615 4198 sitente
1644 4119 1760 4201 nobis
1791 4123 1857 4202 uel
1886 4120 2049 4231 illisqui

269 4243 452 4333 tempore
481 4225 621 4302 mortis
651 4224 775 4330 ipsius
803 4223 889 4301 eius
916 4223 1101 4330 legittimi
1129 4221 1294 4304 heredes
1321 4229 1560 4332 superstites
1575 4228 1723 4312 fuerint
1749 4235 1967 4316 insolidum
1995 4260 2050 4314 re·

268 4338 509 4446 linquantur
537 4332 755 4414 secundum
785 4335 915 4440 patrie
946 4351 1083 4413 nostre
1098 4335 1202 4442 leges
1219 4340 1259 4414 8r
1279 4351 1441 4418 statuta.
1469 4340 1521 4417 Jn
1549 4345 1664 4422 cuius
1693 4347 1962 4450 permissionis
1975 4344 2049 4423 eni·
2147 4398 2148 4401 a

268 4447 366 4530 dens
395 4446 667 4554 testimonium
696 4457 918 4550 presentem
952 4445 1127 4525 litteram
1170 4444 1338 4553 siggillis
1377 4449 1526 4529 nostris
1554 4477 1602 4531 ac
1631 4451 1785 4536 domini
1813 4458 1865 4538 .b.
1896 4455 2050 4536 illustris

268 4559 374 4667 regis
402 4575 602 4636 sw'eorum
635 4581 816 4635 necnon
847 4559 886 4634 Se
915 4554 1234 4636 venerandorum
1252 4555 1508 4638 dominorum
1537 4560 1582 4640 rh
1613 4562 2062 4646 lrnutsonMarslralchi..

268 4667 486 4750 Benedicti·
504 4665 656 4774 legiferi
674 4663 677 4668 ’
694 4681 977 4772 wesgotorum.
1021 4667 1214 4746 laurencii
1252 4666 1424 4777 bobierg
1451 4675 1491 4752 &
1518 4671 1670 4756 andree
1711 4681 1906 4786 prepositi
1945 4701 2049 4784 rpsa·
2144 4715 2148 4722 ·

267 4782 388 4862 lensis
407 4776 657 4859 decernimus
685 4777 896 4884 Roborari.
927 4779 1073 4888 Datum
1105 4781 1225 4858 Anno
1252 4775 1419 4862 domini.
1458 4782 1634 4865 tt·.cc·.
1671 4787 1940 4896 Nonagesimo
1967 4785 2048 4864 Vl‘.

137 4957 141 4964 .
266 4889 401 4974 Mense
432 4892 565 4970 Junio.
1777 4933 1782 4941 ·

735 4945 909 5060 Nedanso're
931 4996 971 5083 pt
993 5017 1110 5060 samma
1134 4994 1208 5109 bled
1231 4995 1326 5060 linnes
1347 4998 1481 5082 lb‘ljande
1503 5001 1588 5066 bref:
1666 5011 1673 5021 ’
1697 5066 1702 5080 ,
