4317 5975
830 410 886 432 ...
997 372 1079 472 345
1190 412 1247 437 ..

147 549 321 731 ι345.ι
761 604 906 713 1301
958 602 1007 730 d.
1060 642 1126 712 12
1174 604 1313 753 Sept.
1714 570 1932 711 Calmar.
2047 638 2050 645 ·

215 793 348 854 Nunnan
371 789 566 853 Μιιωιιτι
587 789 851 855 thrrrsuorrms
866 790 1036 857 Fdreslrill
1058 813 1110 855 om
1125 775 1337 873 sdrdelniugen
1350 790 1386 853 al
1403 765 1933 876 bennesisstigbcter,bvarigenoui
2056 844 2059 851 .

268 874 384 935 benues
404 871 480 951 gods
502 872 510 932 i
534 871 675 953 Sterigc,
698 874 810 935 Nerike
832 873 893 937 och
915 871 1151 956 detergdthland
1163 876 1316 938 nnordnos
1329 877 1374 936 till
1387 876 1531 937 Gslmare
1542 874 1671 938 blusters
1692 876 1932 963 uppbyggande²

269 968 357 1017 utom
381 954 466 1032 llarg
491 954 559 1014 med
582 975 603 1038 9
625 955 817 1017 landbiiuder
828 957 1079 1040 ocbdqrarnar,
1101 957 1253 1041 Tylsstod,
1276 960 1393 1019 Malma
1415 960 1424 1019 i
1446 956 1557 1020 Nerile
1578 957 1640 1020 och
1651 958 1932 1044 Koutsbroqrarn,
2019 997 2020 1004 κ

267 1060 333 1099 som
356 1036 480 1099 tillsalla
502 1036 616 1100 brunes
636 1049 734 1120 syster
755 1042 820 1101 Fru
843 1040 1013 1123 ingeburg,
1044 1052 1123 1101 sumt
1150 1042 1319 1118 Hammar,
1349 1059 1414 1102 som
1437 1041 1533 1122 gilvus
1553 1041 1601 1103 till
1627 1041 1748 1105 bernes
1762 1042 1931 1105 broderssn
1966 1050 1978 1121 ᾗ

265 1122 380 1187 Gustus
382 1165 391 1198 ,
424 1140 510 1199 men,
530 1141 583 1185 cm
605 1120 666 1183 bon
687 1122 746 1188 diir
767 1122 904 1202 barnliis,
925 1125 1065 1192 tilllaller
1087 1122 1233 1201 llostreta
1255 1124 1428 1205 brarjemte
1448 1134 1580 1206 systerns
1599 1124 1678 1207 gdrd
1699 1124 1858 1208 Tytond,
1881 1124 1933 1187 si-

202 1215 209 1219 ”
267 1227 332 1267 som
354 1203 503 1285 lagligare
524 1204 573 1265 liir
594 1203 738 1301 blostret,
759 1204 813 1269 det
833 1227 953 1269 samma
973 1205 1107 1270 tilldelas
1127 1207 1137 1268 i
1158 1206 1268 1289 utbyte
1289 1216 1356 1269 mot
1376 1205 1495 1290 Norby.
1782 1200 1787 1213 ’
1834 1202 1838 1213 ’

1650 1289 1796 1361 Abyd

244 1420 444 1507 Omnibus
474 1425 678 1531 presencia
704 1423 924 1505 visurisvel
940 1421 1141 1505 audituris
1163 1452 1279 1505 soror
1309 1424 1560 1506 Manassen
1588 1422 1773 1517 Gctsrnut
1800 1451 1932 1535 quon·

132 1536 226 1626 dam
254 1560 359 1617 rrum
389 1532 543 1615 ordinis
573 1530 872 1642 predicatorum
901 1532 952 1615 de
974 1535 1200 1615 Calmarnia
1215 1535 1384 1617 salutem
1400 1538 1441 1617 in
1457 1533 1621 1615 domino
1636 1537 1930 1646 sempiternam.

132 1649 335 1754 Quoniam
364 1644 534 1725 dilectus
554 1644 679 1725 frater
694 1674 804 1727 meus
820 1643 1007 1726 dominus
1022 1644 1186 1727 karolus
1215 1663 1255 1727 et
1284 1645 1490 1727 karissima
1518 1672 1634 1727 soror
1662 1672 1749 1727 mea
1768 1643 1930 1729 domina

132 1760 368 1869 Jngibnrgis
396 1754 646 1865 temporibus
675 1755 844 1837 illustris
869 1756 1066 1865 principis
1092 1755 1244 1837 domini
1273 1759 1377 1864 regis
1405 1757 1553 1865 Magni,
1583 1757 1836 1866 presentibus
1864 1785 1932 1841 ve·

60 1942 71 1949 .
133 1871 315 1952 nerabile
345 1883 459 1977 patre
486 1865 653 1947 domino
674 1865 839 1949 anundo
866 1868 1057 1977 episcopo
1085 1868 1351 1977 strenginensi
1372 1884 1412 1949 et
1440 1865 1605 1949 domino
1622 1868 1836 1952 benedicto
1851 1896 1932 1977 pae-
2018 1960 2021 1970 .
2101 1926 2107 1933 -

69 2019 72 2022 ·
129 2001 278 2065 taerson
296 1982 440 2059 marito
455 1979 605 2079 sororis
620 2007 705 2060 mee
722 1973 899 2060 eiusdem
915 1994 1152 2087 potestatem
1170 1979 1265 2059 mihi
1293 1977 1512 2086 plenariam
1529 1998 1933 2087 etconsensumpre·

130 2094 339 2187 stiterunt,
367 2089 481 2201 quod
509 2086 559 2168 de
588 2089 707 2170 bonis
734 2090 832 2169 meis
861 2089 1077 2170 mobilibus
1092 2104 1133 2169 et
1148 2088 1409 2169 inmobilibus
1441 2090 1590 2197 possim
1621 2089 1719 2172 dare
1746 2091 1948 2173 claustris·

131 2222 172 2286 et
200 2202 377 2311 ccclesijs
404 2230 451 2281 ac
480 2199 568 2279 aliis
596 2202 907 2310 quibuscunque
935 2228 1016 2311 que
1044 2217 1085 2280 et
1114 2218 1264 2310 quanta
1290 2200 1479 2296 voluero,
1511 2218 1551 2283 et
1580 2202 1693 2310 quod
1714 2202 1932 2284 ¹residuum

131 2318 333 2399 bonorum
363 2338 544 2392 meorum
571 2310 715 2394 diebus
747 2314 828 2392 vite
858 2339 944 2392 mee
972 2311 1120 2393 babere
1149 2312 1296 2420 possim
1313 2327 1353 2391 et
1374 2308 1580 2419 possidere
1609 2312 1736 2395 libere
1767 2316 1809 2394 in
1827 2340 1933 2423 quo·
2059 2404 2063 2410 ,
2106 2298 2109 2307 ’

131 2454 294 2537 cunque
322 2440 433 2503 statu
460 2425 692 2504 conuersari
723 2450 785 2502 me
812 2425 1041 2530 contingat,
1078 2424 1244 2531 cupiens
1286 2449 1445 2503 omnem
1467 2420 1559 2505 litis
1584 2428 1788 2506 materiam
1817 2427 1932 2533 peni·

133 2558 198 2619 tus
227 2563 434 2633 amouere,
463 2549 503 2614 et
532 2534 640 2614 inter
666 2561 824 2616 sorores
852 2534 982 2614 nostri
1009 2532 1175 2614 claustri
1203 2560 1249 2614 ac
1278 2530 1444 2615 heredes
1457 2560 1566 2617 meos
1594 2562 1732 2645 pacem
1766 2552 1806 2616 et
1827 2562 1932 2632 con-

131 2648 310 2732 cordiam
339 2650 583 2742 instaurare,
614 2662 755 2725 notum
785 2645 889 2726 l'acio
918 2671 991 2753 per
1021 2662 1243 2753 presentes,
1287 2642 1399 2755 quod
1436 2672 1526 2726 cum
1554 2645 1736 2729 habitum
1768 2646 1932 2755 religio·

130 2764 193 2841 nis
222 2784 461 2841 assumerem
520 2757 747 2838 resentibus
775 2754 1101 2865 dominolllagno
1117 2754 1294 2836 karlson.
1310 2754 1474 2839 domino
1505 2756 1565 2839 .N.
1588 2757 1820 2863 sigridison.'
1845 2759 1930 2845 Do·
1993 2830 1996 2835 ,

133 2874 243 2953 mino
271 2872 334 2951 .N.
363 2784 592 2949 sestridison
623 2896 669 2949 ac
698 2867 785 2947 aliis
813 2866 1160 2976 quampluribus
1201 2866 1411 2975 fidedignis
1439 2884 1537 2949 tunc
1566 2870 1820 2977 congregatis
1848 2869 1931 2949 oal-
1962 2878 1967 2883 '

131 2986 301 3080 marnie,
330 2981 407 3062 boc
437 2976 558 3061 modo
586 2976 637 3060 de
666 2978 922 3062 bonis'meis
951 2976 1161 3077 ordinaui,
1205 2976 1393 3062 videlicet
1435 2979 1545 3088 quod
1590 2976 1770 3088 predicta
1813 3008 1930 3062 soror
2036 2972 2044 2990 ⁸

132 3125 218 3177 mea
249 3095 409 3176 domina
440 3094 485 3173 .J.
513 3117 593 3200 que
624 3118 684 3170 mc
713 3092 799 3184 iure
828 3091 1144 3202 propinquitatis
1172 3089 1297 3172 babet
1311 3088 1557 3189 hereditare,
1586 3119 1677 3172 cum
1701 3094 1784 3174 suis
1816 3091 1931 3174 here·

130 3209 269 3303 dibus,
299 3222 390 3314 post
419 3219 589 3282 mortem
620 3227 764 3299 meam,
793 3203 945 3283 curiam
973 3229 1100 3283 meam
1129 3201 1272 3310 bergh.
1301 3230 1391 3283 curn
1420 3229 1568 3283 nouem
1589 3202 1744 3284 colonis
1772 3217 1930 3313 etqua·
2049 3243 2052 3246 ·
2113 3255 2122 3262 -

130 3338 228 3401 tuor
264 3313 504 3396 molendinis
544 3316 769 3424 ceterisque
817 3313 1048 3394 attinenciis
1089 3313 1278 3395 omnibus
1314 3313 1443 3396 eidem
1463 3304 1591 3394 'curie
1630 3311 1930 3410 adiacentibus,

129 3433 282 3513 'curiam
313 3454 437 3507 meam
466 3426 507 3504 in
535 3422 775 3532 tlrylfstadb,
804 3425 957 3504 curiam
973 3450 1101 3504 meam
1131 3427 1174 3504 in
1203 3423 1401 3505 Maelmum
1430 3427 1472 3505 in
1502 3425 1680 3520 Nerioia,
1710 3443 1750 3506 et
1777 3424 1930 3508 molen-

130 3544 228 3625 dina
257 3567 343 3619 mea
373 3539 414 3619 in
442 3533 662 3633 lrnutsbro,
692 3532 893 3644 possideat
923 3535 1009 3616 iure
1037 3534 1180 3647 pleno,
1223 3536 1277 3614 ita
1322 3553 1457 3618 tamen
1486 3535 1597 3646 quod
1628 3536 1679 3617 ad
1708 3535 1793 3616 dics
1822 3561 1931 3618 meos
2061 3619 2064 3626 .

132 3652 380 3762 integraliter
408 3634 553 3729 cedant
581 3647 623 3728 in
653 3675 747 3727 vsus
782 3641 948 3728 claustri
976 3648 1106 3726 nostri
1150 3647 1248 3728 mibi
1276 3646 1329 3727 ad
1357 3649 1507 3729 victum
1536 3663 1576 3726 et
1604 3647 1792 3729 vestitum
1821 3647 1929 3728 bona

130 3777 367 3857 memorata,
408 3759 552 3840 Cetera
589 3786 688 3839 vero
715 3757 822 3840 bona
850 3786 937 3838 mea
967 3775 1045 3838 tam
1077 3758 1238 3839 mobilia
1269 3785 1389 3868 quam
1419 3755 1626 3838 inmobilia
1655 3759 1730 3837 sita
1759 3759 1813 3854 in,
1843 3785 1930 3838 sve·

128 3879 211 3973 cia,
241 3873 401 3956 Nericia
437 3887 479 3950 et
507 3871 686 3978 ostgocia
729 3868 937 3950 sororibus
964 3865 1117 3950 ordinis
1159 3871 1285 3952 nostri
1313 3869 1526 3950 calmarnie
1556 3893 1631 3979 pro
1660 3871 1930 3968 constructio·

131 4017 182 4068 ne
209 3985 376 4068 claustri
411 3981 570 4064 contuli
595 3985 683 4061 iure
710 3997 909 4090 perpetuo
926 3977 1182 4089 possidenda,
1214 3997 1348 4089 preter
1380 3981 1532 4060 curiam
1563 4005 1688 4059 meam
1718 3982 1761 4059 in
1790 3981 1930 4060 hamar

130 4090 258 4210 quam*
283 4111 454 4206 gostauo
483 4093 566 4176 lilio
595 4091 732 4173 dilecti
760 4091 897 4171 fratris
940 4091 1017 4170 mei
1056 4091 1257 4200 assignaui
1301 4089 1540 4171 condicione
1589 4089 1662 4170 tali
1702 4091 1928 4191 interiecta,

130 4211 243 4321 quod
273 4211 306 4289 si
334 4201 507 4287 eundem
535 4220 748 4312 gostauum
779 4203 881 4282 mori
922 4202 1138 4310 contigerit
1180 4203 1332 4314 absque
1369 4202 1483 4309 prole
1511 4203 1746 4310 superstite,
1788 4197 1929 4282 cadem

129 4323 241 4402 curia
268 4320 323 4415 sit¹
358 4340 543 4400 sororum
586 4330 722 4397 nostre
765 4311 926 4409 domus,
977 4315 1104 4393 Porro
1146 4317 1242 4424 quia
1287 4315 1400 4394 ouria
1437 4339 1519 4394 mea
1550 4314 1695 4422 Norby
1721 4313 1930 4394 sororibus

122 4429 349 4512 'calmamie
390 4429 587 4535 assignata
625 4427 791 4506 nimium
834 4423 956 4506 distat
984 4451 1005 4504 a
1035 4427 1179 4508 ceteris
1221 4425 1337 4506 bonis
1379 4421 1617 4516 earundem,
1656 4453 1746 4504 cum
1789 4448 1929 4506 sorore

123 4528 299 4624 =mea‘de
327 4565 523 4619 consensu
551 4565 737 4620 sororum
764 4535 1073 4617 domus'nostre
1102 4535 1208 4618 facio
1235 4534 1436 4618 cambium
1460 4532 1705 4646 prediorum.
1734 4531 1931 4618 bavides

71 4671 75 4676 “
122 4655 228 4766 ¹licet
252 4647 365 4761 quod
393 4676 509 4732 soror
535 4674 621 4730 mea
649 4667 689 4734 et
706 4645 884 4729 heredes
911 4647 994 4745 sui,
1022 4646 1175 4729 curiam
1203 4651 1247 4732 in
1274 4644 1430 4754 Norby,
1458 4669 1615 4732 sorores
1635 4674 1732 4730 vero
1760 4645 1928 4729 calmar-

172 4868 198 4944 *)
220 4859 442 5006 Epsppeptlven
465 4859 564 4924 tillila
584 4857 654 4922 med
676 4855 1001 4942 mastaurorum
1022 4876 1060 4923 eo
1081 4855 1120 4919 ai
1137 4854 1269 4939 Konung
1292 4855 1399 4939 Birger
1420 4855 1478 4920 den
1492 4875 1531 4942 ²⁷
1552 4855 1631 4940 aug.
1658 4853 1735 4920 1306
1756 4855 1926 4921 victimam

215 4967 234 5008 a
300 4965 310 5006 r
426 4984 428 4987 -
