4317 5975
834 234 1250 346 *3¹9⁴-

124 456 258 565 gum,
274 454 453 563 legaliter
478 456 733 585 resignarunt
759 454 992 570 spontanee,
1018 465 1311 545 consencientes
1338 462 1515 572 plenarie
1546 474 1587 544 vt
1614 464 1700 571 ipsa
1728 490 1799 543 sua
1826 455 1959 545 bona·

122 570 290 651 mobilia
318 585 359 647 et
385 565 590 647 inmobilia
625 566 737 649 daret
778 574 841 652 vel
882 570 1070 654 venderet
1112 574 1234 655 libere
1277 572 1490 655 secundum
1532 602 1598 655 sue
1640 574 1930 682 beneplacitum
2020 654 2022 659 ,

121 680 344 762 voluntatis
385 678 477 759 huic
505 681 764 786 assignacioni
796 700 837 764 et
879 679 1145 789 resignacioni
1167 713 1241 792 ego
1269 689 1529 793 personaliter
1557 685 1738 782 interfui,
1774 714 1820 765 ae
1847 714 1935 765 eam

123 794 207 873 rite
233 786 452 893 secundum
480 789 807 873 consuetudinem
838 811 880 897 et
910 795 1016 901 leges
1058 811 1162 877 te'rre
1190 795 1352 905 publice
1385 799 1636 907 promulgari
1664 796 1714 877 Jn
1743 798 1852 879 cuius
1879 799 1936 875 rei

44 927 46 929 ’
120 904 399 985 testimonium
428 900 553 1006 sigilla
582 897 836 985 dominorum
854 906 1022 987 'Nicolai
1052 907 1204 1012 legiferi
1230 906 1425 993 werendie
1454 927 1494 989 et
1508 908 1659 990 Nicolai
1689 905 1934 991 sestridisson

124 1044 219 1095 curn
247 1040 335 1094 tneo
363 1013 528 1123 proprio
555 1016 807 1122 presentibus
835 1035 929 1097 sunt
957 1047 1141 1127 appensa.

741 1124 791 1186 Pe
800 1127 1004 1205 frinsidan:
1055 1128 1107 1189 all
1122 1130 1200 1190 Besa
1221 1128 1327 1210 skogb.

505 1204 630 1286 Sigilleu
648 1206 713 1302 'tta
738 1228 760 1297 ¹..
773 1208 833 1269 ocb
857 1230 876 1273 a
896 1209 1047 1287 skadade;
1074 1212 1133 1273 llto
1155 1214 1173 1272 'd
1194 1207 1301 1289 botta,
1322 1229 1441 1274 remsan
1463 1229 1549 1303 qvar.

23 1434 37 1453 ’
144 1487 307 1600 1308.
718 1488 866 1602 1300
909 1488 958 1592 a.
1012 1490 1079 1601 13
1126 1484 1360 1636 aputu.

215 1640 329 1724 Grcsve
356 1638 463 1699 Jacoss
491 1638 527 1699 af
550 1638 681 1701 llalland
709 1641 1008 1723 Fiirpantningsbrel
1019 1642 1071 1724 pd
1100 1642 1206 1703 Herlel
1241 1645 1250 1703 i
1277 1643 1483 1718 Grimmeton,
1515 1634 1650 1719 Jonsryd
1679 1636 1740 1698 och
1763 1636 1931 1719 Stralrsryd

249 1722 298 1783 till
321 1721 436 1782 Henrilr
457 1723 568 1803 Morijn
589 1723 639 1785 ldi-
658 1723 719 1785 500
742 1724 824 1805 liidig
846 1726 934 1786 marl
953 1725 1076 1801 silfver,
1112 1724 1183 1785 med
1209 1723 1321 1801 vilior,
1342 1735 1388 1787 att
1409 1720 1479 1783 dem
1500 1731 1555 1782 n'a'r
1576 1740 1640 1781 som
1662 1719 1742 1780 helst
1762 1730 1827 1779 mot
1848 1740 1931 1778 sam—

249 1826 300 1866 ma
321 1816 441 1865 summa
464 1804 565 1864 kunnu
587 1805 735 1883 dterlt'isa,
755 1808 843 1869 ltfvcn
863 1828 914 1868 om
937 1806 976 1867 de
995 1808 1032 1867 al
1049 1807 1160 1868 ltonorn
1183 1807 1229 1868 till
1250 1808 1350 1888 nagon
1372 1826 1468 1867 aunan
1490 1803 1587 1867 under
1608 1802 1690 1937 tifilcp
1711 1804 1876 1937 ffirpanlas.
1998 1858 2004 1875 ,

1647 1925 1651 1938 .
1687 1904 1710 1938 0·
1728 1903 1751 1939 C·
1786 1923 1793 1937 .

238 1985 435 2066 Omnibus
468 2012 640 2094 praesens
667 1989 859 2095 scriptum
882 1988 1154 2069 ‚cernentibus
1194 1989 1368 2081 lncouus
1410 1990 1483 2067 Dei
1512 1990 1636 2093 gratia
1666 1986 1807 2065 Comes
1835 1986 1929 2065 Hal·

122 2093 269 2178 landiae
304 2114 479 2176 eternam
524 2097 567 2177 in
610 2098 782 2178 Domino
824 2099 1000 2179 salutem.
1060 2098 1255 2179 Noverint
1298 2101 1469 2179 universi
1509 2116 1591 2177 tam
1618 2098 1620 2110 '
1632 2096 1781 2205 posteri
1810 2124 1928 2206 qvam

120 2224 360 2318 praesentes,
388 2202 496 2319 qvod
524 2204 667 2288 dilecto
694 2210 810 2290 nobis
837 2212 881 2290 in
909 2209 1070 2290 Christo
1113 2210 1285 2290 Domino
1321 2211 1495 2290 Henrico
1521 2208 1664 2317 Moryn
1693 2205 1742 2318 **)
1769 2225 1810 2286 et
1839 2207 1929 2285 Hae-

51 2400 55 2405 .
120 2316 295 2400 redibus
313 2321 392 2398 suis
419 2320 552 2398 omnia
583 2319 689 2399 bona
729 2337 865 2399 nostra
907 2320 1177 2428 infrascripta,
1220 2317 1401 2400 videlicet
1434 2322 1476 2401 in
1505 2318 1753 2428 Grymatuua
1781 2317 1936 2395 herleel

127 2458 217 2540 qrae
244 2429 457 2509 habuimus
483 2425 532 2508 de
561 2427 799 2538 Thyrberno
824 2429 1019 2511 Swenson
1063 2431 1252 2542 Ionsryth
1280 2449 1320 2511 et
1348 2430 1599 2537 Straksryth,
1628 2458 1717 2511 cum
1745 2429 1930 2507 omnibus

126 2558 169 2620 et
198 2541 361 2643 singulis
402 2536 677 2647 praedictorum
720 2540 915 2620 bonorum
943 2538 1188 2649 ,adjacentijs
1215 2543 1361 2637 scilicet
1389 2541 1570 2649 colonijs,
1598 2540 1817 2650 inqvilinijs
1845 2564 1929 2616 mo-
2045 2534 2047 2541 ⁴

124 2648 296 2739 lendinis
328 2652 434 2730 silvis
460 2652 582 2756 agris,
619 2653 760 2757 pratis,
805 2653 959 2758 pascuis
987 2670 1027 2730 ct
1055 2654 1265 2760 piscaturis
1305 2648 1533 2763 caeterisque
1559 2652 1643 2758 alijs
1671 2652 1749 2730 suis
1777 2650 1930 2729 casibus

124 2762 410 2878 nominatislet
437 2762 694 2842 innominatis
722 2761 833 2842 nullo
860 2780 1044 2869 exempto
1079 2792 1157 2871 pro
1185 2765 1411 2873 qvingentis
1445 2757 1614 2842 marchis
1641 2763 1729 2869 puri
1758 2763 1928 2865 argenti,
2016 2850 2019 2855 κ

125 2869 315 2984 ponderis
349 2873 597 2981 colonijensis
635 2874 933 2981 inpignoramus
975 2899 1046 2979 per
1088 2866 1299 2981 praesentes
1333 2888 1415 2982 'pro
1458 2873 1630 2981 proprijs
1668 2873 1747 2957 suis
1774 2872 1928 2962 usibus,

127 3015 259 3095 ustpue
282 2980 331 3064 ad
360 2980 457 3064 dicti
485 2984 639 3088 argenti
681 2984 843 3064 totalem
886 2984 1121 3064 solutionem
1163 2984 1285 3065 libere
1324 2980 1561 3078 ordinanda,
1604 2987 1659 3062 ita
1686 2978 1795 3093 qvod
1822 2978 1926 3062 idem

127 3098 323 3177 Henricus
352 3095 496 3204 Moryn
524 3113 563 3175 et
591 3095 715 3202 ipsius
742 3090 917 3174 Heredes
955 3095 1207 3176 incumbente
1251 3098 1307 3176 eis
1347 3097 1575 3186 necessitate
1604 3097 1759 3203 possint
1788 3121 1832 3172 ea
1861 3089 1927 3170 de.-

126 3211 284 3316 inoeps,
311 3206 374 3285 cui
403 3207 601 3287 voluerint
628 3232 703 3312 pro
744 3223 856 3285 tanta
885 3204 1047 3284 Summa
1090 3209 1244 3312 argenti
1278 3203 1333 3286 ut'
1351 3208 1634 3313 praemittitur,¹
1651 3231 1847 3312 exponere
1879 3203 1928 3280 ti-

125 3317 216 3399 tulo
242 3318 415 3426 pigneris
442 3335 482 3396 et
511 3316 593 3398 non
634 3333 824 3424 perpetue
852 3315 1099 3396 alienationis
1144 3314 1540 3425 praeconditionaliter
1568 3344 1638 3424 per
1674 3315 1827 3395 excluse
1854 3314 1930 3421 pro

127 3447 185 3512 eo*
203 3445 357 3508 tantum
385 3424 492 3538 qvod
518 3429 633 3508 nobis
660 3443 700 3505 et
729 3423 961 3507 Haeredibus
987 3427 1134 3508 nostris
1176 3446 1268 3536 post
1289 3447 1382 3508 'nos
1424 3425 1602 3508 debitum
1635 3428 1697 3536 jus
1725 3443 1766 3505 et
1794 3427 1928 3534 plena-

128 3542 190 3621 ria
209 3599 215 3624 .‚
231 3540 440 3618 auctoritas
481 3555 728 3618 reserventur
770 3555 810 3617 et
852 3537 1068 3632 salventur,
1113 3541 1395 3646 praenominata
1419 3540 1540 3620 ¹bona
1569 3539 1700 3619 onmia
1728 3565 1817 3617 cum
1845 3563 1930 3614 orn-

128 3653 245 3733 n'ibus
285 3650 365 3730 suis
392 3649 665 3759 suprascriptis
708 3649 961 3758 pertinencijs
1003 3679 1025 3728 a
1067 3677 1305 3759 qyocunque
1347 3651 1411 3730 cui
1454 3646 1559 3729 dicta
1599 3652 1704 3730 bona
1738 3675 1814 3754 pro
1850 3675 1930 3724 me-

129 3779 282 3844 morata
340 3762 529 3840 ventitate
557 3763 708 3864 argenti
736 3761 914 3866 exposita
958 3759 1122 3856 luerint,
1153 3777 1194 3838 et
1222 3757 1552 3869 ,qvandocunque
1587 3760 1703 3841 nobis
1737 3758 1930 3865 placuerit

129 3789 365 3964 redimendi,
394 3869 620 3978 prohibitus
647 3887 688 3948 et
723 3871 888 3949 firmiter
932 3888 972 3948 et
1013 3865 1416 3977 proeoorrditionaliter
1457 3870 1697 3980 subseqnens
1740 3867 1929 3970 articulus

128 4003 170 4064 et
197 3982 441 4091 subscriptus
482 3982 552 4062 liat
579 3981 761 4061 omnibus
800 3979 1096 4072 Successoribus
1136 3982 1282 4060 nostris
1317 3981 1360 4061 in
1402 3977 1549 4060 dictum
1578 3979 1804 4075 Dominium
1835 3977 1929 4054 Hal-

129 4094 279 4189 landie,
321 4094 570 4202 principibus
612 4092 676 4172 vel
717 4091 896 4171 Dominis
937 4091 1273 4201 qvalibuscunque
1324 4092 1386 4170 vel
1429 4092 1726 4201 qvibuscuuque
1767 4103 1929 4194 utputa,

130 4203 238 4316 qvod
265 4232 305 4285 se
334 4202 383 4285 de
425 4201 541 4285 dictis
582 4202 720 4298 bonis,
763 4203 980 4312 cuicunque
1023 4229 1189 4308 persone
1231 4203 1500 4310 impigneratis
1534 4232 1610 4310 pro
1637 4227 1774 4282 eorum
1801 4198 1929 4306 aliqva

129 4319 345 4427 impetione
361 4316 436 4394 ‘vel
464 4317 714 4396 revocatione
733 4351 738 4359 ·
757 4313 983 4392 nullatenus
1026 4307 1310 4397 intromittant
1335 4330 1549 4423 anteqvam
1591 4341 1665 4420 pro
1706 4312 1931 4421 qvingentis

129 4429 298 4508 marchis
323 4428 412 4534 puri
442 4428 597 4532 argenti
625 4423 812 4533 ponderis
839 4424 1088 4532 colonijensis
1132 4451 1155 4503 a
1184 4451 1419 4534 quocunque
1465 4424 1528 4503 cui
1556 4424 1819 4531 impignorata
1847 4419 1930 4497 l'ue-

129 4542 209 4621 rint
236 4534 496 4619 redimentur.
527 4537 672 4637 Datum
701 4535 774 4617 sub
816 4536 1042 4615 testimonio
1088 4535 1213 4641 Sigilli
1251 4535 1398 4630 nostri,
1428 4562 1498 4616 nec
1527 4562 1608 4614 non
1635 4549 1677 4626 et
1704 4530 1927 4636 Sigillorum

136 4765 141 4773 ’
167 4781 191 4856 ’)
211 4779 318 4840 Stulte
338 4779 439 4840 bunna
460 4801 535 4840 vara
559 4779 636 4856 1304
658 4778 717 4838 den
739 4799 778 4860 29
798 4778 889 4837 Mars.

394 4851 398 4858 ι

169 4865 209 4942 ”·)
229 4862 336 4924 Kallas
357 4861 417 4924 bos
439 4862 553 4941 Suhm,
573 4860 652 4923 Hist.
673 4863 709 4922 al
726 4860 897 4936 Danmarl,
925 4861 1013 4922 Tom.
1035 4817 1081 4937 11,
1102 4877 1171 4942 pag.
1194 4857 1267 4938 360,
1290 4810 1413 4941 Modyn.
