4317 5975
973 410 1388 509 ..142-

223 625 227 637 ’
283 633 354 746 bet
383 631 563 749 ipsorum
591 631 751 740 plenam
780 659 826 713 ac
854 632 1024 718 liberam
1057 648 1309 743 potestatem,
1344 632 1561 729 tractandi,
1598 631 1866 741 proponendi,
1902 633 2064 747 allegan-

270 742 342 840 di,
370 742 609 854 excipiendi,
638 746 920 851 componendi,
949 746 1127 827 arbitros
1153 774 1226 828 seu
1260 743 1629 855 compromissarios
1658 743 1856 853 ponendi,
1884 743 1959 827 sub
1986 751 2067 858 quiss

244 902 246 909 ,
284 855 535 965 buscumque
562 854 888 964 obligacionibus
913 858 1000 939 siue
1028 860 1155 968 penis,
1183 856 1390 967 obligandi
1418 856 1623 939 eccksiam
1654 872 1832 935 nostram
1861 882 1932 935 seu
1964 858 2063 942 bona

286 968 424 1078 ipsius,
453 969 570 1048 finem
599 972 639 1046 8(
666 969 938 1076 quitarionem
957 968 1143 1068 faciendi,
1159 969 1281 1051 alium
1296 969 1360 1049 vel
1375 967 1475 1049 alios
1490 986 1773 1077 procuratores
1793 966 2067 1079 substituendi,
2129 998 2137 1025 ⁸

287 1104 445 1158 necnon
466 1078 600 1158 omnia
629 1083 669 1157 &
696 1079 852 1188 singula
881 1079 1067 1178 faciendi,
1103 1108 1185 1193 que
1226 1084 1310 1162 veri
1339 1086 1379 1161 8(
1408 1078 1594 1186 legittimj
1623 1096 1907 1186 procuratores
1929 1080 2067 1164 'facere

287 1205 464 1297 possent,
493 1195 533 1269 8(
561 1216 642 1299 que
670 1218 743 1271 nos
776 1192 853 1301 ipsi
888 1189 1020 1273 faeere
1056 1219 1274 1302 possemus,
1308 1194 1342 1274 si
1377 1206 1585 1302 presentes
1621 1216 1807 1271 essemus.
1843 1192 2069 1299 promitten-

284 1317 344 1381 tes
374 1327 447 1383 nos
475 1316 636 1409 gratum
665 1300 877 1384 habituros
893 1308 932 1384 8(
948 1321 1093 1402 ratum,
1119 1306 1216 1417 quie
1247 1302 1317 1385 uid
1344 1332 1417 1413 per
1431 1299 1593 1383 eosdem
1611 1319 1898 1409 procuratores
1921 1320 2068 1384 nostros

285 1410 350 1491 vel
379 1412 639 1509 substitutum
669 1440 739 1493 seu
773 1414 1011 1497 substitutos
1038 1418 1092 1497 ab
1115 1418 1190 1513 cis,
1217 1335 1381 1495 lactum
1427 1413 1551 1494 fuerit
1593 1414 1636 1491 in
1678 1414 1880 1522 premissis
1913 1418 1953 1494 8(
1979 1420 2070 1522 quo·

287 1522 387 1603 libet
417 1526 713 1633 premissorum.
770 1528 820 1605 Jn
850 1528 964 1606 cuius
993 1526 1053 1634 rej
1089 1528 1378 1622 testimouium,
1421 1524 1597 1632 sigillum
1639 1522 1862 1632 supradicti
1904 1524 2069 1633 Capituli

287 1636 418 1743 uostrj
458 1632 644 1715 duximus
688 1636 940 1745 presentibus
983 1637 1284 1749 apponendum.
1355 1640 1501 1718 Actum
1548 1634 1713 1745 vpsalie,
1753 1638 1875 1717 Anno
1918 1635 2070 1742 Domini

288 1746 411 1851 ...Μ”..
441 1746 598 1847 .,.CC⁸..
643 1748 912 1857 Nonagesimo
939 1749 1133 1833 secundo.
1165 1752 1212 1861 jn
1238 1749 1376 1860 vigilia
1403 1747 1517 1827 Beati
1545 1748 1668 1830 Erici.

724 1890 846 1973 sigillet
866 1889 1006 1967 tkadedt,
1028 1891 1069 1977 pa
1090 1891 1151 1955 den
1173 1912 1212 1953 ur
1233 1891 1355 1954 brefvet
1375 1889 1496 1976 ttippu
1516 1906 1646 1951 remano.

148 2167 155 2174 ·
219 2100 227 2221 s
301 2158 462 2264 1071.
936 2121 1193 2269 (2928
1243 2122 1315 2230 26
1362 2124 1475 2269 Maj.

370 2304 617 2377 tromundus
638 2328 705 2372 sous
735 2310 810 2371 bref
838 2306 909 2371 med
941 2304 1236 2391 tillla'nuagilvaude
1267 2320 1314 2372 att
1339 2307 1417 2371 haus
1437 2308 1546 2371 bustru
1566 2308 1745 2391 Margareta
1767 2304 1836 2367 lore
1855 2304 1912 2365 sitt
1929 2300 2073 2384 gillermll

423 2390 474 2451 ltu
494 2392 541 2469 24.
556 2392 645 2453 mark
667 2402 800 2474 panuut
821 2392 889 2472 jord
911 2394 920 2452 i
943 2392 1043 2477 Strby
1066 2395 1113 2455 till
1136 2392 1334 2455 bandlandeu
1356 2391 1475 2472 Histra,
1502 2392 1574 2456 med
1596 2392 1697 2453 rillor
1726 2398 1773 2450 att
1805 2388 1892 2451 blott
1923 2382 2074 2448 Leochard

422 2475 500 2556 tgde
521 2486 567 2565 att
587 2476 654 2538 lir‘re
674 2474 813 2539 hesumd
836 2476 880 2539 tid
900 2494 1019 2539 ummo
1042 2476 1110 2559 jord
1130 2477 1272 2539 tterlt'isa.
1749 2551 1776 2606 A
1800 2549 1828 2605 6.
1844 2569 1863 2605 ι
1889 2552 1957 2605 ss

401 2658 604 2755 Omnibus
632 2656 684 2739 ad
711 2688 815 2770 quos
844 2690 1009 2771 presens
1050 2664 1246 2769 seriptum
1283 2660 1516 2770 peruenerit
1552 2675 1633 2739 tam
1670 2654 1929 2766 presentibus
1962 2679 2073 2762 quam

293 2768 452 2867 futuris.
479 2773 727 2852 Laoaasnus
754 2788 925 2865 sareoms
959 2796 1087 2854 rietus
1115 2774 1281 2855 salutem
1314 2774 1513 2882 presentis
1547 2770 1630 2849 vite
1667 2771 1819 2878 pariter
1858 2794 1906 2849 ac
1941 2762 2073 2845 lutura
2141 2859 2142 2862 p

291 2883 544 2975 vniuersitati
573 2899 703 2963 vestre
732 2881 830 2965 duxi
859 2885 1117 2994 presentibus
1145 2882 1428 2968 intimandum.
1463 2883 1731 2990 Margaretam
1766 2878 1955 2960 dilectam
1986 2901 2073 2957 vxo-

292 3021 376 3075 rem
406 3022 534 3075 meam
563 3011 657 3074 ante
685 3024 806 3105 quam
835 3024 918 3076 eam
955 2999 1049 3076 mihi
1080 2996 1179 3077 duxi
1209 2997 1400 3104 legittime
1429 2997 1469 3075 in
1508 3021 1688 3076 vxorem.
1725 2991 1856 3073 hinzae
1893 3004 2075 3070 mereato-

291 3106 327 3186 ri
373 3123 474 3215 aput
516 3104 637 3184 finem
680 3107 814 3212 pontis
856 3105 1056 3186 habitanti
1094 3103 1276 3216 predium
1304 3105 1474 3186 duarum
1515 3105 1707 3184 horarum
1741 3119 1853 3182 terre
1886 3104 1929 3181 in
1963 3094 2077 3195 serbi

147 3261 151 3272 ·
292 3218 484 3299 situatum
513 3217 557 3294 in
586 3214 853 3296 attundaland
882 3244 959 3324 pro
987 3217 1090 3298 .XX.
1127 3234 1304 3328 quatuor
1342 3219 1483 3296 marcis
1510 3214 1768 3296 denariorum
1798 3212 2076 3322 impignorasse

294 3329 537 3428 intermino
567 3325 675 3406 dicte
703 3327 766 3407 .Μ.
795 3345 962 3442 accepto
990 3327 1173 3426 videlicet
1208 3329 1344 3408 ultimo
1372 3344 1466 3408 ante
1508 3325 1611 3407 diem
1657 3327 1765 3406 beati
1803 3325 1967 3424 martini
2009 3322 2077 3400 iam

296 3435 438 3520 futu'ro
465 3431 756 3520 redimendum.
787 3467 970 3517 annuens
998 3437 1111 3549 quod
1142 3455 1292 3520 extunc
1333 3439 1376 3518 si·
1412 3435 1635 3547 predictum
1681 3435 1867 3545 predium
1911 3431 2078 3516 s'olutum

293 3581 384 3644 nou
408 3550 529 3648 luerit
555 3547 665 3646 dioto
693 3549 812 3652 binza
850 3549 901 3630 ad
947 3553 1236 3659 proprietatem
1266 3554 1307 3630 8(
1340 3550 1505 3657 plenum
1550 3551 1613 3629 ius
1647 3547 1781 3644 diuini
1821 3546 2078 3646 transferatur

252 3731 254 3738 ,
291 3680 489 3772 perpetue
518 3658 816 3769 possidendum.
842 3661 919 3746 hac
949 3666 1113 3742 racione
1141 3662 1309 3742 subacta
1339 3658 1453 3772 quod
1483 3661 1633 3740 nemini
1653 3679 1757 3740 ante
1786 3652 2080 3741 dictumtermi·

295 3803 391 3854 num
421 3773 498 3882 nisi
529 3771 634 3860 mihi.
663 3769 810 3852 audeat
838 3771 1013 3852 vendere
1042 3776 1074 3852 si
1104 3774 1200 3854 mihi
1237 3775 1438 3853 resoluere
1477 3771 1675 3881 placuerit
1709 3785 1981 3880 prenotatam.
2036 3766 2078 3844 la

298 3889 412 3967 cuius
440 3885 497 3963 rei
525 3883 795 3963 testimonium
825 3880 997 3990 sigillum
1050 3913 1180 3964 meum
1225 3899 1272 3963 a'c
1315 3884 1489 3991 sigillum
1524 3881 1670 3963 dilecte
1704 3883 1842 3962 uxoris
1879 3907 1966 3960 mee
2000 3901 2081 3985 pre·

294 3999 475 4078 sentibus
525 4010 620 4144 spnt
664 4020 854 4105 appensa.
929 3999 1076 4082 Actum
1118 3993 1184 4075 die
1230 3995 1411 4076 securulo
1464 4009 1716 4102 pentecostes
1763 4018 1877 4074 anno
1925 3987 2081 4072 domiui.

341 4116 356 4148 .
444 4113 459 4143 .

297 4111 338 4190 Μ
362 4108 440 4188 'CC
463 4106 548 4186 ‘XC
571 4105 633 4187 ΟΠ,
755 4212 898 4295 Sigillum
920 4218 978 4279 Neo
1002 4235 1014 4278 ι
1039 4215 1217 4296 bor-tutuo
1237 4217 1298 4278 ltro
1318 4235 1337 4277 2
1360 4215 1486 4298 myctet
1504 4212 1661 4314 sladadt.⁴

186 4565 192 4570 ,
306 4435 493 4600 rupa
886 4549 892 4555 .
949 4486 1119 4596 (292.
1159 4445 1210 4552 d.
1249 4445 1284 4554 8
1321 4447 1456 4555 luni

382 4592 509 4717 toral,
526 4627 687 4720 *maura
706 4637 831 4729 taam
855 4636 1120 4702 mamaeam
1145 4633 1333 4719 maun&
1358 4635 1563 4719 anamma
1587 4632 1751 4720 mama
1774 4630 1875 4716 gru„
1899 4630 1951 4694 22
1974 4624 2087 4713 aaa·

431 4723 557 4798 kloster.
587 4748 591 4756 ⁴

332 4803 333 4810 ¹
429 4813 488 4826 ·’
589 4812 654 4844 ι·
1786 4795 2009 4852 aaut·

412 4908 464 4988 Ju
493 4900 656 5016 nouiine
685 4905 812 5015 patris
840 4905 880 4985 8(
908 4901 980 4985 lilii
1009 4907 1049 4987 8(
1090 4904 1255 5016 spiritus
1291 4904 1422 4985 saneti
1458 4905 1598 5004 Amen.
1656 4903 1759 4987 Cum
1788 4901 1833 4990 in
1869 4924 1993 4984 manu
2027 4885 2087 4972 dei
2137 4879 2143 4890 ’

201 5023 208 5032 ’
299 5005 771 5100 murmuratus&
798 5015 949 5098 neseiat
976 5017 1101 5097 homo
1138 5033 1273 5098 utrum
1308 5043 1444 5103 amore
1486 5039 1541 5098 22
1582 5015 1679 5100 odio
1720 5013 1869 5122 dignus
1911 5009 1982 5108 sit,
2001 4995 2087 5088 -sed
