4317 5975
979 422 1370 519 ...33-

269 628 726 753 ter'nduuajmperij
754 639 963 747 negotium
991 638 1042 721 ad
1071 642 1186 752 quod
1215 629 1323 754 missj
1357 644 1526 738 fuimus,
1556 643 1683 726 multa
1712 646 1823 725 11111
1852 648 1893 724 81
1914 644 2075 725 diuersa

271 760 525 875 promos'tris
553 752 937 835 8111111111111111
965 757 1198 839 necessariis
1226 758 1345 839 uobis
1371 753 1616 863 incumbunt
1645 784 1770 836 onera
1807 783 2073 864 expensarum

270 890 376 986 quas
402 875 487 953 sine
515 882 652 947 uestro
681 862 919 946 8111111111
953 864 1203 975 prelatorum
1231 868 1335 949 infra
1363 867 1577 975 legationis
1605 885 1742 950 nostre
1770 870 1965 974 terminos
1991 870 2077 948 exi·

270 976 474 1067 stancium
492 972 670 1085 presidio
697 981 739 1058 81
770 978 1037 1059 subuentione
1074 979 1232 1088 detentj
1270 981 1375 1061 serre
1410 978 1639 1075 nullatcnus
1678 980 1920 1082 ualeremus,
1948 978 2078 1061 dictas

270 1093 522 1207 septuaginta
553 1088 736 1169 Marchas
765 1089 873 1169 infra
908 1088 1054 1169 festum
1091 1093 1199 1175 beati
1237 1093 1441 1172 Michaelis
1479 1095 1659 1199 proxime
1697 1106 1916 1172 uenturum
1951 1118 2076 1202 quem

270 1206 385 1291 vobis
413 1202 620 1311 proximo,
649 1200 847 1297 secundo,
875 1206 915 1281 81
943 1202 1066 1297 tertio
1095 1205 1267 1284 termino
1291 1207 1563 1312 peremptorie
1591 1205 1839 1311 assignamus
1868 1221 2009 1283 nostro
2037 1208 2078 1283 81

269 1315 368 1425 clerj
382 1314 555 1424 predicti
571 1317 732 1393 nomine
747 1339 819 1421 per
834 1329 1014 1393 uestrum
1030 1314 1241 1422 specialem
1259 1317 1448 1395 nuntium
1472 1332 1607 1395 uestro
1632 1315 1813 1423 periculo
1837 1313 2078 1424 deferendas

269 1429 419 1537 Badgis,
454 1424 631 1533 lohannj
674 1422 874 1531 cimbardj
911 1426 1019 1505 nello
1065 1426 1304 1535 rosampelj,
1336 1432 1376 1507 81
1412 1426 1594 1507 Tedaldo
1632 1425 1941 1535 mangialmachj
1976 1427 2078 1506 ciui·-

267 1540 346 1623 bus
374 1545 414 1618 81
442 1536 745 1618 mercatoribus
761 1535 914 1616 lucanis
943 1534 994 1617 dc
1022 1540 1218 1618 societate
1235 1536 1351 1622 ¹dicta
1381 1539 1686 1619 Ricciardorum
1715 1538 1766 1619 de
1795 1540 1886 1619 luca
1915 1537 2079 1617 111111-

213 1690 215 1693 ·
270 1650 339 1759 cuj
367 1650 644 1761 predictorum
673 1676 744 1727 seu
772 1647 942 1727 aliorum
971 1650 1330 1745 111111111111111,
1372 1652 1586 1745 societatis,
1624 1651 1690 1729 111
1725 1650 1856 1759 priorj
1881 1668 1953 1729 aut
1976 1641 2080 1731 sub-

269 1763 401 1875 priorj
425 1766 469 1841 81
495 1760 752 1868 depositoriis
778 1757 948 1839 fratrum
977 1760 1276 1869 predicatorum
1306 1761 1404 1843 dicti
1433 1764 1511 1842 loci
1539 1760 1592 1843 de
1620 1762 1765 1869 Brugis
1787 1764 1822 1843 si
1850 1762 1949 1843 dicti
1973 1789 2080 1842 1111-

270 1890 426 1959 catores
447 1871 512 1951 111
527 1872 674 1981 aliquis
689 1897 828 1949 eorum
844 1898 927 1949 non
956 1875 1210 1981 reperiantur
1238 1874 1402 1970 ibidem,
1430 1873 1534 1981 soluj
1563 1873 1654 1980 darj
1680 1878 1724 1952 81
1752 1874 1947 1982 assignarj
1975 1874 2080 1952 inte·

271 1985 439 2097 graliter
466 1983 642 2079 faciatis,
673 1982 855 2091 alioquin
897 2010 970 2063 vos
1019 2010 1179 2065 exnunc
1230 2003 1355 2094 prout
1405 2002 1556 2063 extunc
1592 1985 1643 2065 ab
1680 1983 1870 2092 jngressu
1911 1984 2080 2067 ecclesie

272 2092 553 2205 suspendimus
580 2094 623 2172 in
657 2094 733 2173 hiis
761 2094 932 2201 scriptis,
962 2094 1071 2204 quod
1101 2096 1135 2174 si
1165 2095 1404 2204 perdecem
1447 2094 1531 2175 dies
1565 2094 1798 2201 huiusmodi
1840 2096 2076 2203 suspencio·

269 2237 363 2290 nem
392 2206 588 2288 duxeritis
616 2202 900 2303 tollerandum,
931 2232 1002 2287 vos
1035 2212 1074 2289 81
1103 2235 1242 2288 omnes
1285 2213 1325 2287 81
1364 2208 1546 2313 singulos
1587 2207 1639 2287 de
1681 2206 1872 2313 Capitulo
1912 2232 2078 2287 exnunc

270 2338 396 2433 prout
423 2332 570 2398 extunc
599 2318 829 2424 inscriptis
858 2315 1005 2398 eisdem
1032 2320 1457 2399 excommunicationis
1492 2317 1657 2399 uinculo
1686 2315 1943 2425 jnnodamus
2000 2318 2088 2416 Ccff

270 2448 403 2527 terum
437 2430 534 2539 qnia
562 2428 768 2527 nolumus
798 2426 911 2541 quod
946 2456 1016 2510 vos
1056 2430 1319 2511 exsolutione
1334 2429 1533 2515 dictarum
1549 2430 1804 2537 septuaginta
1821 2428 2080 2511 Mancharum
2142 2489 2145 2495 -

212 2594 219 2606 ·
271 2546 367 2655 quia
408 2540 527 2621 nobis
570 2538 742 2622 feceritis
770 2540 990 2651 dampnum
1020 2542 1086 2623 uel
1112 2569 1331 2649 grauamcn
1360 2539 1527 2651 aliquod
1557 2541 1775 2649 jnourratis
1797 2548 1852 2621 .&
1886 2540 1997 2651 quod
2035 2544 2079 2623 11

270 2656 431 2739 illarum
457 2654 764 2737 contributione
793 2652 921 2762 aliquj
951 2652 1056 2734 ultra
1089 2657 1195 2733 uires
1229 2659 1270 2735 81
1298 2654 1480 2735 debitum
1508 2671 1791 2761 aggrauentur.
1829 2650 2080 2733 Presentium

270 2762 659 2873 uobisjaoctoritate
688 2764 989 2863 committimus,
1018 2782 1064 2844 ut
1093 2763 1213 2845 deum
1241 2764 1435 2871 habentes
1464 2758 1548 2871 'pre
1582 2764 1711 2844 oculis
1747 2762 1950 2873 predictas
1986 2792 2081 2873 sep·

270 2878 458 2990 tuagmra
487 2875 718 2980 marchasa
741 2874 859 2955 Glcro
888 2876 1046 2986 prelato
1074 2881 1115 2958 81
1142 2876 1312 2983 singulis
1340 2874 1532 2967 uidelicet
1560 2876 1726 2955 exemtis
1754 2881 1794 2955 81
1823 2902 1905 2956 non
1943 2903 2081 2958 exem-

271 3005 366 3102 ptis,
382 2992 665 3096 ¹cisterciensi
682 2987 910 3094 abbatibus
942 2995 984 3067 81
1012 2989 1111 3068 11111
1138 2986 1351 3067 dumtaxat
1393 2991 1584 3096 exceptis,
1627 2988 1892 3069 consideratis
1934 3018 2081 3072 eorum

270 3095 781 3204 facultatibusdiligenter
809 3123 886 3206 pro
920 3115 1005 3178 rata
1040 3123 1206 3177 suorum
1241 3117 1514 3207 prouentuum
1551 3127 1643 3179 cum
1680 3099 1796 3207 justis
1823 3105 1865 3181 81
1893 3091 2081 3182 moderas

272 3215 326 3298 tis
354 3209 539 3319 expensis
566 3235 666 3318 quas
696 3235 769 3289 nos
798 3224 967 3316 propter
994 3208 1073 3289 hoc
1102 3206 1238 3289 subire
1265 3212 1501 3320 contigerit,
1530 3227 1667 3322 petere
1694 3214 1856 3320 exigere
1890 3241 1939 3293 ac
1975 3215 2080 3294 reci·

273 3323 384 3436 pere,
412 3320 730 3405 contradictores
758 3347 924 3430 quoque
952 3349 999 3400 ac
1027 3320 1196 3401 rebelles
1223 3323 1332 3433 siquj
1356 3322 1508 3403 fuerint
1543 3353 1616 3432 per
1651 3348 1861 3405 censuram
1891 3325 2081 3408 ecclesia·

278 3437 418 3520 sticam
446 3431 719 3542 appellatione
749 3434 974 3540 postposita
1004 3459 1257 3540 compescere
1278 3434 1456 3514 ualeatis.
1485 3437 1551 3515 ,111
1585 3450 1720 3514 tamen
1748 3435 1861 3545 quod
1897 3463 1971 3516 vos
1998 3465 2082 3546 pro

199 3577 205 3584 ·
276 3563 365 3630 rata
406 3559 634 3626 vestrorum
677 3559 949 3652 prouentuum
995 3545 1262 3627 contribuatis
1289 3548 1410 3626 etiam
1438 3575 1530 3627 cum
1558 3544 1720 3627 eisdem.
1750 3575 1823 3627 nos
1858 3549 1967 3629 enim
2004 3575 2083 3630 ros

276 3661 311 3740 si
339 3655 512 3767 amplius
545 3682 668 3764 quam
700 3657 955 3764 septuaginta
986 3655 1179 3754 marchas,
1211 3664 1250 3738 81
1278 3685 1475 3767 expensas
1517 3657 1717 3766 predictas
1756 3651 1968 3768 exegeritis
2010 3663 2082 3743 uel

276 3770 509 3879 receperitis
537 3774 576 3847 81
604 3767 682 3875 p'ro
709 3783 824 3875 parte
852 3793 927 3848 uos
955 3769 1188 3874 contigente
1233 3795 1316 3848 non
1358 3770 1664 3851 contribueritis
1694 3798 1820 3879 penas
1847 3776 1888 3852 81
1915 3786 2084 3853 senten·

277 3883 359 3966 1111
387 3881 596 3990 jncurrer'e
624 3876 875 3960 decernimus
917 3878 1179 3987 supradictas.
1244 3881 1328 3965 Has
1367 3880 1568 3994 siquidem
1611 3881 1767 3962 litteras
1814 3886 1858 3965 in
1901 3884 2084 3993 registro

278 4013 416 4076 nostre
444 3993 555 4074 curie
584 3986 636 4070 ad
664 3989 857 4072 cautelam
894 3989 1062 4071 fecimus
1079 3993 1323 4101 registrari,
1356 3991 1412 4075 de
1440 4021 1619 4104 quarum
1655 3995 1957 4104 presentatione
1992 3998 2086 4076 exi·

278 4104 405 4213 bitorj
434 4101 680 4213 presentium
708 4104 854 4183 nuntio
883 4116 1027 4184 nostro
1054 4101 1189 4210 jurato
1217 4104 1404 4191 dabimus
1430 4105 1594 4215 plenam
1609 4105 1743 4188 fidem.
1799 4109 1951 4188 Datum
1966 4106 2085 4216 apud

274 4215 566 4300 blonasteriuin
595 4208 829 4295 Clareuallis
858 4213 1125 4323 Lingonensis
1150 4199 1323 4301 diocesis
1350 4218 1421 4295 vl.
1439 4218 1550 4298 'Jdus
1579 4217 1822 4300 Nouembris
1857 4245 1965 4299 anno
2001 4217 2085 4302 do-

280 4329 379 4439 minj
407 4326 619 4410 1111111111
647 4326 929 4409 Ducentesimo
958 4327 1417 4438 Oetuagcsimoseptimo
1445 4329 1669 4441 apostolica
1695 4328 1790 4413 sede
1831 4344 2014 4414 vacante.

316 4456 319 4464 ’
524 4451 526 4456 ’
910 4467 1030 4552 sigillet
1056 4467 1222 4534 1111111111
1245 4471 1256 4534 1
1282 4469 1355 4537 rtet
1375 4492 1444 4537 vax.
1740 4448 1744 4456 ¹
