4317 5975
998 379 1080 488 =-,
1166 343 1249 462 stt
1358 391 1415 428 ⁶-

246 669 250 676 ,
290 570 486 692 “gimints,
513 553 685 670 racione¹
703 583 828 692 ipsius
860 557 1038 681 ecclesie,
1066 583 1116 666 ad
1144 583 1411 667 sacerdotium
1435 559 1862 692 ,promouerifnccad
1887 586 1925 669 id
1949 613 2059 701 aquo

174 702 175 706 '
295 701 428 806 squam
457 692 645 807 compelli
674 695 830 804 possint
857 696 975 776 inuiti
1004 697 1187 808 qualibet
1214 697 1509 778 constitucione
1554 701 1758 780 contraria
1787 725 1869 778 nou
1893 701 2061 799 obstante,

294 809 702 918 ‘quotienscumquea
719 806 880 916 prelato
895 802 1162 916 procuratore
1177 807 1332 890 fueritis
1355 809 1550 918 requisiti,
1570 807 1730 916 plenam
1749 808 1865 890 uobis
1879 811 2063 920 etsingulis

293 929 484 998 ‘nestrum
500 918 755 1000 concedimus
770 921 1009 999 auctoritate
1025 923 1272 1028 presencium
1288 920 1531 1001 facultatem.
1555 922 1617 1000 De
1633 923 1803 1030 pecunia
1819 948 1997 1029 ueroque
2009 921 2065 1006 lta·

220 1123 225 1130 ¹
293 1021 686 1140 'hebiturpretcxtu
708 1030 977 1110 concessionis
993 1029 1233 1130 huiusmodi,
1261 1032 1428 1142 fiatquo
1446 1025 1778 1113 ad'tradicionem
1794 1033 1916 1140 ipsius
1929 1035 2066 1140 menne
2116 1062 2118 1129 ς

294 1133 525 1220 ‘faciendam
554 1141 811 1250 procuratori
828 1141 1043 1248 predicto,
1071 1158 1112 1222 et
1141 1170 1226 1252 quo
1254 1141 1304 1223 ad
1337 1143 1627 1226 conlectionem
1653 1143 1877 1248 litteratum
1903 1146 2067 1252 receptio·

302 1251 364 1328 nis
393 1251 500 1333 dicte
516 1251 698 1360 pecunie,
728 1277 883 1331 necnon
913 1268 955 1331 et
982 1271 1179 1360 quantum
1208 1250 1261 1333 ad
1288 1255 1614 1336 certificationem
1643 1252 1866 1361 Camerarij
1894 1257 2009 1335 nostri
2029 1254 2068 1334 de

300 1357 448 1441 tradite
478 1363 553 1471 ipsi
584 1363 838 1470 procuratori
857 1366 1038 1472 'pecunie
1066 1367 1313 1473 quantitate,
1343 1366 1447 1446 sicut
1474 1366 1526 1447 de
1542 1368 1633 1446 alia
1655 1366 1849 1474 pecunia,
1876 1393 1954 1474 que
1978 1391 2069 1472 repo

299 1465 421 1550 net'ur
449 1474 491 1552 in
520 1473 664 1553 Archis
694 1472 759 1551 uel
795 1477 947 1554 truncis
990 1477 1101 1570 iuxta
1145 1475 1442 1558 ordinationem
1484 1480 1715 1558 contentam
1760 1479 1802 1556 iu
1839 1477 1925 1573 aliis
1951 1477 2069 1558 nosos

300 1579 444 1664 litteris
474 1583 836 1690 indulgentialibus
865 1593 941 1693 pro
971 1587 1136 1694 negotio
1164 1588 1339 1694 Passagij
1367 1587 1539 1696 predicti
1560 1593 1770 1686 concessis,
1788 1593 1974 1699 'apernus
1998 1617 2070 1672 con

287 1693 467 1775 'tinetun
494 1694 642 1774 Datum
672 1697 844 1775 Pictauis
872 1696 932 1776 Ill
961 1697 1061 1778 Jdus
1090 1700 1261 1807 Augusti
1290 1700 1552 1781 pontificatus
1579 1695 1709 1808 riostri
1738 1707 1861 1782 Anno
1889 1702 2026 1784 Tertio.
2116 1754 2117 1803 Γ

492 1855 496 1894 r
540 1835 590 1898 Pt
610 1838 796 1924 appreciet:
817 1837 853 1899 N.
875 1837 913 1898 de
936 1838 1044 1900 fractu.
1079 1837 1128 1903 Pa
1138 1837 1338 1921 [rancidam
1360 1841 1447 1902 hulla
1469 1842 1508 1902 de
1530 1821 1670 1927 passagio
1691 1841 1862 1906 clementis.

830 1951 940 2016 Bullen
963 1953 1152 2031 borllsllen3
1183 1955 1460 2038 segelgarnssndtet
1479 1978 1568 2041 quar.

278 2181 474 2406 ι1591.
819 2271 836 2412 ,¹
930 2241 1465 2404 1308d.1a''Aug.
1874 2260 2067 2364 Poitiers

376 2470 497 2534 Pttven
522 2467 659 2532 Casuras
680 2467 738 2532 Vts
758 2471 847 2534 Bulla
871 2435 1170 2562 till'irlebislopc'n
1193 2479 1203 2539 i
1224 2477 1359 2560 Upsala,
1381 2477 1548 2564 Bislopar,
1579 2480 1738 2552 dlrbctcr,
1769 2479 1903 2543 Priorer
1922 2478 1980 2542 och
1996 2475 2069 2540 toln

2116 2146 2117 2157 t

2116 2196 2118 2203 ι

419 2549 574 2635 -Kyrlans
595 2553 748 2631 Prolem,
769 2567 851 2618 sumt
872 2557 918 2618 till
941 2559 1144 2644 Domlapitel
1167 2559 1229 2623 orla
1250 2561 1440 2637 Koureutsr,
1464 2564 1532 2624 med
1545 2565 1672 2626 kallelse
1684 2565 1731 2625 till
1746 2563 1945 2647 Kyrlomdte
1965 2565 1974 2624 i
1992 2561 2066 2628 Visa·
2116 2590 2117 2607 κ

429 2649 483 2714 ue,
505 2635 553 2699 [ὃν
573 2645 619 2698 att
640 2635 741 2700 redata
763 2659 814 2700 om
837 2640 1207 2734 'immineres-(Meo,
1226 2644 1330 2726 heliae
1351 2646 1472 2708 laudate
1492 2647 1693 2730 stertagaudc
1714 2667 1756 2710 m.
1778 2669 1820 2784 up.
1842 2746 1857 2784 ι
1884 2730 1904 2784 b
1929 2729 1957 2794 Ἴ

413 2855 606 2940 Constans
633 2829 848 2968 episcopus
875 2887 1017 2942 seruus
1043 2887 1255 2943 seruorum
1270 2861 1346 2946 dei.
1363 2865 1661 2948 venerabilibus
1676 2866 1893 2976 patribus.
1908 2925 1919 2944 .
1935 2861 2066 2942 Archia·
2116 2914 2117 2921 κ

292 2966 463 3082 piscopo
490 2965 689 3075 upsalensi
718 2984 758 3049 et
787 2971 998 3083 Episcopis
1041 3002 1088 3055 ac
1122 2974 1289 3057 Dilectis
1316 2975 1409 3087 filijs
1438 2976 1586 3059 Electis
1628 2977 1862 3060 abhatibus
1890 2972 2066 3059 Prioribus

293 3078 465 3159 Deoauis
494 3080 711 3187 Prepositis
738 3082 1096 3193 Archipresbiteris
1124 3086 1426 3171 Archidiaconis
1454 3104 1495 3169 et
1522 3087 1613 3199 alijs
1633 3079 1902 3171 ¹ecclesiarum
1931 3082 2066 3169 Prelat's

290 3191 489 3296 exemptis
517 3196 671 3271 etrnon
703 3200 898 3301 exemptis
926 3214 968 3277 ct
1001 3224 1142 3278 eorum
1185 3200 1386 3308 Capitulis
1412 3216 1453 3281 et
1481 3202 1761 3293 conuentibus
1782 3226 1867 3309 per
1911 3196 2063 3307 vpsaleu·

117 3390 157 3417 ·,
289 3324 372 3379 sem
403 3300 654 3405 prouinciam
685 3308 924 3389 constitutis.
955 3306 1134 3401 Salutem
1162 3328 1203 3389 et
1231 3311 1490 3417 apostolicam
1522 3310 1857 3409 benedictionem.
1908 3311 2064 3433 Regnum

289 3412 333 3489 in
361 3410 457 3491 celis
486 3411 740 3517 triumphans
762 3416 932 3512 ,ecclesia
962 3420 1077 3498 cuins
1093 3437 1244 3527 pastor
1270 3438 1331 3503 est
1360 3440 1476 3531 pater
1489 3440 1651 3505 eternus
1679 3426 1746 3504 cui
1773 3440 2064 3505 sauctorumnr

289 3520 462 3601 nistrant
490 3523 647 3626 agmina
677 3538 721 3599 et·
747 3522 875 3603 laudis
903 3526 1073 3634 gloriam
1101 3532 1338 3638 angelorum
1367 3536 1713 3617 choridecantant
1742 3537 1784 3615 in
1812 3536 1935 3617 terris
1961 3526 2065 3613 adsui

171 3710 174 3730 ,
287 3629 589 3711 similitudinem
605 3646 646 3711 ct
661 3642 1042 3745 representationem
1071 3644 1280 3724 constituit
1293 3645 1498 3727 ecclesiam
1514 3645 1750 3727 militantem
1781 3638 2064 3754 unigenitolil'u

288 3740 354 3823 dei
382 3742 467 3821 uiui
495 3740 661 3823 domino
689 3746 803 3827 ihesu
846 3748 995 3829 christo
1037 3750 1234 3835 ineffabili
1263 3748 1526 3848 commercio*
1544 3758 1773 3867 copulatam
1802 3758 1845 3837 in
1877 3784 1959 3867 qua
1984 3751 2064 3833 idm
2116 3825 2117 3834 ,

286 3854 518 3961 unigenitus
547 3850 611 3934 dei
641 3854 745 3935 lilius
772 3885 793 3935 a
825 3876 940 3967 patre
982 3847 1248 3970 prdgrediens
1276 3894 1350 3975 per
1379 3868 1692 3953 illustracionem
1731 3869 1923 3976 paracliti
1949 3887 2065 3975 proce·

286 3963 418 4045 dentis
448 3964 599 4071 pariter
627 3965 678 4045 ab
710 3982 884 4077 utroque
913 3974 1054 4053 statuit
1100 3972 1192 4076 fidei
1238 3976 1548 4060 fundamentum
1589 4007 1684 4059 sane
1712 3980 1896 4060 Romana
1924 3973 2064 4059 ecclesia

285 4093 411 4159 mater
438 4074 539 4173 alma
571 4071 747 4157 fidelium
780 4072 904 4187 caput
933 4100 994 4163 est
1021 4082 1262 4193 disponente
1289 4086 1456 4171 domino
1482 4092 1738 4173 ecclesiarum
1759 4092 1931 4171 aliarum
1959 4083 2064 4169 omni·

285 4214 364 4267 um·
383 4203 424 4266 et
453 4185 654 4293 Magistra,
679 4215 701 4267 a
731 4216 811 4297 qua
842 4191 966 4271 ueluti
996 4205 1030 4273 a'
1048 4198 1256 4303 primitiuo
1283 4198 1656 4311 fonteadsingnlas
1675 4200 1966 4284 aliaseiusdcru
1991 4192 2063 4277 fidei

284 4296 409 4400 riuuli
435 4294 675 4398 deriuautur
702 4298 764 4381 Ad
799 4304 914 4381 cuius
941 4307 1119 4413 regimen
1158 4308 1290 4407 uoluit
1317 4312 1454 4394 christi
1482 4314 1698 4397 clemencia
1725 4314 1954 4411 Romanum
1979 4312 2062 4392 Pon·

284 4407 428 4493 tificem
458 4410 546 4489 uice
574 4408 637 4487 sui
665 4404 860 4517 deputare
878 4414 1101 4501 ministrum
1130 4438 1177 4508 ot
1204 4422 1525 4508 instructionem·
1538 4444 1579 4509 et
1605 4424 1831 4507 doctrinam
1848 4425 1973 4533 ipsius
1997 4416 2062 4499 elo

165 4616 172 4626 .
284 4520 382 4625 quio
412 4519 594 4627 ueritatis
622 4522 855 4628 euangelica
886 4524 1096 4625 traditam,
1139 4536 1274 4623 cuncti
1304 4537 1433 4632 renati
1462 4537 1575 4622 sonte
1602 4538 1876 4643 baptismatis,
1918 4540 2059 4614 termut

283 4646 325 4707 ct
352 4646 631 4736 conseruent,n
647 4632 701 4713 Et
722 4635 800 4742 ¹qni
828 4632 905 4733 sub
935 4636 1010 4719 hac
1036 4636 1221 4723 doctrina
1260 4672 1424 4727 cursum
1450 4650 1534 4727 uite
1563 4665 1672 4730 recte
1702 4648 1951 4754 peregerint,
1976 4637 2061 4721 salui

275 4738 398 4834 liant,
427 4741 509 4843 Qui
540 4769 639 4843 uero
667 4744 780 4849 absa
801 4746 831 4859 ¹)
859 4745 1479 4864 deuiauerintcondernpnentur
1505 4762 1602 4869 Jpsa
1631 4786 1777 4867 nempe
1802 4758 2061 4862 Remanent·

323 4952 348 5029 *l
370 4908 486 5062 Bu'lul
503 4934 561 5011 Nso
587 4923 664 5053 ¹59}
685 4955 694 5014 i
716 4972 833 5033 samma
855 4962 944 5019 amne
966 4958 1013 5022 till
1033 4958 1210 5047 Kcuuugca
1232 4950 1386 5050 i'Saerge·
1401 4966 1461 5034 har
1481 4938 1618 5053 liiliande
1638 4965 1812 5034 olilltetcr:
1856 4973 1883 5055 'l
1903 4968 1969 5053 ipsa

2113 3219 2117 3344 l
