4317 5975
2099 498 2100 555 l

307 582 493 664 volumus
518 571 644 678 Quod
676 599 748 654 nos
774 575 926 652 curiam
959 571 998 650 in
1028 571 1233 678 lranghum
1248 567 1416 683 *)quam
1432 568 1605 650 dilectus
1622 584 1736 677 pater
1754 587 1883 648 noster
1903 570 2040 656 domina
2099 558 2101 635 l

306 685 574 800 suantapulch
603 685 746 766 dilecte
793 684 870 763 lilie
897 711 969 762 sne
998 680 1161 764 domine
1190 682 1240 762 .lr.
1269 680 1472 761 abbatisse
1508 681 1549 759 in
1593 684 1717 760 rretis
1757 681 1940 791 simulque
1975 713 2042 766 oca·

306 803 449 888 uentui
479 795 625 880 ibidem
657 797 867 904 perspicue
897 813 937 872 et
981 791 1163 900 legaliter
1215 791 1452 874 conferebat
1489 807 1643 899 partem
1687 808 1860 870 nostram
1899 797 1933 872 in
1968 795 2043 876 dicta

306 919 417 998 curia
446 911 522 992 sub
551 909 629 987 rati
660 907 870 986 habicione
900 905 1183 984 confirmamus
1211 931 1320 984 mera
1348 903 1577 1000 uoluntate,
1607 906 1658 982 ln
1687 905 1804 982 cuius
1834 903 1887 982 rei
1923 905 2046 988 euidens

305 1024 576 1108 testimonium
616 1033 826 1127 presentes
872 1017 1022 1096 litteras
1063 1015 1224 1124 siggillo
1275 1031 1417 1095 nostro
1458 1042 1537 1094 rna
1571 1013 1731 1122 siggillo
1776 1013 1911 1110 dilecte
1939 1019 2047 1097 sororis

307 1151 444 1219 nostre
473 1131 634 1214 domine
664 1129 712 1210 .t.
741 1129 941 1210 abbatisse
971 1127 1092 1207 vretis
1128 1143 1173 1206 vt
1208 1124 1361 1206 dietum
1397 1141 1457 1206 est
1496 1123 1758 1220 roboramus,
1803 1125 1938 1206 Datum
1972 1156 2047 1208 anno

307 1247 460 1332 domini
497 1245 580 1326 .M⁰.
606 1241 741 1323 CCC⁰.
768 1237 844 1321 X⁰.
873 1235 1042 1318 sabbato
1071 1257 1164 1317 ante
1192 1236 1336 1317 festum
1368 1233 1563 1317 kathedra
1590 1239 1717 1318 sanati
1747 1238 1863 1344 petri.

992 1381 1040 1444 Pt
1050 1380 1247 1462 srrlnridanae
1267 1378 1404 1462 langha.

742 1495 875 1582 Sigillari
895 1495 1089 1574 bortlallna3
1110 1517 1234 1560 remma
1256 1497 1307 1560 till
1327 1497 1390 1562 rizo
1416 1513 1427 1560 t
1453 1495 1552 1560 hanes
1573 1515 1663 1580 qm.

317 2111 474 2230 1655.
925 2098 1076 2212 1310
1123 2097 1171 2204 d.
1221 2136 1291 2206 aa
1340 2093 1490 2204 Febr.
1595 2031 1601 2046 1

388 2297 520 2360 bitom
539 2289 705 2356 Eamstoru
724 2286 892 2372 bytesbres
908 2285 950 2372 pt
970 2285 992 2350 8
1012 2283 1184 2370 h‘rtugland
1206 2287 1216 2348 i
1242 2287 1501 2366 easthammor,
1534 2307 1603 2351 rom
1634 2286 1752 2352 lemnae
1785 2288 1838 2352 till
1868 2286 2056 2367 wurmherr-

426 2376 547 2440 kloster
566 2382 635 2438 mot
655 2373 676 2436 8
695 2369 867 2456 driuglsnd
890 2373 900 2432 i
921 2367 1062 2454 liusaby.
1847 2454 1873 2508 Α
1899 2456 1915 2509 3
1937 2451 1961 2507 k

413 2558 615 2642 Omnibus
644 2571 847 2666 presentes
876 2556 1028 2636 litteras
1056 2555 1300 2660 inspecturis
1326 2578 1495 2638 uacuos
1524 2581 1627 2638 saint
1654 2552 1828 2638 condam
1850 2552 2055 2638 rrnrussaln·

303 2689 381 2754 tem
411 2677 455 2753 in
483 2669 648 2752 domino
675 2669 956 2777 sempiternam
993 2669 1184 2746 nouerint
1211 2682 1291 2746 tam
1324 2684 1528 2775 presentes
1558 2696 1680 2778 quam
1710 2685 1805 2776 post
1851 2668 1969 2760 sutrri
1995 2665 2056 2742 rni-

303 2783 410 2866 uersi
438 2809 500 2864 me
529 2783 886 2862 commutacionem
917 2793 1117 2858 terrarum
1145 2803 1239 2858 cum
1267 2783 1449 2886 personis
1477 2776 1659 2860 discretis
1695 2794 1736 2859 et
1763 2779 1959 2888 religiosis
1982 2773 2058 2858 ride

302 2895 502 2977 licetcum
525 2889 687 2972 domina
718 2891 758 2970 K
787 2889 987 2972 abbatissa
1014 2886 1065 2968 de
1092 2903 1231 2968 moute
1259 2891 1377 2972 beato
1404 2889 1573 3001 virginis
1601 2919 1678 2973 vna
1710 2915 1802 2972 cum
1825 2890 1976 2972 deuotis
1995 2911 2056 2967 saa·

301 3004 600 3091 atimonialibus
628 3000 775 3083 ibidem
806 3000 1010 3084 humiliter
1039 2999 1117 3081 deo
1158 3018 1199 3081 et
1239 3002 1454 3113 vigilanter
1495 3003 1765 3085 seruientibus
1811 3004 1949 3084 iecisse
1972 3000 2058 3103 assig-

302 3133 443 3199 nantes
471 3114 598 3199 eidem
635 3112 861 3197 domineK
895 3110 1095 3195 abbatisse
1138 3112 1361 3224 ceterisque
1404 3114 1745 3221 conuentualihus
1786 3114 1917 3195 vitta
1950 3106 2059 3193 solidos

300 3247 408 3312 terre
435 3230 478 3309 in
508 3226 784 3319 raemsbamar,
829 3252 918 3305 eum
948 3224 1054 3331 agris
1081 3226 1209 3331 pratis
1244 3226 1476 3305 nemoribus
1512 3224 1624 3305 siluis
1667 3223 1963 3335 piscacionibus
1985 3236 2058 3302 ceta

298 3344 437 3452 risque
464 3340 693 3419 attinenciis
721 3338 829 3416 intus
861 3352 903 3414 et
931 3350 1043 3415 extra
1071 3360 1188 3441 sepes
1218 3362 1294 3442 pro
1326 3334 1447 3416 ,vttt
1481 3335 1665 3417 solidatis
1699 3354 1808 3417 terre
1847 3337 1888 3417 in
1930 3330 2059 3427 hpsaebi

300 3454 388 3533 iure
419 3469 616 3559 perpetuo
645 3443 849 3557 possidere
878 3448 921 3525 in
956 3446 1070 3525 cuius
1107 3446 1165 3525 rei
1202 3447 1475 3527 testimonium
1510 3462 1552 3527 et
1590 3446 1841 3531 euidenciam
1879 3447 2057 3555 pleniores

298 3562 474 3671 sigillum
504 3576 684 3639 nostrum
715 3557 970 3665 presentibus
997 3572 1058 3635 est
1086 3583 1308 3663 appensum
1337 3557 1472 3637 fastaer
1501 3556 1695 3642 iohannes
1731 3560 1774 3639 in
1815 3558 1966 3657 bellibi
2000 3556 2058 3634 lau·

300 3674 460 3753 renoius
488 3671 529 3749 in
555 3669 643 3751 vich
673 3686 800 3749 tomas
828 3670 867 3747 in
897 3666 1001 3765 arbir
1029 3664 1272 3764 kitiluastus
1299 3666 1352 3749 de
1388 3667 1599 3769 hauamiri
1628 3690 1793 3779 petrvus
1831 3667 1992 3766 raelshoi
2014 3667 2058 3745 ion

297 3782 349 3865 de
379 3766 553 3882 biri-hum
583 3778 823 3888 tlrirghulfus
851 3778 901 3859 de
932 3775 1090 3877 lundbir
1119 3778 1347 3859 laurencius
1375 3776 1425 3861 de
1455 3779 1614 3881 lundby'r
1642 3782 1773 3881 tubbi
1807 3780 1864 3865 de
1899 3780 1993 3876 arbi
2021 3778 2060 3853 ni·

298 3896 436 3977 colaus
465 3893 515 3973 de
544 3892 691 3993 strubir
722 3891 932 3971 hernostus
960 3888 1011 3971 de
1039 3888 1205 3998 grydbi‘
1233 3891 1461 3973 laurencius
1482 3890 1532 3975 de
1560 3894 1789 3995 wilhaenaes
1828 3909 1947 3976 testes
1973 3887 2059 3976 huius

298 4023 413 4087 actus
439 4022 534 4085 sunt
565 4022 699 4113 petrvs
725 4000 775 4083 de
804 3999 1140 4128 hauamyriodan
1168 3999 1220 4084 de
1249 4002 1481 4085 hershamar
1520 4003 1659 4089 datum
1698 4031 1809 4087 anuo
1857 3999 2001 4087 domini
2033 3992 2058 4073 ll

232 4130 236 4135 ’
297 4118 465 4199 00οΧ
494 4118 534 4195 in
565 4112 753 4196 cathedra
782 4114 911 4193 saneti
940 4131 1056 4221 petri.

391 4260 440 4324 rs
450 4258 649 4343 srrlmr'den:
670 4256 718 4321 ne
739 4253 813 4321 Vlll
835 4253 944 4317 solidis
964 4262 1050 4315 terre
1071 4255 1104 4315 in
1125 4254 1338 4333 remibamar3
1358 4256 1432 4321 med
1451 4249 1583 4321 redactae
1603 4258 1711 4321 had:
1729 4278 1798 4323 som
1820 4256 2000 4324 abbatissas

959 4336 1002 4401 fik
1023 4337 1035 4397 i
1054 4334 1134 4421 byte
1153 4340 1191 4401 at
1206 4341 1298 4405 Maus
1318 4340 1432 4403 Erron.

695 4452 820 4537 sigillet
841 4451 1008 4517 bortlallet
1028 4452 1102 4517 irin
1121 4452 1183 4519 dea
1203 4474 1245 4519 ur
1264 4454 1391 4519 brelret
1410 4457 1536 4543 hlippta
1557 4476 1689 4520 mmran.

338 4744 364 4821 *)
381 4740 549 4804 Sannolilt
569 4738 784 4821 miminisning
805 4738 856 4801 iiir
878 4736 1058 4821 laughum,
1078 4736 1292 4822 ronchum
1311 4758 1432 4805 ramma
1452 4758 1548 4807 aaran
1566 4760 1636 4807 tom
1656 4738 1711 4808 det
1732 4761 1776 4805 aa
1792 4738 1944 4818 vennae,
1961 4741 1971 4800 i
1989 4752 2061 4818 pn·

379 4826 491 4909 rhapet
511 4824 549 4887 al
565 4826 680 4889 Wreta
701 4822 835 4906 beligne
856 4820 959 4906 Kaga.
1091 4916 1096 4925 Ι
