4317 5975
947 363 1367 452 ..538-

264 589 419 689 dicad
446 585 679 673 huiusmodi
720 589 947 700 passagium
989 603 1088 670 sunt
1129 589 1411 701 multipliciter
1451 603 1658 696 oportuna
1704 613 1781 676 nos
1819 591 2031 680 considerata

269 709 313 787 in
340 704 419 784 hiis
445 729 587 784 eorum
615 701 745 784 salute
771 724 946 813 quorum
974 702 1126 784 animas
1155 703 1214 784 illi
1242 703 1357 783 cuius
1399 700 1532 783 locum
1570 700 1757 810 quamuis
1797 702 1965 787 inmeriti
1987 725 2034 790 te·

267 843 410 899 nemus
433 816 475 896 in
502 816 624 897 terris
652 812 888 896 lucrifacere
915 812 1466 924 multipliciterdeleetamur.
1494 811 1818 922 quamplurium
1845 816 2034 924 graciarum

269 945 312 1010 et
339 926 690 1034 indulgenciamm
719 925 912 1008 beneficia
948 927 1113 1037 eopiosa
1155 925 1343 1008 fidelibus
1389 925 1487 1034 ipsis
1515 921 1705 1006 duximus
1746 923 1981 1008 concedenda
1995 949 2037 1014 rt

271 1055 408 1121 autem
435 1035 589 1118 dictum
614 1035 841 1118 subsidium
870 1035 1003 1118 valeat
1029 1037 1158 1120 eidem
1188 1054 1295 1119 terre
1321 1035 1494 1118 celerius
1509 1036 1728 1144 prouenire
1749 1035 1925 1119 volumus
1948 1041 2038 1148 quod
2106 1041 2110 1054 '

269 1177 345 1246 nos
372 1166 413 1231 et
440 1147 589 1258 singuli
617 1161 795 1230 vestrum
824 1145 960 1230 fideles
1000 1147 1208 1260 quoslibet
1250 1164 1471 1230 vestrarum
1515 1147 1727 1228 ciuitatum
1761 1165 1802 1227 et
1837 1147 2037 1247 diocesiun
2117 1149 2118 1200 l

269 1287 365 1345 cum
392 1285 468 1343 uos
495 1261 766 1342 confessiones
793 1285 936 1342 eorum
965 1259 1108 1343 audire
1141 1261 1359 1368 contigerit
1384 1259 1525 1370 eisque
1547 1283 1780 1367 proponere
1807 1259 1962 1340 verbum
1987 1261 2038 1344 dei
2114 1281 2115 1285 ‘

210 1403 218 1420 ‘
270 1372 468 1456 moneatis
495 1373 695 1454 atteneius
722 1387 765 1453 et
791 1371 1006 1454 efficaciter
1040 1372 1244 1454 inducatis
1272 1387 1314 1452 et
1342 1369 1605 1452 nibilominus
1639 1395 1779 1450 omnes
1807 1373 1988 1452 semilares
2009 1393 2040 1456 et

271 1485 476 1594 regulares
505 1509 698 1592 personas
726 1497 932 1591 exemptas
960 1498 1003 1562 et
1030 1509 1115 1564 nou
1144 1497 1349 1592 exemptas
1378 1498 1604 1580 vestrarum
1628 1476 1838 1564 ciuitatum
1866 1498 1906 1564 et
1930 1479 2041 1565 diosc·

269 1599 373 1677 sium
401 1593 671 1676 confessiones
698 1592 891 1677 audiendi
917 1606 960 1672 et
988 1594 1249 1704 proponendi
1292 1592 1462 1674 verbum
1491 1593 1557 1674 dei
1599 1608 1836 1700 potestatem
1879 1591 2043 1676 babentes

208 1743 214 1757 ’
269 1707 387 1788 iuxta
414 1706 550 1787 datam
579 1705 699 1786 uobis
726 1733 749 1785 a
778 1704 856 1786 deo
885 1702 1143 1813 prvdenciam
1173 1704 1369 1788 studeatis
1396 1705 1614 1786 ellieaeitcr
1640 1711 1821 1785 exortari
1837 1703 1942 1814 quod
1966 1705 2044 1788 lide·

269 1815 330 1898 les
357 1818 468 1926 ipsos
495 1817 731 1898 confitentes
764 1817 922 1916 ‘eisdem
971 1832 1014 1896 et
1054 1843 1258 1900 sermones
1301 1845 1348 1898 ae
1389 1812 1690 1926 predicaciones
1729 1813 1934 1896 audientes
1958 1817 2044 1923 ipso-

129 2023 134 2037 !
268 1955 362 2010 rum
390 1927 561 2030 solerter
586 1943 778 2009 moneant
804 1914 847 2008 et
873 1924 1112 2035 diligencius
1141 1943 1381 2020 exorientur
1423 1927 1537 2039 quod
1580 1927 1657 2036 ipsi
1706 1924 1803 2008 dum
1833 1927 1992 2009 vixerint
2013 1945 2044 2009 et

269 2039 432 2122 demum
460 2054 643 2149 tempore
678 2038 817 2120 obitus
845 2037 1076 2121 eorumdem
1110 2043 1196 2149 pias
1212 2040 1447 2121 elemosinas
1476 2057 1517 2120 et
1544 2057 1657 2146 grata
1687 2037 1870 2118 karitatis
1897 2037 2045 2118 subsidit

269 2149 391 2233 dictis
419 2151 612 2260 magistro
640 2167 681 2232 et
708 2149 905 2231 fratribus
934 2177 1011 2260 pro
1038 2149 1269 2232 huiusmodi
1298 2150 1482 2260 passagio
1509 2153 1552 2230 in
1581 2149 1707 2259 ipsius
1728 2167 1838 2230 terre
1852 2149 2045 2230 subsidium

116 2291 123 2300 ·
157 2299 162 2304 ·
269 2259 462 2345 studeant
490 2289 657 2370 erogare
699 2263 784 2343 Nos
821 2262 1010 2343 nimirum
1039 2277 1088 2342 ut
1115 2264 1326 2372 negocium
1373 2258 1599 2342 huiusmodi
1629 2289 1678 2340 eo
1708 2259 1903 2341 libencius
1942 2285 2046 2372 eoque

269 2371 501 2454 feruencius
530 2373 722 2482 prosequi
755 2371 950 2454 studeatis
976 2402 1062 2485 quo
1091 2401 1165 2454 uos
1192 2389 1235 2456 et
1262 2387 1514 2455 exortatores
1556 2373 1633 2482 ipsi
1675 2395 1726 2452 ex
1754 2374 1898 2452 vestris
1924 2371 2046 2452 labori·

212 2577 218 2590 ,
269 2483 348 2566 bus
377 2485 554 2592 purioris
580 2483 721 2565 salutis
743 2482 922 2567 fructum
950 2487 1147 2567 noueritis
1175 2501 1443 2595 percepturos
1470 2483 1521 2565 de
1549 2485 1840 2591 omnipotentis
1869 2483 1932 2566 dei
1958 2483 2047 2564 mise·

171 2636 174 2644 ·
268 2589 446 2677 ricordia
474 2609 515 2674 et
543 2592 756 2676 beatorum
784 2597 891 2703 petri
917 2612 958 2680 et
987 2596 1099 2705 pauli
1136 2599 1414 2707 apostolorum
1458 2597 1544 2677 eius
1586 2594 1828 2678 auctoritate
1869 2595 1996 2676 conlisi
2017 2611 2047 2674 et
2117 2657 2118 2702 p

269 2706 340 2788 illa
368 2733 489 2817 quam
520 2705 640 2786 nobis
668 2705 761 2788 lieet
789 2706 966 2816 indignis
992 2706 1094 2789 deus
1121 2710 1208 2818 ipse
1235 2707 1389 2818 ligandi
1417 2723 1458 2790 et
1484 2703 1669 2790 soluendi
1697 2705 1875 2787 contulit
1904 2722 2048 2816 potesta·
2117 2703 2118 2740 ³

166 2857 175 2876 ·
268 2834 354 2900 tem
381 2817 551 2928 singulis
578 2835 755 2900 vestrum
782 2835 824 2899 et
851 2819 1129 2915 exortancium
1161 2821 1435 2930 predictorum
1455 2845 1559 2900 -vere
1577 2817 1855 2928 penitentibus
1868 2834 1910 2900 et
1921 2817 2049 2900 eunies·
2117 2821 2118 2874 ;

193 3014 197 3021 ,
269 2932 326 3013 sis
366 2927 510 3013 diebus
548 2931 719 3041 siugulis
761 2930 911 3041 quibus
953 2933 1223 3014 exortaeionis
1265 2929 1495 3016 huiusmodi
1536 2931 1776 3013 exercebitis
1821 2931 1934 3041 pium
1966 2955 2049 3039 opus
2116 2992 2118 3027 p

268 3070 395 3125 vnum
424 3069 577 3123 annum
605 3042 657 3124 dc
684 3043 876 3125 iniunctis
903 3044 1019 3126 vobis
1047 3059 1089 3125 et
1131 3046 1189 3126 eis
1231 3046 1468 3156 peniteneiis
1509 3040 1822 3125 misericorditer
1850 3044 2049 3126 relaxamus

135 3252 140 3258 .
271 3154 476 3235 Omnibus
504 3178 670 3265 quoque
698 3156 880 3261 personis
908 3156 1183 3238 ecclesiasticis
1211 3157 1465 3267 regularibus
1493 3170 1534 3235 et
1562 3155 1812 3238 secularibus
1829 3184 1903 3237 nec
1930 3170 1967 3235 et
1980 3153 2050 3263 qui·
2116 3158 2118 3297 1

183 3370 189 3377 Ι
273 3264 527 3374 buseumque
562 3265 652 3346 aliis
679 3265 817 3347 christi
845 3264 1034 3348 lidelibus
1061 3283 1103 3348 et
1132 3268 1412 3377 inpotentibus
1425 3296 1472 3349 ae
1487 3266 1734 3351 inhabilibus
1761 3268 1814 3351 ad
1843 3266 2049 3350 bellandum
2117 3298 2118 3365 ᾗ

272 3390 314 3458 et
341 3375 579 3457 mulieribus
609 3402 692 3457 non
720 3374 1024 3460 intendentibus
1066 3378 1110 3458 in
1151 3382 1335 3487 personis
1377 3380 1555 3489 propriis
1599 3380 1866 3461 transfretare
1894 3380 1935 3459 in
1962 3376 2050 3459 dictu
2116 3366 2118 3407 ¹

303 3488 458 3594 assagio
485 3488 773 3597 generalique
800 3505 934 3569 tamen
963 3486 1015 3569 de
1049 3490 1168 3571 bonis
1208 3518 1347 3571 eornm
1379 3488 1609 3572 memoratis
1651 3492 1846 3599 magistro
1875 3504 1915 3571 et
1941 3486 2050 3570 fratri·
2117 3498 2118 3591 t

271 3516 352 3679 bus
380 3596 608 3705 erogabunt
634 3616 831 3709 quantum
873 3614 1006 3679 essent
1041 3601 1084 3679 in
1112 3612 1194 3681 v'no
1221 3624 1330 3682 anno
1357 3604 1390 3682 si
1420 3602 1684 3711 personaliter
1729 3602 2051 3711 proficiscerentur

271 3710 316 3789 iu
344 3726 453 3791 terre
481 3708 663 3818 predicte
690 3706 912 3791 subsidium
940 3736 1164 3820 expensura
1192 3712 1352 3822 plenam
1383 3714 1440 3794 eis
1466 3712 1634 3821 jusuper
1661 3716 1733 3825 qui
1761 3713 2002 3796 medietatem
2016 3708 2052 3789 il·
2117 3780 2118 3783 x

273 3818 353 3901 lius
378 3820 489 3931 quod
518 3848 594 3930 per
620 3836 782 3931 tempus
809 3824 905 3902 anni
934 3822 1107 3931 predicti
1137 3826 1414 3934 expenderent
1442 3824 1485 3905 in
1514 3840 1621 3905 terre
1649 3827 1726 3907 iam
1755 3826 1867 3907 dicte
1889 3850 2051 3936 persona·

273 3932 368 4014 liter
397 3930 689 4041 proficiscendo
717 3931 939 4015 subsidium
967 3933 1183 4043 sepedictis
1210 3938 1403 4045 magistro
1431 3954 1472 4018 et
1499 3934 1696 4019 fratribus
1726 3936 1977 4019 exhibebunt
1990 3960 2050 4016 me·

273 4044 380 4128 diam
409 4070 575 4123 suorum
604 4042 832 4153 dequibus
875 4042 1028 4125 fuerint
1068 4046 1193 4127 corde
1226 4049 1391 4129 contriti
1422 4062 1464 4127 et
1491 4072 1563 4129 ore
1604 4048 1775 4131 confessi
1821 4049 2051 4131 concedimus

273 4158 429 4236 veniam
460 4170 717 4265 peecatorum
746 4152 846 4235 illos
890 4180 990 4236 uero
1037 4158 1110 4268 qui
1153 4156 1320 4265 prefatis
1363 4161 1555 4267 magistro
1603 4174 1644 4241 et
1672 4160 1871 4243 fratribus
1898 4161 1939 4241 in
1964 4156 2052 4241 dicto
2117 4170 2118 4187 ¹

273 4268 460 4377 passagio
489 4262 540 4345 de
567 4263 750 4346 subsidio
778 4266 919 4347 maiori
946 4266 1011 4347 vel
1040 4270 1186 4349 minori
1213 4270 1469 4354 subuenient.
1496 4270 1717 4355 seeundum
1748 4274 1877 4383 magis
1891 4286 1930 4351 et
1945 4273 2051 4351 miuus
2117 4334 2118 4351 t

273 4378 387 4459 iuxta
402 4374 633 4457 huiusmodi
661 4374 830 4457 subsidii
857 4379 1125 4487 quantitatem
1140 4396 1180 4461 rt
1198 4378 1433 4464 deuocionis
1446 4382 1638 4463 allectum
1652 4385 1898 4466 remissionis
1913 4378 2051 4493 partiei-
2116 4376 2118 4455 l

210 4571 217 4578 ‚A
274 4516 346 4598 pes
365 4514 450 4571 esse
471 4488 659 4569 uolumus
679 4486 881 4569 antedicta
900 4488 1244 4575 Subuenientibus
1257 4521 1423 4605 quoque
1440 4492 1583 4576 diebus
1598 4503 1616 4577 .’
1624 4556 1634 4577 .
1650 4554 1660 4577 .
1677 4496 1841 4577 maioris
1855 4489 2051 4577 ebdomade
2117 4502 2118 4531 ³

274 4624 353 4710 pro
364 4598 504 4682 eodem
521 4599 706 4709 passagio
734 4602 926 4709 magistro
940 4620 981 4685 et
995 4598 1190 4685 fratribus
1204 4606 1434 4689 memoratis
1462 4606 1504 4687 in
1532 4606 1694 4690 XXllll
1708 4607 1885 4690 denariis
1914 4628 2050 4715 parwe-

195 4794 200 4799 ,
272 4736 364 4792 rum
392 4712 670 4802 turonensium
700 4711 764 4793 rel
791 4714 972 4821 ipsorum
990 4712 1137 4797 valore.
1165 4716 1326 4797 XXlllI
1354 4744 1552 4799 annorum
1569 4716 1648 4799 illis
1674 4746 1773 4802 uero
1818 4722 1860 4803 oi
1888 4712 2050 4799 aliisdie·

274 4822 351 4904 bus
381 4823 536 4903 veneris
564 4822 777 4905 duodecim
806 4820 1063 4907 denariorum
1110 4827 1429 4912 subuencionem
1471 4828 1710 4937 prestabunt
1741 4748 1844 4914 Xll.
1874 4848 2048 4910 annorum

272 4936 401 5020 ateis
428 4935 502 5046 qui
530 4933 619 5016 aliis
646 4932 791 5019 diebus
830 4934 882 5020 de
921 4964 995 5021 sex
1029 4936 1207 5023 denariis
1248 4956 1410 5025 monete
1455 4939 1637 5053 predicte
1664 4958 1736 5026 aut
1763 4934 1915 5029 eorum'
1934 4936 2047 5024 valore
