4317 5975
969 345 1520 490 ssaaou·

280 621 433 704 domini
463 619 647 729 proxime
674 630 845 698 venture
873 641 958 726 quo
986 614 1037 697 ad
1066 629 1295 725 presentem
1326 635 1476 692 annum
1516 628 1686 721 propter
1715 613 1880 720 passagii
1904 582 2040 701 necessi·

280 749 405 814 tatem
433 731 612 812 eiusdem
642 755 716 837 per
744 723 904 808 eosdem
932 744 1113 818 rectores
1140 739 1515 836 etprocuratorem
1546 749 1593 804 ac
1622 747 1814 832 personas
1840 753 1913 834 que
1937 727 2042 814 claues

139 937 143 946 Ι
280 860 325 923 rt
353 840 579 955 predicitur
606 837 806 920 dictorum
836 839 1047 934 archarum
1076 836 1141 920 v'el
1170 854 1405 918 trvncornm
1438 833 1647 914 habebunt
1673 835 1821 943 aperiri
1846 837 2043 922 iubemusct
2086 828 2090 840 ’

282 957 494 1063 pecuniam
523 956 566 1034 in
593 949 742 1032 eisdem
771 952 1096 1041 iuuentam-cnm
1125 945 1346 1029 moderatis
1374 946 1558 1055 expensis
1587 944 1763 1028 eiusdem
1783 945 1972 1055 hospitalis
1989 981 2044 1060 per

283 1067 374 1145 illos
402 1067 474 1175 qui
502 1067 637 1165 claues
666 1061 863 1145 tenebunt
900 1063 965 1142 uel
995 1087 1069 1172 per
1098 1063 1277 1170 ipsorum
1306 1057 1409 1140 duos
1436 1057 1565 1139 tercio
1594 1056 1789 1168 impedito
1805 1057 1979 1165 legittime
1990 1091 2045 1142 ro·

283 1177 345 1257 bis
373 1176 681 1284 archiepiscopo
709 1189 751 1253 et
778 1174 980 1282 episcopis
1008 1173 1259 1286 integraliter
1294 1171 1488 1278 assignari
1530 1197 1650 1281 qnam
1676 1166 1842 1280 ‘quidem
1872 1177 2045 1278 pecuniam

283 1309 442 1369 necnon
471 1301 513 1367 ct
540 1285 658 1368 aliam
690 1311 810 1394 quam
839 1286 1015 1396 quilibet
1057 1302 1233 1368 vestrum
1275 1284 1558 1392 episcoporum
1588 1281 1862 1389 predictorum
1888 1284 1926 1362 in
1952 1287 2050 1374 archa¹

284 1398 347 1480 rel
375 1415 521 1479 trenno
548 1396 714 1478 ecclesie
740 1413 819 1475 sue·
838 1395 1081 1477 cathedralis
1109 1395 1311 1476 inuenerit
1352 1409 1451 1474 tunc
1481 1391 1640 1503 prelato
1668 1396 1918 1502 procuratori
1942 1396 2047 1476 tradat

55 1479 84 1549 '¹
226 1528 229 1533 ’
283 1505 537 1616 integraliter
566 1523 608 1588 et
635 1510 810 1614 assignet
836 1505 987 1587 faciens
1007 1503 1370 1612 de'assignacione
1399 1506 1483 1614 ipsa
1512 1503 1807 1585 ethniusmodi
1828 1505 1965 1586 tradita
1989 1509 2048 1590 sibi

134 1707 138 1712 ,
280 1646 437 1702 summa
468 1621 637 1731 pecunie
679 1631 865 1726 patentes
907 1617 1064 1699 litteras
1097 1617 1182 1698 lieri
1224 1643 1299 1697 suo
1334 1632 1375 1695 et
1405 1617 1679 1725 procuratoris
1721 1615 1898 1698 ciusdem
1937 1618 2049 1725 sigillis

220 1798 225 1808 ,
284 1731 461 1812 munitas
488 1731 600 1813 dicto
627 1728 931 1838 archiepiscopo
960 1727 1196 1810 festinanter
1224 1745 1265 1807 ct
1290 1729 1378 1808 sine
1406 1725 1606 1808 dilacione
1634 1728 1815 1837 qualibet
1830 1725 2050 1811 destinandas

235 1875 240 1892 ·
284 1843 412 1924 Simili
441 1868 607 1952 quoque
634 1837 757 1920 modo
797 1857 843 1920 tu
881 1840 1185 1948 archiepiscope
1221 1838 1451 1948 supradicte
1484 1838 1536 1921 de
1577 1841 1748 1949 pecunia
1777 1863 1828 1919 ex
1854 1839 2050 1922 huiusmodi

284 1952 553 2063 indulgenciia
582 1977 654 2060 per
682 1967 723 2030 te
750 1952 892 2030 intua
937 1951 1100 2032 ciuitate
1128 1966 1169 2030 et
1201 1949 1350 2032 diocesi
1388 1968 1551 2060 recepta
1597 1949 1851 2060 procuratori
1886 1955 2050 2058 assignate

267 2062 469 2176 ‘predicto
499 2067 611 2144 iuxta
640 2064 903 2171 prescriptam
933 2060 1103 2142 formam
1134 2060 1287 2143 litteras
1310 2061 1459 2152 confici
1489 2061 1610 2144 lacius
1639 2081 1710 2143 tuo
1738 2077 1778 2142 et
1805 2058 1900 2142 dieti
1932 2091 2052 2170 procu·

48 2191 57 2200 ·
160 2171 174 2190 '
286 2179 432 2258 ratoris
459 2174 601 2284 sigillis
628 2177 803 2282 signatas
830 2175 937 2302 ipsas
968 2201 1126 2262 necnon
1154 2189 1196 2252 at
1223 2171 1379 2255 easdem
1410 2173 1562 2254 litteras
1589 2175 1870 2282 episcoporum
1903 2175 2051 2282 ipsorum

286 2289 505 2370 camerario
533 2302 675 2368 nostro
702 2311 824 2394 quam
861 2285 986 2366 cicms
1028 2285 1183 2397 poteris
1224 2311 1297 2394 per
1343 2283 1500 2366 fidelem
1546 2287 1737 2364 nuncium
1781 2287 2053 2367 transmissurus

287 2400 477 2478 Ceterum
507 2395 763 2479 intendentes
802 2395 1021 2477 Rectorum
1064 2393 1294 2477 earumdem
1323 2392 1612 2509 parochialium
1652 2396 1910 2478 ecclesiarum
1938 2399 1973 2477 iu
1999 2400 2052 2478 lna

279 2525 404 2619 ‚parte
432 2508 642 2590 laboribus
670 2506 899 2618 prouidere.
940 2508 1127 2590 uolumus
1154 2507 1268 2619 quod
1297 2509 1339 2588 in
1367 2505 1533 2616 singulis
1555 2509 1696 2588 llll:or
1738 2506 1891 2589 dictum
1938 2506 2052 2588 lestnn
2117 2587 2118 2590 a

286 2621 574 2702 resureccionis
601 2619 865 2732 sequentibus
892 2622 1007 2700 anuis
1033 2635 1217 2732 tempore
1245 2619 1391 2732 sinodi
1421 2647 1496 2729 per
1522 2617 1744 2730 quemlibet
1763 2622 1808 2705 in
1823 2647 1894 2700 sua
1921 2621 2053 2700 ciuitate
2117 2629 2118 2682 ἕ

287 2749 329 2813 et
357 2733 507 2814 diocesi
534 2731 775 2818 celebrande
806 2732 930 2812 arche
956 2731 1023 2812 uel
1050 2731 1185 2817 trvnci
1213 2735 1449 2840 aperiantur
1473 2731 1643 2840 predicti
1672 2747 1713 2812 et
1739 2735 1909 2840 pecunie
1935 2731 2053 2812 inillis

288 2845 456 2925 incente
484 2871 574 2952 per·
596 2843 746 2925 dictum
765 2837 1158 2953 'procuratorem'et
1185 2843 1286 2924 alios
1320 2845 1392 2954 qui
1435 2843 1570 2924 claues
1613 2843 1895 2924 archarum'et
1921 2859 2054 2923 trram·
2117 2909 2118 2946 q

287 2983 379 3037 rum
407 2957 587 3066 ipsorum
617 2955 827 3037 habebunt
852 2951 1022 3038 cuilibet
1048 2970 1224 3037 restrum
1255 2961 1297 3036 in
1326 2956 1401 3037 ‘sua
1437 2953 1596 3055 simodo
1624 2957 1881 3064 assignentur
1907 2971 2054 3064 tuncque
2117 2977 2118 3031 l

287 3069 331 3147 in
359 3066 582 3177 quemlibet
610 3085 788 3150 vestrum
815 3069 887 3149 liat
915 3068 1173 3179 procuratori
1215 3065 1398 3178 predicto
1428 3070 1599 3177 pecunie
1642 3064 1823 3177 predicte
1851 3065 2007 3147 tradicio
2026 3082 2055 3144 et

143 3236 148 3245 .
287 3178 388 3258 fiant
415 3181 597 3260 similiter
624 3180 675 3261 de
702 3178 928 3262 tradicione
956 3198 997 3261 et
1036 3181 1263 3289 quantitate
1304 3178 1533 3261 huiusmodi
1575 3180 1724 3259 tradite
1752 3180 1923 3287 pecunie
1950 3178 2054 3256 littere

214 3398 217 3403 Ι
257 3293 510 3406 ‘camerario
540 3308 679 3372 nostro
707 3292 950 3401 quantocius
991 3288 1230 3372 destinande
1272 3308 1465 3399 utsupra
1510 3293 1694 3398 proxime
1722 3291 1762 3370 in
1793 3318 1888 3373 casu
1919 3289 1990 3370 alic
2013 3304 2056 3367 est

289 3428 521 3509 expressum
549 3401 592 3483 Si
611 3428 721 3511 ¹uero
748 3428 798 3481 ex
827 3396 1101 3509 indulgenciis‘
1123 3403 1220 3511 ipsis
1247 3418 1399 3483 tentam
1428 3402 1683 3509 contingeret
1700 3402 1910 3510 pecuniam
1939 3424 2056 3509 proue-
2117 3438 2118 3453 κ

234 3527 238 3534 ’
290 3514 377 3591 nire
405 3512 518 3621 quod
547 3528 681 3591 tutum
711 3538 793 3591 non
822 3528 926 3592 esset
953 3514 1062 3592 illam
1092 3514 1134 3594 in
1162 3512 1294 3593 archis
1323 3513 1386 3593 vel
1414 3513 1566 3594 trvncis
1581 3515 1753 3594 retinere
1784 3511 1971 3622 predictis
1987 3512 2057 3619 qni·

168 3704 180 3728 Κ
290 3622 391 3703 libet
418 3640 594 3704 vestrum
623 3624 730 3703 circe
758 3603 980 3704 custodiam
1016 3624 1258 3733 pecunie-in
1289 3623 1421 3705 archis
1460 3624 1526 3707 uel
1563 3626 1787 3706 trvncis‘in
1818 3626 1986 3707 ecclesiis
2010 3648 2057 3701 ca·

2117 3478 2118 3533 l

2116 3536 2118 3617 l

290 3721 541 3815 thedralibus
569 3750 617 3813 ut
643 3731 864 3842 predicitur
887 3736 1028 3844 positis
1054 3762 1103 3816 ae
1130 3752 1307 3817 rectores
1335 3734 1591 3816 ecclesiarum
1616 3737 1793 3843 ipsarum
1821 3738 1926 3817 circa
1954 3752 2057 3815 coste
2117 3780 2118 3799 a

212 3922 225 3933 ,
290 3844 398 3925 diam
425 3845 591 3926 alterius
620 3846 789 3955 pecunie
818 3847 861 3926 in
889 3844 1038 3927 eisdem
1064 3844 1198 3927 archis
1224 3874 1296 3927 seu
1312 3848 1464 3929 trvncis
1491 3848 1532 3926 ln
1562 3849 1659 3954 ipsis
1686 3847 1864 3929 ecclesiis
1881 3845 2058 3946 cathedra·

162 4033 171 4046 ,
290 3957 396 4038 libus
424 3956 632 4057 recondite
659 3955 710 4037 de
736 3957 906 4038 consilio
933 3974 974 4037 et
1002 3982 1202 4039 consensu
1230 3956 1432 4039 dictorum
1473 3974 1783 4066 procuratorum
1829 3977 1871 4041 et
1918 3958 2058 4040 aliorum

289 4071 521 4150 tenencium
550 4070 684 4148 claues
710 4066 868 4149 easdem
883 4071 1072 4150 siccante
1089 4066 1332 4179 prouideant
1360 4098 1407 4151 ac
1436 4084 1588 4151 attente
1610 4073 1864 4180 prospiciant
1891 4067 1991 4183 quod
2008 4093 2059 4175 pe

251 4237 257 4249 ,
290 4181 410 4261 cunia
439 4182 525 4288 ipsa
555 4180 708 4260 dictum
740 4180 963 4288 passagium
994 4208 1075 4261 non
1105 4177 1454 4262 fraudetnr'lllos
1482 4205 1583 4263 uero
1611 4184 1683 4292 qui
1711 4183 1855 4264 archas
1883 4183 1946 4263 uel
1971 4196 2060 4259 trvn-

290 4318 359 4371 cos
390 4291 560 4372 fecerint
586 4307 658 4371 aut
685 4292 955 4374 concesserint
982 4290 1236 4401 supradictos
1263 4293 1428 4402 Quique
1456 4293 1566 4403 ipsos
1588 4312 1630 4375 et
1644 4294 1778 4376 claues
1807 4294 1961 4376 easdem
1987 4287 2059 4369 lide·

166 4504 170 4510 .
292 4402 384 4482 liter
413 4401 678 4483 custodierint
706 4400 864 4483 nobiles
891 4416 933 4482 ct
960 4402 1162 4485 innobiles
1190 4419 1231 4484 et
1257 4406 1426 4514 quosuis
1453 4404 1554 4484 alios
1581 4406 1862 4515 cuiuscunque
1887 4401 2059 4487 condicio

176 4548 179 4555 ·
292 4514 356 4592 nis
383 4516 558 4595 existant
599 4514 672 4623 qui
700 4513 742 4592 in
771 4516 909 4595 corum
953 4514 1103 4596 ultimis
1123 4550 1126 4560 ·
1146 4514 1425 4596 voluntatibus
1466 4542 1593 4626 equos
1635 4544 1746 4598 arma
1772 4536 1815 4599 ct
1842 4516 1977 4629 queuis
2000 4510 2059 4590 alia

290 4622 400 4709 bona
431 4628 470 4705 in
506 4623 730 4705 subsidium
752 4624 866 4707 ¹dicti
908 4626 1079 4735 passagii
1120 4624 1263 4707 eodem
1305 4624 1479 4707 durante
1519 4628 2008 4740 quinquennio'magistro
2029 4635 2059 4701 et

167 4772 170 4777 ·
293 4733 489 4816 fratribus
508 4736 734 4845 leganerint
753 4734 967 4847 sepedictis
980 4738 1133 4819 Omnes
1146 4738 1271 4818 eciam
1288 4754 1329 4818 ct
1342 4738 1521 4847 singulos
1535 4764 1644 4820 arma
1661 4764 1788 4850 equos
1802 4736 1981 4823 victualia
2005 4736 2057 4813 seu

293 4843 454 4929 fodrum
483 4863 525 4928 ct
551 4862 806 4961 quecumque
821 4850 1077 4933 mercimonia
1094 4851 1134 4932 iu
1149 4865 1257 4931 terra
1287 4848 1353 4933 uel
1380 4850 1480 4932 mari
1508 4848 1559 4935 ad
1587 4853 1807 4935 exercitum
1827 4846 1923 4935 dicti
1949 4868 2057 4976 passa·

351 5006 355 5015 ·
1264 4995 1267 5003 ¹
1923 4988 1972 5069 gn

2116 4282 2118 4355 l

2116 4356 2118 4449 l
