<?xml version="1.0" encoding="UTF-8"?>
<!DOCTYPE html PUBLIC "-//W3C//DTD XHTML 1.0 Transitional//EN"
    "http://www.w3.org/TR/xhtml1/DTD/xhtml1-transitional.dtd">
<html xmlns="http://www.w3.org/1999/xhtml" xml:lang="en" lang="en">
 <head>
  <title>
</title>
<meta http-equiv="Content-Type" content="text/html;charset=utf-8" />
  <meta name='ocr-system' content='tesseract 3.04.00' />
  <meta name='ocr-capabilities' content='ocr_page ocr_carea ocr_par ocr_line ocrx_word'/>
</head>
<body>
  <div class='ocr_page' id='page_1' title='image "./svensktdiplomat01swegoog/svensktdiplomat01swegoog_0586.png"; bbox 0 0 4317 5975; ppageno 0'>
   <div class='ocr_carea' id='block_1_1' title="bbox 746 470 1226 579">
    <p class='ocr_par' dir='ltr' id='par_1_1' title="bbox 746 470 1226 579">
     <span class='ocr_line' id='line_1_1' title="bbox 746 470 1226 579; baseline -0.004 -28"><span class='ocrx_word' id='word_1_1' title='bbox 746 470 1226 579; x_wconf 57' lang='lat' dir='ltr'>...sps-</span> 
     </span>
    </p>
   </div>
   <div class='ocr_carea' id='block_1_2' title="bbox 11 687 2005 3476">
    <p class='ocr_par' dir='ltr' id='par_1_2' title="bbox 11 687 2005 3476">
     <span class='ocr_line' id='line_1_2' title="bbox 111 687 1916 801; baseline 0.001 -30"><span class='ocrx_word' id='word_1_2' title='bbox 111 688 357 801; x_wconf 87' lang='lat' dir='ltr'>pressntium</span> <span class='ocrx_word' id='word_1_3' title='bbox 385 706 571 771; x_wconf 86' lang='lat' dir='ltr'>constare</span> <span class='ocrx_word' id='word_1_4' title='bbox 599 687 1039 788; x_wconf 78' lang='lat' dir='ltr'>volumus&#39;eridenteo,</span> <span class='ocrx_word' id='word_1_5' title='bbox 1066 694 1156 775; x_wconf 84' lang='lat' dir='ltr'>Nos</span> <span class='ocrx_word' id='word_1_6' title='bbox 1180 719 1271 779; x_wconf 88' lang='lat' dir='ltr'>oum</span> <span class='ocrx_word' id='word_1_7' title='bbox 1308 688 1520 801; x_wconf 79' lang='lat' dir='ltr'>blegnilico</span> <span class='ocrx_word' id='word_1_8' title='bbox 1541 690 1729 801; x_wconf 76' lang='lat' dir='ltr'>Principe</span> <span class='ocrx_word' id='word_1_9' title='bbox 1757 720 1803 773; x_wconf 86' lang='lat' dir='ltr'>ac</span> <span class='ocrx_word' id='word_1_10' title='bbox 1832 690 1916 785; x_wconf 64' lang='lat' dir='ltr'>ne</span> 
     </span>
     <span class='ocr_line' id='line_1_3' title="bbox 110 800 1915 913; baseline 0.001 -30"><span class='ocrx_word' id='word_1_11' title='bbox 110 803 222 884; x_wconf 89' lang='lat' dir='ltr'>mino</span> <span class='ocrx_word' id='word_1_12' title='bbox 250 802 412 900; x_wconf 80' lang='lat' dir='ltr'>nostro,</span> <span class='ocrx_word' id='word_1_13' title='bbox 453 800 639 883; x_wconf 34' lang='lat' dir='ltr'>Domino&gt;</span> <span class='ocrx_word' id='word_1_14' title='bbox 673 802 821 883; x_wconf 56' lang='lat' dir='ltr'>seua</span> <span class='ocrx_word' id='word_1_15' title='bbox 846 804 977 911; x_wconf 71' lang='lat' dir='ltr'>gratia</span> <span class='ocrx_word' id='word_1_16' title='bbox 1019 804 1215 887; x_wconf 89' lang='lat' dir='ltr'>Sueorum</span> <span class='ocrx_word' id='word_1_17' title='bbox 1257 802 1569 913; x_wconf 85' lang='lat' dir='ltr'>Gothorumque</span> <span class='ocrx_word' id='word_1_18' title='bbox 1604 804 1733 911; x_wconf 79' lang='lat' dir='ltr'>Rege,</span> <span class='ocrx_word' id='word_1_19' title='bbox 1775 803 1915 885; x_wconf 84' lang='lat' dir='ltr'>iecisse</span> 
     </span>
     <span class='ocr_line' id='line_1_4' title="bbox 108 912 1914 1025; baseline 0.002 -30"><span class='ocrx_word' id='word_1_20' title='bbox 108 912 343 1025; x_wconf 79' lang='lat' dir='ltr'>prediorum</span> <span class='ocrx_word' id='word_1_21' title='bbox 375 929 417 993; x_wconf 86' lang='lat' dir='ltr'>et</span> <span class='ocrx_word' id='word_1_22' title='bbox 445 913 740 1021; x_wconf 85' lang='lat' dir='ltr'>possessionum</span> <span class='ocrx_word' id='word_1_23' title='bbox 770 916 1123 999; x_wconf 82' lang='lat' dir='ltr'>commutationem</span> <span class='ocrx_word' id='word_1_24' title='bbox 1153 916 1193 995; x_wconf 90' lang='lat' dir='ltr'>in</span> <span class='ocrx_word' id='word_1_25' title='bbox 1224 914 1333 997; x_wconf 85' lang='lat' dir='ltr'>bunc</span> <span class='ocrx_word' id='word_1_26' title='bbox 1364 914 1547 1011; x_wconf 88' lang='lat' dir='ltr'>modum,</span> <span class='ocrx_word' id='word_1_27' title='bbox 1586 912 1773 1011; x_wconf 77' lang='lat' dir='ltr'>videlicet</span> <span class='ocrx_word' id='word_1_28' title='bbox 1800 912 1914 1023; x_wconf 89' lang='lat' dir='ltr'>quod</span> 
     </span>
     <span class='ocr_line' id='line_1_5' title="bbox 109 1022 1916 1136; baseline 0 -31"><span class='ocrx_word' id='word_1_29' title='bbox 109 1054 183 1106; x_wconf 92' lang='lat' dir='ltr'>nos</span> <span class='ocrx_word' id='word_1_30' title='bbox 210 1022 341 1118; x_wconf 85' lang='lat' dir='ltr'>eidem</span> <span class='ocrx_word' id='word_1_31' title='bbox 371 1026 545 1107; x_wconf 88' lang='lat' dir='ltr'>Domino</span> <span class='ocrx_word' id='word_1_32' title='bbox 574 1040 716 1105; x_wconf 85' lang='lat' dir='ltr'>nostro</span> <span class='ocrx_word' id='word_1_33' title='bbox 743 1024 846 1136; x_wconf 81' lang='lat' dir='ltr'>Regi</span> <span class='ocrx_word' id='word_1_34' title='bbox 873 1040 916 1106; x_wconf 89' lang='lat' dir='ltr'>et</span> <span class='ocrx_word' id='word_1_35' title='bbox 942 1028 1025 1106; x_wconf 87' lang='lat' dir='ltr'>suis</span> <span class='ocrx_word' id='word_1_36' title='bbox 1053 1026 1269 1110; x_wconf 78' lang='lat' dir='ltr'><strong>heredibus</strong></span> <span class='ocrx_word' id='word_1_37' title='bbox 1306 1024 1527 1110; x_wconf 79' lang='lat' dir='ltr'>dimisimus</span> <span class='ocrx_word' id='word_1_38' title='bbox 1556 1030 1597 1107; x_wconf 90' lang='lat' dir='ltr'>&#39;et</span> <span class='ocrx_word' id='word_1_39' title='bbox 1624 1025 1916 1133; x_wconf 74' lang='lat' dir='ltr'>assignavimus</span> 
     </span>
     <span class='ocr_line' id='line_1_6' title="bbox 106 1137 1914 1251; baseline -0.001 -33"><span class='ocrx_word' id='word_1_40' title='bbox 106 1138 241 1231; x_wconf 79' lang='lat' dir='ltr'>ctrrias</span> <span class='ocrx_word' id='word_1_41' title='bbox 271 1150 428 1216; x_wconf 85' lang='lat' dir='ltr'>nostras</span> <span class='ocrx_word' id='word_1_42' title='bbox 453 1152 498 1216; x_wconf 91' lang='lat' dir='ltr'>et</span> <span class='ocrx_word' id='word_1_43' title='bbox 524 1138 794 1245; x_wconf 79' lang='lat' dir='ltr'>possessiones</span> <span class='ocrx_word' id='word_1_44' title='bbox 816 1137 1121 1247; x_wconf 62' lang='lat' dir='ltr'>infrascriptis,</span> <span class='ocrx_word' id='word_1_45' title='bbox 1161 1137 1315 1251; x_wconf 77' lang='lat' dir='ltr'>scilieet</span> <span class='ocrx_word' id='word_1_46' title='bbox 1353 1137 1519 1222; x_wconf 85' lang='lat' dir='ltr'>insulam</span> <span class='ocrx_word' id='word_1_47' title='bbox 1549 1154 1590 1219; x_wconf 85' lang='lat' dir='ltr'>et</span> <span class='ocrx_word' id='word_1_48' title='bbox 1619 1139 1769 1219; x_wconf 88' lang='lat' dir='ltr'>curiam</span> <span class='ocrx_word' id='word_1_49' title='bbox 1799 1137 1914 1217; x_wconf 85' lang='lat' dir='ltr'>Oena</span> 
     </span>
     <span class='ocr_line' id='line_1_7' title="bbox 105 1246 1916 1355; baseline 0 -26"><span class='ocrx_word' id='word_1_50' title='bbox 105 1248 255 1330; x_wconf 87' lang='lat' dir='ltr'>dictam</span> <span class='ocrx_word' id='word_1_51' title='bbox 284 1248 327 1329; x_wconf 91' lang='lat' dir='ltr'>in</span> <span class='ocrx_word' id='word_1_52' title='bbox 358 1246 522 1344; x_wconf 87' lang='lat' dir='ltr'>Dalum,</span> <span class='ocrx_word' id='word_1_53' title='bbox 563 1250 655 1327; x_wconf 81' lang='lat' dir='ltr'>&#39;cum</span> <span class='ocrx_word' id='word_1_54' title='bbox 689 1248 880 1330; x_wconf 84' lang='lat' dir='ltr'>omnibus</span> <span class='ocrx_word' id='word_1_55' title='bbox 920 1252 1144 1333; x_wconf 82' lang='lat' dir='ltr'>attinentiis</span> <span class='ocrx_word' id='word_1_56' title='bbox 1171 1251 1275 1345; x_wconf 86' lang='lat' dir='ltr'>suis,</span> <span class='ocrx_word' id='word_1_57' title='bbox 1318 1277 1392 1333; x_wconf 82' lang='lat' dir='ltr'>aee</span> <span class='ocrx_word' id='word_1_58' title='bbox 1438 1276 1519 1331; x_wconf 92' lang='lat' dir='ltr'>non</span> <span class='ocrx_word' id='word_1_59' title='bbox 1549 1268 1590 1331; x_wconf 89' lang='lat' dir='ltr'>et</span> <span class='ocrx_word' id='word_1_60' title='bbox 1618 1246 1916 1355; x_wconf 88' lang='lat' dir='ltr'>Hiortaethorp,</span> 
     </span>
     <span class='ocr_line' id='line_1_8' title="bbox 103 1358 1916 1471; baseline -0.001 -29"><span class='ocrx_word' id='word_1_61' title='bbox 103 1388 200 1442; x_wconf 89' lang='lat' dir='ltr'>cum</span> <span class='ocrx_word' id='word_1_62' title='bbox 227 1358 418 1463; x_wconf 85' lang='lat' dir='ltr'>omnibus</span> <span class='ocrx_word' id='word_1_63' title='bbox 446 1360 744 1469; x_wconf 83' lang='lat' dir='ltr'>pertinentibus</span> <span class='ocrx_word' id='word_1_64' title='bbox 771 1358 821 1441; x_wconf 86' lang='lat' dir='ltr'>ad</span> <span class='ocrx_word' id='word_1_65' title='bbox 849 1362 1039 1458; x_wconf 82' lang='lat' dir='ltr'>eandem,</span> <span class='ocrx_word' id='word_1_66' title='bbox 1073 1362 1324 1471; x_wconf 75' lang='lat' dir='ltr'>tutelamque</span> <span class='ocrx_word' id='word_1_67' title='bbox 1353 1364 1640 1470; x_wconf 81' lang='lat' dir='ltr'>possessiouem</span> <span class='ocrx_word' id='word_1_68' title='bbox 1669 1376 1848 1441; x_wconf 85' lang='lat' dir='ltr'>nostram</span> <span class='ocrx_word' id='word_1_69' title='bbox 1872 1360 1916 1441; x_wconf 91' lang='lat' dir='ltr'>iu</span> 
     </span>
     <span class='ocr_line' id='line_1_9' title="bbox 107 1470 2000 1582; baseline -0.001 -29"><span class='ocrx_word' id='word_1_70' title='bbox 107 1470 436 1582; x_wconf 78' lang='lat' dir='ltr'>Agbsstadbum,</span> <span class='ocrx_word' id='word_1_71' title='bbox 464 1498 555 1551; x_wconf 89' lang='lat' dir='ltr'>enm</span> <span class='ocrx_word' id='word_1_72' title='bbox 586 1473 787 1580; x_wconf 80' lang='lat' dir='ltr'>piscatura</span> <span class='ocrx_word' id='word_1_73' title='bbox 816 1473 857 1552; x_wconf 92' lang='lat' dir='ltr'>in</span> <span class='ocrx_word' id='word_1_74' title='bbox 886 1490 1071 1555; x_wconf 82' lang='lat' dir='ltr'>torrente</span> <span class='ocrx_word' id='word_1_75' title='bbox 1103 1472 1272 1571; x_wconf 79' lang='lat' dir='ltr'>ibidem,</span> <span class='ocrx_word' id='word_1_76' title='bbox 1319 1474 1410 1555; x_wconf 86' lang='lat' dir='ltr'>item</span> <span class='ocrx_word' id='word_1_77' title='bbox 1443 1472 1703 1579; x_wconf 84' lang='lat' dir='ltr'>Norobergb,</span> <span class='ocrx_word' id='word_1_78' title='bbox 1731 1487 1771 1551; x_wconf 89' lang='lat' dir='ltr'>et</span> <span class='ocrx_word' id='word_1_79' title='bbox 1797 1471 1914 1581; x_wconf 89' lang='lat' dir='ltr'>quic·</span> <span class='ocrx_word' id='word_1_80' title='bbox 1990 1526 2000 1535; x_wconf 91' lang='lat'>-</span> 
     </span>
     <span class='ocr_line' id='line_1_10' title="bbox 105 1578 1916 1695; baseline 0.002 -32"><span class='ocrx_word' id='word_1_81' title='bbox 105 1581 208 1695; x_wconf 86' lang='lat' dir='ltr'>quid</span> <span class='ocrx_word' id='word_1_82' title='bbox 237 1578 385 1662; x_wconf 83' lang='lat' dir='ltr'>ibidem</span> <span class='ocrx_word' id='word_1_83' title='bbox 416 1581 664 1691; x_wconf 73' lang='lat' dir='ltr'>possedimus</span> <span class='ocrx_word' id='word_1_84' title='bbox 696 1586 739 1664; x_wconf 93' lang='lat' dir='ltr'>in</span> <span class='ocrx_word' id='word_1_85' title='bbox 769 1600 906 1665; x_wconf 83' lang='lat' dir='ltr'>monte</span> <span class='ocrx_word' id='word_1_86' title='bbox 935 1585 1032 1665; x_wconf 84' lang='lat' dir='ltr'>ferri</span> <span class='ocrx_word' id='word_1_87' title='bbox 1059 1592 1101 1666; x_wconf 85' lang='lat' dir='ltr'>e&#39;t</span> <span class='ocrx_word' id='word_1_88' title='bbox 1127 1585 1288 1681; x_wconf 79' lang='lat' dir='ltr'>calibis,</span> <span class='ocrx_word' id='word_1_89' title='bbox 1317 1612 1363 1665; x_wconf 85' lang='lat' dir='ltr'>sc</span> <span class='ocrx_word' id='word_1_90' title='bbox 1392 1584 1637 1692; x_wconf 79' lang='lat' dir='ltr'>omnia&#39;qvae</span> <span class='ocrx_word' id='word_1_91' title='bbox 1665 1581 1916 1689; x_wconf 76' lang='lat' dir='ltr'>possedimus</span> 
     </span>
     <span class='ocr_line' id='line_1_11' title="bbox 107 1693 1915 1804; baseline -0.001 -29"><span class='ocrx_word' id='word_1_92' title='bbox 107 1697 150 1775; x_wconf 89' lang='lat' dir='ltr'>in</span> <span class='ocrx_word' id='word_1_93' title='bbox 182 1694 344 1786; x_wconf 77' lang='lat' dir='ltr'>Delum,</span> <span class='ocrx_word' id='word_1_94' title='bbox 373 1712 558 1802; x_wconf 71' lang='lat' dir='ltr'>tempore</span> <span class='ocrx_word' id='word_1_95' title='bbox 583 1722 669 1804; x_wconf 84' lang='lat' dir='ltr'>quo</span> <span class='ocrx_word' id='word_1_96' title='bbox 699 1708 904 1804; x_wconf 70' lang='lat' dir='ltr'>presentes</span> <span class='ocrx_word' id='word_1_97' title='bbox 945 1697 1198 1779; x_wconf 83' lang='lat' dir='ltr'>emanabant</span> <span class='ocrx_word' id='word_1_98' title='bbox 1226 1696 1325 1779; x_wconf 85' lang='lat' dir='ltr'>Item</span> <span class='ocrx_word' id='word_1_99' title='bbox 1357 1700 1510 1780; x_wconf 84' lang='lat' dir='ltr'>curiam</span> <span class='ocrx_word' id='word_1_100' title='bbox 1540 1693 1698 1799; x_wconf 87' lang='lat' dir='ltr'>Oestby</span> <span class='ocrx_word' id='word_1_101' title='bbox 1726 1694 1843 1775; x_wconf 83' lang='lat' dir='ltr'>sitam</span> <span class='ocrx_word' id='word_1_102' title='bbox 1871 1693 1915 1776; x_wconf 90' lang='lat' dir='ltr'>in</span> 
     </span>
     <span class='ocr_line' id='line_1_12' title="bbox 107 1802 1918 1915; baseline -0.001 -30"><span class='ocrx_word' id='word_1_103' title='bbox 107 1806 387 1902; x_wconf 61' lang='lat' dir='ltr'>liestmannin,</span> <span class='ocrx_word' id='word_1_104' title='bbox 428 1818 549 1915; x_wconf 81' lang='lat' dir='ltr'>quam</span> <span class='ocrx_word' id='word_1_105' title='bbox 591 1806 805 1889; x_wconf 79' lang='lat' dir='ltr'>imbuimus</span> <span class='ocrx_word' id='word_1_106' title='bbox 846 1806 897 1888; x_wconf 91' lang='lat' dir='ltr'>de</span> <span class='ocrx_word' id='word_1_107' title='bbox 927 1809 1102 1904; x_wconf 86' lang='lat' dir='ltr'>Domino</span> <span class='ocrx_word' id='word_1_108' title='bbox 1144 1809 1309 1889; x_wconf 84' lang='lat' dir='ltr'>Aberno</span> <span class='ocrx_word' id='word_1_109' title='bbox 1339 1809 1542 1915; x_wconf 79' lang='lat' dir='ltr'>Dopilero,</span> <span class='ocrx_word' id='word_1_110' title='bbox 1601 1806 1699 1887; x_wconf 90' lang='lat' dir='ltr'>Item</span> <span class='ocrx_word' id='word_1_111' title='bbox 1731 1802 1918 1910; x_wconf 77' lang='lat' dir='ltr'>Husaby;</span> 
     </span>
     <span class='ocr_line' id='line_1_13' title="bbox 105 1915 1917 2025; baseline -0.002 -26"><span class='ocrx_word' id='word_1_112' title='bbox 105 1916 354 1999; x_wconf 83' lang='lat' dir='ltr'>Oedmsrcbi</span> <span class='ocrx_word' id='word_1_113' title='bbox 382 1934 424 1997; x_wconf 85' lang='lat' dir='ltr'>et</span> <span class='ocrx_word' id='word_1_114' title='bbox 452 1916 655 2025; x_wconf 82' lang='lat' dir='ltr'>Skyraoos</span> <span class='ocrx_word' id='word_1_115' title='bbox 690 1922 732 1999; x_wconf 91' lang='lat' dir='ltr'>in</span> <span class='ocrx_word' id='word_1_116' title='bbox 775 1918 969 2017; x_wconf 85' lang='lat' dir='ltr'>Niericia,</span> <span class='ocrx_word' id='word_1_117' title='bbox 1003 1946 1050 2000; x_wconf 84' lang='lat' dir='ltr'>ac</span> <span class='ocrx_word' id='word_1_118' title='bbox 1078 1915 1307 2002; x_wconf 82' lang='lat' dir='ltr'>molendina</span> <span class='ocrx_word' id='word_1_119' title='bbox 1338 1922 1379 1999; x_wconf 91' lang='lat' dir='ltr'>in</span> <span class='ocrx_word' id='word_1_120' title='bbox 1408 1918 1536 2025; x_wconf 81' lang='lat' dir='ltr'>Rytlo</span> <span class='ocrx_word' id='word_1_121' title='bbox 1573 1915 1706 2024; x_wconf 85' lang='lat' dir='ltr'>juxsta</span> <span class='ocrx_word' id='word_1_122' title='bbox 1737 1915 1917 1995; x_wconf 88' lang='lat' dir='ltr'>Grenna.</span> 
     </span>
     <span class='ocr_line' id='line_1_14' title="bbox 106 2023 1917 2140; baseline 0.001 -31"><span class='ocrx_word' id='word_1_123' title='bbox 106 2032 207 2110; x_wconf 86' lang='lat' dir='ltr'>ltem</span> <span class='ocrx_word' id='word_1_124' title='bbox 251 2027 480 2110; x_wconf 81' lang='lat' dir='ltr'>Molendina</span> <span class='ocrx_word' id='word_1_125' title='bbox 512 2029 553 2108; x_wconf 91' lang='lat' dir='ltr'>in</span> <span class='ocrx_word' id='word_1_126' title='bbox 601 2029 914 2137; x_wconf 78' lang='lat' dir='ltr'>Tborsbargbe,</span> <span class='ocrx_word' id='word_1_127' title='bbox 939 2028 1023 2111; x_wconf 88' lang='lat' dir='ltr'>duo</span> <span class='ocrx_word' id='word_1_128' title='bbox 1058 2030 1245 2114; x_wconf 84' lang='lat' dir='ltr'>videlicet</span> <span class='ocrx_word' id='word_1_129' title='bbox 1275 2056 1357 2140; x_wconf 87' lang='lat' dir='ltr'>que</span> <span class='ocrx_word' id='word_1_130' title='bbox 1392 2023 1511 2111; x_wconf 84' lang='lat' dir='ltr'>nobis</span> <span class='ocrx_word' id='word_1_131' title='bbox 1552 2030 1749 2114; x_wconf 86' lang='lat' dir='ltr'>Dominus</span> <span class='ocrx_word' id='word_1_132' title='bbox 1779 2025 1917 2135; x_wconf 88' lang='lat' dir='ltr'>Ulpbo</span> 
     </span>
     <span class='ocr_line' id='line_1_15' title="bbox 11 2136 1916 2254; baseline -0.003 -32"><span class='ocrx_word' id='word_1_133' title='bbox 11 2199 12 2230; x_wconf 64' lang='grc'>;</span> <span class='ocrx_word' id='word_1_134' title='bbox 105 2140 304 2222; x_wconf 86' lang='lat' dir='ltr'>Knrlsson</span> <span class='ocrx_word' id='word_1_135' title='bbox 334 2138 442 2219; x_wconf 86' lang='lat' dir='ltr'>bone</span> <span class='ocrx_word' id='word_1_136' title='bbox 470 2143 659 2221; x_wconf 83' lang='lat' dir='ltr'>memorie</span> <span class='ocrx_word' id='word_1_137' title='bbox 686 2141 880 2231; x_wconf 88' lang='lat' dir='ltr'>contulit,</span> <span class='ocrx_word' id='word_1_138' title='bbox 908 2160 951 2222; x_wconf 91' lang='lat' dir='ltr'>et</span> <span class='ocrx_word' id='word_1_139' title='bbox 978 2170 1101 2223; x_wconf 90' lang='lat' dir='ltr'>unum</span> <span class='ocrx_word' id='word_1_140' title='bbox 1131 2142 1241 2254; x_wconf 88' lang='lat' dir='ltr'>qvod</span> <span class='ocrx_word' id='word_1_141' title='bbox 1269 2142 1387 2225; x_wconf 87' lang='lat' dir='ltr'>nobis</span> <span class='ocrx_word' id='word_1_142' title='bbox 1415 2140 1526 2223; x_wconf 90' lang='lat' dir='ltr'>dedit</span> <span class='ocrx_word' id='word_1_143' title='bbox 1553 2136 1813 2221; x_wconf 88' lang='lat' dir='ltr'>Reverendus</span> <span class='ocrx_word' id='word_1_144' title='bbox 1841 2140 1916 2217; x_wconf 87' lang='lat' dir='ltr'>Pa·</span> 
     </span>
     <span class='ocr_line' id='line_1_16' title="bbox 104 2250 1917 2362; baseline -0.002 -29"><span class='ocrx_word' id='word_1_145' title='bbox 104 2272 169 2333; x_wconf 88' lang='lat' dir='ltr'>ter</span> <span class='ocrx_word' id='word_1_146' title='bbox 197 2252 395 2332; x_wconf 89' lang='lat' dir='ltr'>Dominus</span> <span class='ocrx_word' id='word_1_147' title='bbox 424 2252 576 2331; x_wconf 83' lang='lat' dir='ltr'>Yssrus</span> <span class='ocrx_word' id='word_1_148' title='bbox 605 2254 830 2361; x_wconf 84' lang='lat' dir='ltr'>Episcopus</span> <span class='ocrx_word' id='word_1_149' title='bbox 852 2252 1144 2361; x_wconf 79' lang='lat' dir='ltr'>Strengnensis,</span> <span class='ocrx_word' id='word_1_150' title='bbox 1175 2250 1375 2362; x_wconf 84' lang='lat' dir='ltr'>perpetuo</span> <span class='ocrx_word' id='word_1_151' title='bbox 1403 2268 1444 2331; x_wconf 90' lang='lat' dir='ltr'>et</span> <span class='ocrx_word' id='word_1_152' title='bbox 1472 2250 1793 2333; x_wconf 83' lang='lat' dir='ltr'>irreuocnbiliter</span> <span class='ocrx_word' id='word_1_153' title='bbox 1823 2275 1917 2357; x_wconf 90' lang='lat' dir='ltr'>pos·</span> 
     </span>
     <span class='ocr_line' id='line_1_17' title="bbox 12 2360 1917 2472; baseline -0.003 -27"><span class='ocrx_word' id='word_1_154' title='bbox 12 2417 13 2424; x_wconf 23' lang='grc' dir='ltr'><strong><em>κ</em></strong></span> <span class='ocrx_word' id='word_1_155' title='bbox 105 2360 286 2446; x_wconf 78' lang='lat' dir='ltr'>ridenda.</span> <span class='ocrx_word' id='word_1_156' title='bbox 308 2363 406 2471; x_wconf 79' lang='lat' dir='ltr'>lpse</span> <span class='ocrx_word' id='word_1_157' title='bbox 435 2366 751 2445; x_wconf 84' lang='lat' dir='ltr'>veroDominns</span> <span class='ocrx_word' id='word_1_158' title='bbox 779 2380 918 2445; x_wconf 85' lang='lat' dir='ltr'>noster</span> <span class='ocrx_word' id='word_1_159' title='bbox 945 2365 1051 2461; x_wconf 79' lang='lat' dir='ltr'>Rex,</span> <span class='ocrx_word' id='word_1_160' title='bbox 1080 2367 1238 2446; x_wconf 87' lang='lat' dir='ltr'>ratione</span> <span class='ocrx_word' id='word_1_161' title='bbox 1266 2362 1649 2472; x_wconf 80' lang='lat' dir='ltr'>recompensationis</span> <span class='ocrx_word' id='word_1_162' title='bbox 1677 2387 1752 2471; x_wconf 87' lang='lat' dir='ltr'>pro</span> <span class='ocrx_word' id='word_1_163' title='bbox 1782 2360 1917 2469; x_wconf 88' lang='lat' dir='ltr'>predi·</span> 
     </span>
     <span class='ocr_line' id='line_1_18' title="bbox 103 2470 1917 2585; baseline -0.002 -29"><span class='ocrx_word' id='word_1_164' title='bbox 103 2477 182 2557; x_wconf 89' lang='lat' dir='ltr'>etis</span> <span class='ocrx_word' id='word_1_165' title='bbox 210 2474 329 2555; x_wconf 85' lang='lat' dir='ltr'>bonis</span> <span class='ocrx_word' id='word_1_166' title='bbox 354 2488 399 2554; x_wconf 85' lang='lat' dir='ltr'>et</span> <span class='ocrx_word' id='word_1_167' title='bbox 427 2476 764 2582; x_wconf 76' lang='lat' dir='ltr'>possessionibus,</span> <span class='ocrx_word' id='word_1_168' title='bbox 794 2474 1001 2559; x_wconf 81' lang='lat' dir='ltr'>dimiserat</span> <span class='ocrx_word' id='word_1_169' title='bbox 1025 2494 1068 2558; x_wconf 89' lang='lat' dir='ltr'>et</span> <span class='ocrx_word' id='word_1_170' title='bbox 1095 2478 1365 2585; x_wconf 76' lang='lat' dir='ltr'>assignaverat</span> <span class='ocrx_word' id='word_1_171' title='bbox 1407 2476 1525 2558; x_wconf 91' lang='lat' dir='ltr'>uobis</span> <span class='ocrx_word' id='word_1_172' title='bbox 1555 2490 1595 2555; x_wconf 90' lang='lat' dir='ltr'>et</span> <span class='ocrx_word' id='word_1_173' title='bbox 1623 2474 1773 2567; x_wconf 74' lang='lat' dir='ltr'>nostris</span> <span class='ocrx_word' id='word_1_174' title='bbox 1801 2470 1917 2553; x_wconf 86' lang='lat' dir='ltr'>bere·</span> 
     </span>
     <span class='ocr_line' id='line_1_19' title="bbox 15 2582 1914 2696; baseline -0.003 -29"><span class='ocrx_word' id='word_1_175' title='bbox 15 2677 16 2682; x_wconf 8' lang='grc' dir='ltr'><strong><em>Ν</em></strong></span> <span class='ocrx_word' id='word_1_176' title='bbox 104 2587 230 2667; x_wconf 86' lang='lat' dir='ltr'>dibus</span> <span class='ocrx_word' id='word_1_177' title='bbox 258 2582 424 2666; x_wconf 83' lang='lat' dir='ltr'>totalem</span> <span class='ocrx_word' id='word_1_178' title='bbox 454 2586 705 2694; x_wconf 69' lang='lat' dir='ltr'>pertende</span> <span class='ocrx_word' id='word_1_179' title='bbox 742 2584 1023 2669; x_wconf 79' lang='lat' dir='ltr'>communibus</span> <span class='ocrx_word' id='word_1_180' title='bbox 1072 2589 1224 2696; x_wconf 88' lang='lat' dir='ltr'>prediis</span> <span class='ocrx_word' id='word_1_181' title='bbox 1252 2592 1295 2668; x_wconf 92' lang='lat' dir='ltr'>in</span> <span class='ocrx_word' id='word_1_182' title='bbox 1326 2588 1562 2669; x_wconf 84' lang='lat' dir='ltr'>Dioresibus</span> <span class='ocrx_word' id='word_1_183' title='bbox 1605 2584 1848 2694; x_wconf 85' lang='lat' dir='ltr'>Lincopensi</span> <span class='ocrx_word' id='word_1_184' title='bbox 1872 2598 1914 2663; x_wconf 90' lang='lat' dir='ltr'>et</span> 
     </span>
     <span class='ocr_line' id='line_1_20' title="bbox 15 2696 1915 2807; baseline 0.001 -29"><span class='ocrx_word' id='word_1_185' title='bbox 15 2748 23 2802; x_wconf 78' lang='lat' dir='ltr'>s·</span> <span class='ocrx_word' id='word_1_186' title='bbox 104 2696 374 2779; x_wconf 85' lang='lat' dir='ltr'>Wexiouensi</span> <span class='ocrx_word' id='word_1_187' title='bbox 402 2699 509 2795; x_wconf 88' lang='lat' dir='ltr'>sitis,</span> <span class='ocrx_word' id='word_1_188' title='bbox 538 2698 616 2777; x_wconf 89' lang='lat' dir='ltr'>sibi</span> <span class='ocrx_word' id='word_1_189' title='bbox 645 2700 892 2796; x_wconf 82' lang='lat' dir='ltr'>attinentem,</span> <span class='ocrx_word' id='word_1_190' title='bbox 921 2699 1142 2807; x_wconf 83' lang='lat' dir='ltr'>vulgariter</span> <span class='ocrx_word' id='word_1_191' title='bbox 1170 2698 1317 2781; x_wconf 83' lang='lat' dir='ltr'>dietam</span> <span class='ocrx_word' id='word_1_192' title='bbox 1345 2698 1629 2807; x_wconf 83' lang='lat' dir='ltr'>Kunungslut,</span> <span class='ocrx_word' id='word_1_193' title='bbox 1656 2724 1732 2777; x_wconf 89' lang='lat' dir='ltr'>nee</span> <span class='ocrx_word' id='word_1_194' title='bbox 1761 2722 1844 2777; x_wconf 92' lang='lat' dir='ltr'>non</span> <span class='ocrx_word' id='word_1_195' title='bbox 1874 2710 1915 2779; x_wconf 84' lang='lat' dir='ltr'>et</span> 
     </span>
     <span class='ocr_line' id='line_1_21' title="bbox 103 2800 2005 2920; baseline -0.003 -28"><span class='ocrx_word' id='word_1_196' title='bbox 103 2812 260 2892; x_wconf 85' lang='lat' dir='ltr'>curiam</span> <span class='ocrx_word' id='word_1_197' title='bbox 288 2836 400 2890; x_wconf 86' lang='lat' dir='ltr'>susm</span> <span class='ocrx_word' id='word_1_198' title='bbox 428 2808 548 2890; x_wconf 87' lang='lat' dir='ltr'>Tuna</span> <span class='ocrx_word' id='word_1_199' title='bbox 576 2812 617 2889; x_wconf 89' lang='lat' dir='ltr'>in</span> <span class='ocrx_word' id='word_1_200' title='bbox 648 2808 823 2916; x_wconf 88' lang='lat' dir='ltr'>Tbyust,</span> <span class='ocrx_word' id='word_1_201' title='bbox 853 2829 893 2891; x_wconf 92' lang='lat' dir='ltr'>et</span> <span class='ocrx_word' id='word_1_202' title='bbox 921 2812 1207 2920; x_wconf 86' lang='lat' dir='ltr'>possessionem</span> <span class='ocrx_word' id='word_1_203' title='bbox 1231 2800 1326 2918; x_wconf 75' lang='lat' dir='ltr'>sry&#39;</span> <span class='ocrx_word' id='word_1_204' title='bbox 1343 2870 1591 2893; x_wconf 90' lang='grc'><strong>.......</strong></span> <span class='ocrx_word' id='word_1_205' title='bbox 1622 2810 1673 2889; x_wconf 77' lang='lat' dir='ltr'>in&#39;</span> <span class='ocrx_word' id='word_1_206' title='bbox 1693 2807 1914 2913; x_wconf 87' lang='lat' dir='ltr'>Oestgotia,</span> <span class='ocrx_word' id='word_1_207' title='bbox 2000 2880 2005 2887; x_wconf 90' lang='lat'>.</span> 
     </span>
     <span class='ocr_line' id='line_1_22' title="bbox 15 2918 1915 3033; baseline -0.004 -29"><span class='ocrx_word' id='word_1_208' title='bbox 15 2990 20 3027; x_wconf 30' lang='grc' dir='ltr'><strong>ἱ</strong></span> <span class='ocrx_word' id='word_1_209' title='bbox 103 2950 198 3004; x_wconf 86' lang='lat' dir='ltr'>eum</span> <span class='ocrx_word' id='word_1_210' title='bbox 226 2921 398 3033; x_wconf 74' lang='lat' dir='ltr'>singulis</span> <span class='ocrx_word' id='word_1_211' title='bbox 424 2948 561 3003; x_wconf 88' lang='lat' dir='ltr'>earum</span> <span class='ocrx_word' id='word_1_212' title='bbox 591 2922 827 3020; x_wconf 86' lang='lat' dir='ltr'>attinentiis,</span> <span class='ocrx_word' id='word_1_213' title='bbox 853 2950 936 3033; x_wconf 89' lang='lat' dir='ltr'>que</span> <span class='ocrx_word' id='word_1_214' title='bbox 964 2920 1130 3033; x_wconf 88' lang='lat' dir='ltr'>quidem</span> <span class='ocrx_word' id='word_1_215' title='bbox 1150 2924 1258 3014; x_wconf 85' lang='lat' dir='ltr'>curia</span> <span class='ocrx_word' id='word_1_216' title='bbox 1287 2939 1327 3003; x_wconf 91' lang='lat' dir='ltr'>et</span> <span class='ocrx_word' id='word_1_217' title='bbox 1357 2926 1551 3031; x_wconf 85' lang='lat' dir='ltr'>possessio</span> <span class='ocrx_word' id='word_1_218' title='bbox 1581 2918 1632 3000; x_wconf 91' lang='lat' dir='ltr'>de</span> <span class='ocrx_word' id='word_1_219' title='bbox 1662 2918 1816 3028; x_wconf 86' lang='lat' dir='ltr'>prefata</span> <span class='ocrx_word' id='word_1_220' title='bbox 1834 2935 1915 2999; x_wconf 89' lang='lat' dir='ltr'>ter·</span> 
     </span>
     <span class='ocr_line' id='line_1_23' title="bbox 101 3026 1914 3142; baseline -0.004 -27"><span class='ocrx_word' id='word_1_221' title='bbox 101 3038 161 3115; x_wconf 88' lang='lat' dir='ltr'>tia</span> <span class='ocrx_word' id='word_1_222' title='bbox 193 3050 310 3142; x_wconf 86' lang='lat' dir='ltr'>parte</span> <span class='ocrx_word' id='word_1_223' title='bbox 337 3034 608 3113; x_wconf 90' lang='lat' dir='ltr'>communium</span> <span class='ocrx_word' id='word_1_224' title='bbox 653 3032 884 3141; x_wconf 91' lang='lat' dir='ltr'>prediorum</span> <span class='ocrx_word' id='word_1_225' title='bbox 927 3026 1195 3114; x_wconf 88' lang='lat' dir='ltr'>dinoscuntur</span> <span class='ocrx_word' id='word_1_226' title='bbox 1224 3029 1414 3116; x_wconf 86' lang='lat' dir='ltr'>derivate.</span> <span class='ocrx_word' id='word_1_227' title='bbox 1472 3035 1560 3115; x_wconf 92' lang='lat' dir='ltr'>Hoc</span> <span class='ocrx_word' id='word_1_228' title='bbox 1589 3029 1767 3138; x_wconf 84' lang='lat' dir='ltr'>adjecto,</span> <span class='ocrx_word' id='word_1_229' title='bbox 1801 3027 1914 3140; x_wconf 91' lang='lat' dir='ltr'>quod</span> 
     </span>
     <span class='ocr_line' id='line_1_24' title="bbox 17 3141 1913 3257; baseline -0.003 -31"><span class='ocrx_word' id='word_1_230' title='bbox 17 3227 21 3257; x_wconf 59' lang='lat'>‚</span> <span class='ocrx_word' id='word_1_231' title='bbox 104 3147 343 3256; x_wconf 86' lang='lat' dir='ltr'>ubicunque</span> <span class='ocrx_word' id='word_1_232' title='bbox 372 3161 624 3253; x_wconf 82' lang='lat' dir='ltr'>compertum</span> <span class='ocrx_word' id='word_1_233' title='bbox 657 3145 795 3240; x_wconf 84' lang='lat' dir='ltr'>luerit,</span> <span class='ocrx_word' id='word_1_234' title='bbox 826 3142 938 3254; x_wconf 88' lang='lat' dir='ltr'>qnod</span> <span class='ocrx_word' id='word_1_235' title='bbox 967 3146 1100 3256; x_wconf 84' lang='lat' dir='ltr'>aliqua</span> <span class='ocrx_word' id='word_1_236' title='bbox 1130 3173 1225 3254; x_wconf 88' lang='lat' dir='ltr'>pars</span> <span class='ocrx_word' id='word_1_237' title='bbox 1248 3145 1305 3225; x_wconf 78' lang='lat' dir='ltr'>‘de</span> <span class='ocrx_word' id='word_1_238' title='bbox 1335 3143 1486 3254; x_wconf 87' lang='lat' dir='ltr'>prediis</span> <span class='ocrx_word' id='word_1_239' title='bbox 1513 3141 1776 3252; x_wconf 79' lang='lat' dir='ltr'>supradictis,</span> <span class='ocrx_word' id='word_1_240' title='bbox 1804 3167 1913 3222; x_wconf 89' lang='lat' dir='ltr'>com·</span> 
     </span>
     <span class='ocr_line' id='line_1_25' title="bbox 104 3250 1913 3362; baseline -0.004 -25"><span class='ocrx_word' id='word_1_241' title='bbox 104 3257 297 3337; x_wconf 87' lang='lat' dir='ltr'>munibus</span> <span class='ocrx_word' id='word_1_242' title='bbox 323 3257 490 3352; x_wconf 88' lang='lat' dir='ltr'>scilicet,</span> <span class='ocrx_word' id='word_1_243' title='bbox 518 3255 637 3337; x_wconf 89' lang='lat' dir='ltr'>nobis</span> <span class='ocrx_word' id='word_1_244' title='bbox 666 3254 848 3350; x_wconf 85' lang='lat' dir='ltr'>dimissis,</span> <span class='ocrx_word' id='word_1_245' title='bbox 877 3257 951 3338; x_wconf 86' lang='lat' dir='ltr'>rite</span> <span class='ocrx_word' id='word_1_246' title='bbox 979 3274 1020 3338; x_wconf 88' lang='lat' dir='ltr'>et</span> <span class='ocrx_word' id='word_1_247' title='bbox 1049 3257 1315 3337; x_wconf 85' lang='lat' dir='ltr'>amicabiliter</span> <span class='ocrx_word' id='word_1_248' title='bbox 1343 3255 1471 3338; x_wconf 88' lang='lat' dir='ltr'>diuisa</span> <span class='ocrx_word' id='word_1_249' title='bbox 1502 3271 1541 3337; x_wconf 91' lang='lat' dir='ltr'>et</span> <span class='ocrx_word' id='word_1_250' title='bbox 1571 3253 1759 3362; x_wconf 84' lang='lat' dir='ltr'>distincta</span> <span class='ocrx_word' id='word_1_251' title='bbox 1778 3250 1913 3348; x_wconf 82' lang='lat' dir='ltr'>luerit,</span> 
     </span>
     <span class='ocr_line' id='line_1_26' title="bbox 102 3365 1914 3476; baseline -0.004 -28"><span class='ocrx_word' id='word_1_252' title='bbox 102 3398 155 3448; x_wconf 87' lang='lat' dir='ltr'>nc</span> <span class='ocrx_word' id='word_1_253' title='bbox 185 3368 350 3451; x_wconf 83' lang='lat' dir='ltr'>nomini.</span> <span class='ocrx_word' id='word_1_254' title='bbox 370 3369 498 3476; x_wconf 74' lang='lat' dir='ltr'>Regio</span> <span class='ocrx_word' id='word_1_255' title='bbox 526 3366 661 3448; x_wconf 89' lang='lat' dir='ltr'>taliter</span> <span class='ocrx_word' id='word_1_256' title='bbox 687 3371 904 3476; x_wconf 82' lang='lat' dir='ltr'>assignata,</span> <span class='ocrx_word' id='word_1_257' title='bbox 931 3369 1016 3448; x_wconf 90' lang='lat' dir='ltr'>siue</span> <span class='ocrx_word' id='word_1_258' title='bbox 1044 3368 1152 3448; x_wconf 87' lang='lat' dir='ltr'>culta</span> <span class='ocrx_word' id='word_1_259' title='bbox 1170 3371 1232 3464; x_wconf 89' lang='lat' dir='ltr'>sit,</span> <span class='ocrx_word' id='word_1_260' title='bbox 1261 3369 1345 3448; x_wconf 89' lang='lat' dir='ltr'>siue</span> <span class='ocrx_word' id='word_1_261' title='bbox 1369 3369 1541 3460; x_wconf 89' lang='lat' dir='ltr'>inculta,</span> <span class='ocrx_word' id='word_1_262' title='bbox 1572 3366 1757 3448; x_wconf 89' lang='lat' dir='ltr'>videlicet</span> <span class='ocrx_word' id='word_1_263' title='bbox 1786 3365 1826 3444; x_wconf 94' lang='lat' dir='ltr'>in</span> <span class='ocrx_word' id='word_1_264' title='bbox 1844 3391 1914 3442; x_wconf 92' lang='lat' dir='ltr'>cu·</span> 
     </span>
    </p>
   </div>
   <div class='ocr_carea' id='block_1_3' title="bbox 18 3468 2059 3592">
    <p class='ocr_par' dir='ltr' id='par_1_3' title="bbox 18 3468 2059 3592">
     <span class='ocr_line' id='line_1_27' title="bbox 18 3468 2059 3592; baseline -0.004 -30"><span class='ocrx_word' id='word_1_265' title='bbox 18 3570 19 3579; x_wconf 8' lang='grc' dir='ltr'>χ</span> <span class='ocrx_word' id='word_1_266' title='bbox 103 3483 200 3576; x_wconf 87' lang='lat' dir='ltr'>riis,</span> <span class='ocrx_word' id='word_1_267' title='bbox 229 3479 414 3581; x_wconf 76' lang='lat' dir='ltr'>coloniis,</span> <span class='ocrx_word' id='word_1_268' title='bbox 445 3479 568 3586; x_wconf 83' lang='lat' dir='ltr'>agris,</span> <span class='ocrx_word' id='word_1_269' title='bbox 598 3481 746 3587; x_wconf 87' lang='lat' dir='ltr'>pratis,</span> <span class='ocrx_word' id='word_1_270' title='bbox 776 3480 954 3588; x_wconf 88' lang='lat' dir='ltr'>pascuis,</span> <span class='ocrx_word' id='word_1_271' title='bbox 983 3479 1115 3576; x_wconf 90' lang='lat' dir='ltr'>siluis,</span> <span class='ocrx_word' id='word_1_272' title='bbox 1146 3481 1344 3592; x_wconf 88' lang='lat' dir='ltr'>piscariis,</span> <span class='ocrx_word' id='word_1_273' title='bbox 1388 3477 1639 3575; x_wconf 85' lang='lat' dir='ltr'>molendinis,</span> <span class='ocrx_word' id='word_1_274' title='bbox 1669 3476 1731 3558; x_wconf 88' lang='lat' dir='ltr'>vel</span> <span class='ocrx_word' id='word_1_275' title='bbox 1763 3468 1913 3564; x_wconf 88' lang='lat' dir='ltr'>molen·</span> <span class='ocrx_word' id='word_1_276' title='bbox 2050 3525 2059 3535; x_wconf 87' lang='lat'><em>-</em></span> 
     </span>
    </p>
   </div>
   <div class='ocr_carea' id='block_1_4' title="bbox 18 3585 2016 4812">
    <p class='ocr_par' dir='ltr' id='par_1_4' title="bbox 18 3585 2016 4812">
     <span class='ocr_line' id='line_1_28' title="bbox 104 3585 1914 3702; baseline -0.003 -30"><span class='ocrx_word' id='word_1_277' title='bbox 104 3591 298 3697; x_wconf 79' lang='lat' dir='ltr'>diuorum</span> <span class='ocrx_word' id='word_1_278' title='bbox 330 3590 447 3686; x_wconf 89' lang='lat' dir='ltr'>loeis,</span> <span class='ocrx_word' id='word_1_279' title='bbox 474 3589 580 3672; x_wconf 84' lang='lat' dir='ltr'>inira</span> <span class='ocrx_word' id='word_1_280' title='bbox 609 3618 723 3700; x_wconf 88' lang='lat' dir='ltr'>sepes</span> <span class='ocrx_word' id='word_1_281' title='bbox 752 3610 791 3672; x_wconf 92' lang='lat' dir='ltr'>et</span> <span class='ocrx_word' id='word_1_282' title='bbox 820 3609 953 3688; x_wconf 81' lang='lat' dir='ltr'>extra,</span> <span class='ocrx_word' id='word_1_283' title='bbox 981 3592 1064 3702; x_wconf 83' lang='lat' dir='ltr'>ipsa</span> <span class='ocrx_word' id='word_1_284' title='bbox 1090 3619 1182 3702; x_wconf 86' lang='lat' dir='ltr'>pars</span> <span class='ocrx_word' id='word_1_285' title='bbox 1211 3589 1262 3671; x_wconf 86' lang='lat' dir='ltr'>ad</span> <span class='ocrx_word' id='word_1_286' title='bbox 1297 3619 1369 3670; x_wconf 91' lang='lat' dir='ltr'>nos</span> <span class='ocrx_word' id='word_1_287' title='bbox 1398 3608 1437 3672; x_wconf 92' lang='lat' dir='ltr'>et</span> <span class='ocrx_word' id='word_1_288' title='bbox 1468 3605 1626 3672; x_wconf 90' lang='lat' dir='ltr'>nostros</span> <span class='ocrx_word' id='word_1_289' title='bbox 1642 3585 1806 3670; x_wconf 86' lang='lat' dir='ltr'>heredes</span> <span class='ocrx_word' id='word_1_290' title='bbox 1823 3613 1914 3696; x_wconf 88' lang='lat' dir='ltr'>pcr-</span> 
     </span>
     <span class='ocr_line' id='line_1_29' title="bbox 18 3697 1913 3812; baseline -0.003 -29"><span class='ocrx_word' id='word_1_291' title='bbox 18 3698 20 3707; x_wconf 67' lang='grc'>’</span> <span class='ocrx_word' id='word_1_292' title='bbox 105 3706 257 3798; x_wconf 83' lang='lat' dir='ltr'>tinent,</span> <span class='ocrx_word' id='word_1_293' title='bbox 292 3697 560 3784; x_wconf 82' lang='lat' dir='ltr'>diminutione</span> <span class='ocrx_word' id='word_1_294' title='bbox 588 3700 770 3812; x_wconf 89' lang='lat' dir='ltr'>qualibet</span> <span class='ocrx_word' id='word_1_295' title='bbox 812 3705 1077 3810; x_wconf 88' lang='lat' dir='ltr'>pretermissa.</span> <span class='ocrx_word' id='word_1_296' title='bbox 1141 3701 1182 3780; x_wconf 89' lang='lat' dir='ltr'>Si</span> <span class='ocrx_word' id='word_1_297' title='bbox 1210 3719 1344 3784; x_wconf 89' lang='lat' dir='ltr'>autem</span> <span class='ocrx_word' id='word_1_298' title='bbox 1387 3699 1541 3812; x_wconf 87' lang='lat' dir='ltr'>aliquid</span> <span class='ocrx_word' id='word_1_299' title='bbox 1572 3702 1622 3782; x_wconf 91' lang='lat' dir='ltr'>de</span> <span class='ocrx_word' id='word_1_300' title='bbox 1652 3700 1769 3779; x_wconf 88' lang='lat' dir='ltr'>tertia</span> <span class='ocrx_word' id='word_1_301' title='bbox 1799 3713 1913 3808; x_wconf 83' lang='lat' dir='ltr'>parte</span> 
     </span>
     <span class='ocr_line' id='line_1_30' title="bbox 105 3805 1914 3924; baseline -0.003 -30"><span class='ocrx_word' id='word_1_302' title='bbox 105 3812 290 3924; x_wconf 85' lang='lat' dir='ltr'>predicta</span> <span class='ocrx_word' id='word_1_303' title='bbox 322 3815 616 3920; x_wconf 82' lang='lat' dir='ltr'>possessionum</span> <span class='ocrx_word' id='word_1_304' title='bbox 648 3843 718 3922; x_wconf 92' lang='lat' dir='ltr'>per</span> <span class='ocrx_word' id='word_1_305' title='bbox 748 3815 1101 3894; x_wconf 87' lang='lat' dir='ltr'>commutationem</span> <span class='ocrx_word' id='word_1_306' title='bbox 1133 3813 1339 3893; x_wconf 89' lang='lat' dir='ltr'>inventum</span> <span class='ocrx_word' id='word_1_307' title='bbox 1359 3813 1478 3892; x_wconf 89' lang='lat' dir='ltr'>luerit</span> <span class='ocrx_word' id='word_1_308' title='bbox 1506 3809 1709 3892; x_wconf 89' lang='lat' dir='ltr'>dimissum</span> <span class='ocrx_word' id='word_1_309' title='bbox 1734 3805 1914 3918; x_wconf 82' lang='lat' dir='ltr'>proeliis</span> 
     </span>
     <span class='ocr_line' id='line_1_31' title="bbox 100 3918 1913 4036; baseline -0.006 -28"><span class='ocrx_word' id='word_1_310' title='bbox 100 3923 430 4036; x_wconf 84' lang='lat' dir='ltr'>equivalentibus</span> <span class='ocrx_word' id='word_1_311' title='bbox 460 3921 599 4018; x_wconf 89' lang='lat' dir='ltr'>bonis,</span> <span class='ocrx_word' id='word_1_312' title='bbox 641 3927 697 4004; x_wconf 87' lang='lat' dir='ltr'>ita</span> <span class='ocrx_word' id='word_1_313' title='bbox 738 3921 848 4033; x_wconf 93' lang='lat' dir='ltr'>quod</span> <span class='ocrx_word' id='word_1_314' title='bbox 884 3921 934 4004; x_wconf 91' lang='lat' dir='ltr'>de</span> <span class='ocrx_word' id='word_1_315' title='bbox 963 3923 1041 4002; x_wconf 89' lang='lat' dir='ltr'>hoc</span> <span class='ocrx_word' id='word_1_316' title='bbox 1092 3924 1267 4031; x_wconf 87' lang='lat' dir='ltr'>gerimus</span> <span class='ocrx_word' id='word_1_317' title='bbox 1309 3953 1382 4004; x_wconf 91' lang='lat' dir='ltr'>uos</span> <span class='ocrx_word' id='word_1_318' title='bbox 1409 3939 1638 4018; x_wconf 89' lang='lat' dir='ltr'>contentos,</span> <span class='ocrx_word' id='word_1_319' title='bbox 1682 3918 1913 4028; x_wconf 82' lang='lat' dir='ltr'>hujusmodi</span> 
     </span>
     <span class='ocr_line' id='line_1_32' title="bbox 101 4029 1913 4146; baseline -0.007 -26"><span class='ocrx_word' id='word_1_320' title='bbox 101 4037 369 4120; x_wconf 89' lang='lat' dir='ltr'>commutatio</span> <span class='ocrx_word' id='word_1_321' title='bbox 399 4055 483 4118; x_wconf 88' lang='lat' dir='ltr'>rata</span> <span class='ocrx_word' id='word_1_322' title='bbox 514 4052 669 4118; x_wconf 86' lang='lat' dir='ltr'>mancat</span> <span class='ocrx_word' id='word_1_323' title='bbox 700 4051 821 4146; x_wconf 88' lang='lat' dir='ltr'>atque</span> <span class='ocrx_word' id='word_1_324' title='bbox 851 4034 973 4116; x_wconf 85' lang='lat' dir='ltr'>firma.</span> <span class='ocrx_word' id='word_1_325' title='bbox 1002 4033 1044 4112; x_wconf 90' lang='lat' dir='ltr'>Si</span> <span class='ocrx_word' id='word_1_326' title='bbox 1073 4063 1170 4113; x_wconf 90' lang='lat' dir='ltr'>vcro</span> <span class='ocrx_word' id='word_1_327' title='bbox 1185 4062 1297 4114; x_wconf 89' lang='lat' dir='ltr'>secus</span> <span class='ocrx_word' id='word_1_328' title='bbox 1313 4033 1460 4117; x_wconf 88' lang='lat' dir='ltr'>factum</span> <span class='ocrx_word' id='word_1_329' title='bbox 1492 4031 1630 4127; x_wconf 85' lang='lat' dir='ltr'>fuerit,</span> <span class='ocrx_word' id='word_1_330' title='bbox 1663 4035 1746 4143; x_wconf 88' lang='lat' dir='ltr'>ipse</span> <span class='ocrx_word' id='word_1_331' title='bbox 1775 4029 1913 4109; x_wconf 86' lang='lat' dir='ltr'>Domi-</span> 
     </span>
     <span class='ocr_line' id='line_1_33' title="bbox 104 4142 1913 4242; baseline -0.007 -10"><span class='ocrx_word' id='word_1_332' title='bbox 104 4177 186 4232; x_wconf 86' lang='lat' dir='ltr'>nus</span> <span class='ocrx_word' id='word_1_333' title='bbox 216 4164 351 4228; x_wconf 86' lang='lat' dir='ltr'>noster</span> <span class='ocrx_word' id='word_1_334' title='bbox 379 4147 465 4229; x_wconf 85' lang='lat' dir='ltr'>Rex</span> <span class='ocrx_word' id='word_1_335' title='bbox 496 4147 614 4229; x_wconf 89' lang='lat' dir='ltr'>nobis</span> <span class='ocrx_word' id='word_1_336' title='bbox 643 4146 869 4230; x_wconf 82' lang='lat' dir='ltr'>facultatem</span> <span class='ocrx_word' id='word_1_337' title='bbox 900 4143 1065 4226; x_wconf 88' lang='lat' dir='ltr'>liberam</span> <span class='ocrx_word' id='word_1_338' title='bbox 1096 4144 1208 4226; x_wconf 87' lang='lat' dir='ltr'>dedit</span> <span class='ocrx_word' id='word_1_339' title='bbox 1236 4163 1276 4224; x_wconf 91' lang='lat' dir='ltr'>et</span> <span class='ocrx_word' id='word_1_340' title='bbox 1304 4143 1518 4242; x_wconf 87' lang='lat' dir='ltr'>commisit,</span> <span class='ocrx_word' id='word_1_341' title='bbox 1547 4143 1679 4223; x_wconf 90' lang='lat' dir='ltr'>taliter</span> <span class='ocrx_word' id='word_1_342' title='bbox 1708 4142 1913 4224; x_wconf 88' lang='lat' dir='ltr'>dimissum</span> 
     </span>
     <span class='ocr_line' id='line_1_34' title="bbox 87 4249 1914 4367; baseline -0.005 -27"><span class='ocrx_word' id='word_1_343' title='bbox 87 4263 173 4340; x_wconf 72' lang='lat' dir='ltr'>‘vel</span> <span class='ocrx_word' id='word_1_344' title='bbox 203 4257 422 4341; x_wconf 83' lang='lat' dir='ltr'>retrocandi</span> <span class='ocrx_word' id='word_1_345' title='bbox 450 4257 810 4353; x_wconf 25' lang='lat' dir='ltr'>etssreassumendi,</span> <span class='ocrx_word' id='word_1_346' title='bbox 840 4256 902 4337; x_wconf 86' lang='lat' dir='ltr'>vel</span> <span class='ocrx_word' id='word_1_347' title='bbox 937 4249 1053 4338; x_wconf 88' lang='lat' dir='ltr'>etiam</span> <span class='ocrx_word' id='word_1_348' title='bbox 1084 4255 1390 4340; x_wconf 83' lang='lat' dir='ltr'>satisfactionem</span> <span class='ocrx_word' id='word_1_349' title='bbox 1422 4257 1661 4367; x_wconf 78' lang='lat' dir='ltr'>plenariam,</span> <span class='ocrx_word' id='word_1_350' title='bbox 1697 4269 1821 4364; x_wconf 90' lang='lat' dir='ltr'>prout</span> <span class='ocrx_word' id='word_1_351' title='bbox 1850 4252 1914 4359; x_wconf 85' lang='lat' dir='ltr'>ju·</span> 
     </span>
     <span class='ocr_line' id='line_1_35' title="bbox 104 4362 1913 4481; baseline -0.006 -28"><span class='ocrx_word' id='word_1_352' title='bbox 104 4392 217 4454; x_wconf 86' lang='lat' dir='ltr'>stum</span> <span class='ocrx_word' id='word_1_353' title='bbox 243 4388 313 4468; x_wconf 89' lang='lat' dir='ltr'>est,</span> <span class='ocrx_word' id='word_1_354' title='bbox 343 4362 509 4481; x_wconf 87' lang='lat' dir='ltr'>petendi</span> <span class='ocrx_word' id='word_1_355' title='bbox 530 4369 684 4480; x_wconf 86' lang='lat' dir='ltr'>pariter</span> <span class='ocrx_word' id='word_1_356' title='bbox 712 4386 752 4450; x_wconf 90' lang='lat' dir='ltr'>et</span> <span class='ocrx_word' id='word_1_357' title='bbox 779 4368 1039 4480; x_wconf 59' lang='lat' dir='ltr'>acquirendi,</span> <span class='ocrx_word' id='word_1_358' title='bbox 1056 4367 1239 4449; x_wconf 87' lang='lat' dir='ltr'>Preterea</span> <span class='ocrx_word' id='word_1_359' title='bbox 1271 4369 1400 4453; x_wconf 85' lang='lat' dir='ltr'>voluit</span> <span class='ocrx_word' id='word_1_360' title='bbox 1429 4368 1533 4449; x_wconf 89' lang='lat' dir='ltr'>idem</span> <span class='ocrx_word' id='word_1_361' title='bbox 1552 4367 1747 4479; x_wconf 84' lang='lat' dir='ltr'>Dominus</span> <span class='ocrx_word' id='word_1_362' title='bbox 1777 4377 1913 4444; x_wconf 87' lang='lat' dir='ltr'>noster</span> 
     </span>
     <span class='ocr_line' id='line_1_36' title="bbox 106 4473 2016 4591; baseline -0.007 -25"><span class='ocrx_word' id='word_1_363' title='bbox 106 4489 292 4578; x_wconf 83' lang='lat' dir='ltr'>llex,.ut</span> <span class='ocrx_word' id='word_1_364' title='bbox 320 4477 511 4591; x_wconf 74' lang='lat' dir='ltr'>quiequid</span> <span class='ocrx_word' id='word_1_365' title='bbox 541 4479 592 4560; x_wconf 91' lang='lat' dir='ltr'>de</span> <span class='ocrx_word' id='word_1_366' title='bbox 623 4497 738 4588; x_wconf 88' lang='lat' dir='ltr'>parte</span> <span class='ocrx_word' id='word_1_367' title='bbox 767 4481 950 4589; x_wconf 82' lang='lat' dir='ltr'>predicta</span> <span class='ocrx_word' id='word_1_368' title='bbox 980 4477 1212 4588; x_wconf 88' lang='lat' dir='ltr'>prediorum</span> <span class='ocrx_word' id='word_1_369' title='bbox 1243 4507 1315 4589; x_wconf 87' lang='lat' dir='ltr'>per</span> <span class='ocrx_word' id='word_1_370' title='bbox 1343 4481 1694 4580; x_wconf 84' lang='lat' dir='ltr'>commutationem</span> <span class='ocrx_word' id='word_1_371' title='bbox 1726 4473 1788 4554; x_wconf 90' lang='lat' dir='ltr'>vel</span> <span class='ocrx_word' id='word_1_372' title='bbox 1817 4501 1914 4553; x_wconf 85' lang='lat' dir='ltr'>ven·</span> <span class='ocrx_word' id='word_1_373' title='bbox 1940 4550 1945 4564; x_wconf 75' lang='grc'>,</span> <span class='ocrx_word' id='word_1_374' title='bbox 2012 4525 2016 4535; x_wconf 49' lang='grc' dir='ltr'><em>ι</em></span> 
     </span>
     <span class='ocr_line' id='line_1_37' title="bbox 103 4583 1913 4703; baseline -0.008 -26"><span class='ocrx_word' id='word_1_375' title='bbox 103 4585 305 4678; x_wconf 84' lang='lat' dir='ltr'>ditionem</span> <span class='ocrx_word' id='word_1_376' title='bbox 336 4591 479 4674; x_wconf 86' lang='lat' dir='ltr'>iactam</span> <span class='ocrx_word' id='word_1_377' title='bbox 523 4591 659 4674; x_wconf 81' lang='lat' dir='ltr'>forsan</span> <span class='ocrx_word' id='word_1_378' title='bbox 695 4620 774 4702; x_wconf 88' lang='lat' dir='ltr'>-per</span> <span class='ocrx_word' id='word_1_379' title='bbox 803 4594 1082 4703; x_wconf 87' lang='lat' dir='ltr'>progenitores</span> <span class='ocrx_word' id='word_1_380' title='bbox 1111 4592 1254 4700; x_wconf 89' lang='lat' dir='ltr'>ipsius,</span> <span class='ocrx_word' id='word_1_381' title='bbox 1287 4591 1349 4670; x_wconf 87' lang='lat' dir='ltr'>vel</span> <span class='ocrx_word' id='word_1_382' title='bbox 1379 4589 1458 4671; x_wconf 88' lang='lat' dir='ltr'>alio</span> <span class='ocrx_word' id='word_1_383' title='bbox 1486 4605 1744 4699; x_wconf 78' lang='lat' dir='ltr'>quocumque</span> <span class='ocrx_word' id='word_1_384' title='bbox 1773 4583 1913 4684; x_wconf 83' lang='lat' dir='ltr'>modo,</span> 
     </span>
     <span class='ocr_line' id='line_1_38' title="bbox 107 4691 1914 4812; baseline -0.006 -24"><span class='ocrx_word' id='word_1_385' title='bbox 107 4707 235 4788; x_wconf 79' lang='lat' dir='ltr'>luerit</span> <span class='ocrx_word' id='word_1_386' title='bbox 263 4703 481 4787; x_wconf 85' lang='lat' dir='ltr'>alienatum</span> <span class='ocrx_word' id='word_1_387' title='bbox 507 4702 570 4782; x_wconf 85' lang='lat' dir='ltr'>vel</span> <span class='ocrx_word' id='word_1_388' title='bbox 600 4696 856 4801; x_wconf 83' lang='lat' dir='ltr'>distractum,</span> <span class='ocrx_word' id='word_1_389' title='bbox 897 4695 1108 4784; x_wconf 87' lang='lat' dir='ltr'>retroactis</span> <span class='ocrx_word' id='word_1_390' title='bbox 1144 4703 1394 4811; x_wconf 88' lang='lat' dir='ltr'>temporibus</span> <span class='ocrx_word' id='word_1_391' title='bbox 1421 4691 1791 4812; x_wconf 27' lang='lat' dir='ltr'>quantumcunque·</span> <span class='ocrx_word' id='word_1_392' title='bbox 1811 4699 1914 4782; x_wconf 87' lang='lat' dir='ltr'>nnti-</span> 
     </span>
    </p>
   </div>
   <div class='ocr_carea' id='block_1_5' title="bbox 29 4809 1912 5150">
    <p class='ocr_par' dir='ltr' id='par_1_5' title="bbox 29 4809 1912 5150">
     <span class='ocr_line' id='line_1_39' title="bbox 29 4809 1912 4929; baseline -0.006 -30"><span class='ocrx_word' id='word_1_393' title='bbox 29 4849 33 4854; x_wconf 91' lang='grc'><em>·</em></span> <span class='ocrx_word' id='word_1_394' title='bbox 94 4817 225 4929; x_wconf 62' lang='grc' dir='ltr'>φής,</span> <span class='ocrx_word' id='word_1_395' title='bbox 258 4815 339 4900; x_wconf 87' lang='lat' dir='ltr'>boc</span> <span class='ocrx_word' id='word_1_396' title='bbox 369 4813 619 4927; x_wconf 79' lang='lat' dir='ltr'>integraliter</span> <span class='ocrx_word' id='word_1_397' title='bbox 647 4811 697 4896; x_wconf 85' lang='lat' dir='ltr'>ad</span> <span class='ocrx_word' id='word_1_398' title='bbox 728 4843 801 4896; x_wconf 90' lang='lat' dir='ltr'>nos</span> <span class='ocrx_word' id='word_1_399' title='bbox 829 4811 1092 4909; x_wconf 80' lang='lat' dir='ltr'>deuoluatur,</span> <span class='ocrx_word' id='word_1_400' title='bbox 1121 4815 1175 4894; x_wconf 89' lang='lat' dir='ltr'>ita</span> <span class='ocrx_word' id='word_1_401' title='bbox 1206 4809 1316 4924; x_wconf 92' lang='lat' dir='ltr'>quod</span> <span class='ocrx_word' id='word_1_402' title='bbox 1352 4809 1473 4892; x_wconf 88' lang='lat' dir='ltr'>nichil</span> <span class='ocrx_word' id='word_1_403' title='bbox 1505 4811 1664 4922; x_wconf 83' lang='lat' dir='ltr'>penitus</span> <span class='ocrx_word' id='word_1_404' title='bbox 1691 4809 1743 4887; x_wconf 90' lang='lat' dir='ltr'>sit</span> <span class='ocrx_word' id='word_1_405' title='bbox 1771 4835 1912 4915; x_wconf 82' lang='lat' dir='ltr'>excep·</span> 
     </span>
     <span class='ocr_line' id='line_1_40' title="bbox 104 4919 1912 5038; baseline -0.007 -28"><span class='ocrx_word' id='word_1_406' title='bbox 104 4949 219 5024; x_wconf 87' lang='lat' dir='ltr'>tum,</span> <span class='ocrx_word' id='word_1_407' title='bbox 248 4925 348 5038; x_wconf 89' lang='lat' dir='ltr'>quin</span> <span class='ocrx_word' id='word_1_408' title='bbox 376 4940 508 5006; x_wconf 84' lang='lat' dir='ltr'>totum</span> <span class='ocrx_word' id='word_1_409' title='bbox 536 4925 656 5005; x_wconf 91' lang='lat' dir='ltr'>nobis</span> <span class='ocrx_word' id='word_1_410' title='bbox 684 4922 813 5022; x_wconf 86' lang='lat' dir='ltr'>cedat,</span> <span class='ocrx_word' id='word_1_411' title='bbox 841 4919 954 5036; x_wconf 92' lang='lat' dir='ltr'>quod</span> <span class='ocrx_word' id='word_1_412' title='bbox 983 4929 1025 5008; x_wconf 90' lang='lat' dir='ltr'>in</span> <span class='ocrx_word' id='word_1_413' title='bbox 1054 4925 1258 5036; x_wconf 79' lang='lat' dir='ltr'>premissis</span> <span class='ocrx_word' id='word_1_414' title='bbox 1285 4923 1542 5029; x_wconf 24' lang='lat' dir='ltr'>suolnomiui</span> <span class='ocrx_word' id='word_1_415' title='bbox 1566 4922 1789 5034; x_wconf 84' lang='lat' dir='ltr'>dinoscitur</span> <span class='ocrx_word' id='word_1_416' title='bbox 1818 4920 1912 4998; x_wconf 86' lang='lat' dir='ltr'>atti·</span> 
     </span>
     <span class='ocr_line' id='line_1_41' title="bbox 103 5029 1910 5150; baseline -0.006 -28"><span class='ocrx_word' id='word_1_417' title='bbox 103 5040 268 5150; x_wconf 80' lang='lat' dir='ltr'>aruisse,</span> <span class='ocrx_word' id='word_1_418' title='bbox 297 5051 422 5149; x_wconf 90' lang='lat' dir='ltr'>prout</span> <span class='ocrx_word' id='word_1_419' title='bbox 450 5040 492 5119; x_wconf 92' lang='lat' dir='ltr'>in</span> <span class='ocrx_word' id='word_1_420' title='bbox 522 5037 649 5118; x_wconf 86' lang='lat' dir='ltr'>literis</span> <span class='ocrx_word' id='word_1_421' title='bbox 674 5041 757 5118; x_wconf 86' lang='lat' dir='ltr'>suis</span> <span class='ocrx_word' id='word_1_422' title='bbox 783 5036 996 5148; x_wconf 88' lang='lat' dir='ltr'>superbiis</span> <span class='ocrx_word' id='word_1_423' title='bbox 1019 5031 1219 5117; x_wconf 80' lang='lat' dir='ltr'>‘confectis</span> <span class='ocrx_word' id='word_1_424' title='bbox 1249 5033 1368 5142; x_wconf 89' lang='lat' dir='ltr'>plene</span> <span class='ocrx_word' id='word_1_425' title='bbox 1398 5049 1518 5144; x_wconf 83' lang='lat' dir='ltr'>patet.</span> <span class='ocrx_word' id='word_1_426' title='bbox 1548 5033 1662 5113; x_wconf 91' lang='lat' dir='ltr'>Hanc</span> <span class='ocrx_word' id='word_1_427' title='bbox 1684 5033 1809 5143; x_wconf 85' lang='lat' dir='ltr'>igitur</span> <span class='ocrx_word' id='word_1_428' title='bbox 1838 5029 1910 5112; x_wconf 93' lang='lat' dir='ltr'>bo·</span> 
     </span>
    </p>
   </div>
   <div class='ocr_carea' id='block_1_6' title="bbox 0 0 2164 5975">
    <p class='ocr_par' dir='ltr' id='par_1_6' title="bbox 0 0 2164 5975">
     <span class='ocr_line' id='line_1_42' title="bbox 0 0 2164 5975; baseline 0 1"><span class='ocrx_word' id='word_1_429' title='bbox 0 0 2164 5975; x_wconf 95' lang='lat' dir='ltr'> </span> 
     </span>
    </p>
   </div>
  </div>
 </body>
</html>
