4317 5975
836 452 1253 556 ..287-

0 520 26 590 Ι

0 653 7 700 ¹
140 682 241 762 tam,
282 666 347 747 vel
375 668 668 779 suscipiendam
706 698 754 753 ex
797 669 853 751 eis
886 634 937 755 cx
974 672 1230 754 matrimonio
1271 667 1505 780 supradicto
1549 665 1763 751 nuntiandi
1808 665 1972 776 le'giti·'

142 808 261 877 mam,
295 778 583 888 impedimento
620 783 981 890 consanguinitatis
1015 781 1269 867 huiusmodi
1298 811 1380 863 non
1409 782 1594 867 obstante
1623 779 1806 887 plenam,
1828 798 1868 869 et
1890 778 1938 859 li·

144 891 279 972 beram
312 890 570 976 concedimus
598 895 838 975 auctoritate
870 886 1114 1004 presentium
1146 895 1389 978 facultatem.
1454 896 1599 977 Datum
1628 893 1817 979 Laterani
1843 896 1935 977 XV.

139 1003 231 1083 Kal.
261 1001 414 1113 Aprilis
442 1005 591 1087 Pontii.
623 1008 750 1088 nostri
777 1010 898 1087 Anno
927 994 1095 1111 Quinto.

158 1464 318 1575 1271.
778 1470 928 1580 1299
976 1434 1024 1541 d.
1073 1438 1143 1541 25
1193 1436 1344 1542 Mars.
1611 1484 1614 1487 ⁴
1783 1413 1935 1535 Paris.

223 1651 389 1733 Offentligt
411 1654 499 1736 intyg
522 1652 604 1715 ilrdn
626 1653 715 1718 Paris
736 1674 788 1717 om
815 1653 874 1716 den
903 1655 1172 1719 testamentariska
1198 1654 1384 1738 acordniog,
1405 1673 1472 1717 tom
1499 1652 1645 1718 Kanilen
1676 1652 1843 1734 Hemming
1864 1650 1934 1715 lrdn

274 1734 395 1821 Upsals
416 1736 573 1801 derstades
594 1738 691 1821 giort,
713 1737 750 1799 af
766 1738 812 1799 sio
834 1738 1089 1824 qvarldtenslap.

1570 1851 1788 1922 hanah

250 1984 460 2063 Vniuersis
502 2000 707 2093 presentes
735 1984 909 2067 Litteras
951 1986 1267 2095 inspecturis..
1298 1985 1494 2068 Officialis
1537 1987 1659 2067 Curie
1704 1982 1935 2094 parisiensis

148 2090 315 2174 Salutem
345 2096 388 2175 in
415 2092 593 2175 dominc.
652 2096 802 2177 Notum
833 2095 1001 2177 facimus
1029 2099 1141 2207 quod
1171 2100 1214 2178 in
1244 2114 1380 2179 nostra
1418 2098 1619 2209 presentia
1668 2096 1936 2205 personaliter

78 2244 85 2251 ·
147 2221 310 2312 propter
340 2205 417 2287 hoc
447 2208 690 2287 constitutus
719 2206 905 2288 dominus
935 2209 1157 2319 Hemingus
1186 2210 1415 2292 Canonicus
1443 2208 1620 2290 Ecclesia
1650 2207 1868 2315 vpsalensis
1891 2211 1934 2285 in

146 2314 279 2423 Regno
306 2316 456 2397 Swetie
489 2317 704 2399 attendens
734 2323 774 2401 8(
803 2318 1061 2402 considerans
1091 2321 1214 2404 nichil
1242 2322 1397 2402 cercius
1427 2337 1555 2400 morte
1583 2324 1623 2398 8(
1653 2317 1774 2398 nichil
1803 2320 1948 2398 incer·'

91 2464 97 2469 ·
146 2427 227 2507 cius
257 2430 398 2509 mortis
428 2426 545 2527 hora,
573 2431 740 2539 cupiens
768 2430 819 2511 de
848 2429 968 2511 bonis
997 2433 1077 2511 suis
1106 2460 1225 2513 causa
1253 2458 1325 2513 sue
1360 2431 1500 2517 ultime
1534 2429 1758 2509 uoluntatis
1797 2427 1934 2536 dispo·

146 2564 248 2635 nere,
276 2556 558 2621 testamentum
586 2568 703 2621 suum
733 2540 916 2623 condidit
944 2570 1080 2623 coram
1110 2542 1228 2625 nobis
1256 2546 1297 2623 in
1327 2542 1437 2623 hunc
1466 2538 1640 2621 modum.
1707 2542 1756 2621 Jn
1797 2540 1935 2648 primis

144 2649 180 2729 si
218 2653 426 2759 contingat
468 2653 598 2761 ipsum
643 2651 732 2732 latis
768 2650 971 2738 discedere
1007 2654 1096 2735 vult
1134 2662 1172 2736 8(
1201 2654 1375 2764 precipit
1402 2652 1514 2764 quod
1545 2651 1771 2735 Decretalcs
1808 2651 1939 2760 ipsius

142 2788 220 2869 que
249 2761 351 2843 bene
381 2762 514 2845 valent
540 2764 684 2873 viginti
713 2788 783 2843 sex
814 2762 937 2846 libras
967 2766 1203 2873 parisienses
1233 2764 1673 2861 vendantur,&totum
1693 2764 1871 2870 precium
1886 2788 1934 2841 ea
1989 2757 1995 2769 ’

141 2872 308 2953 rundem
340 2872 592 2982 expendatur
621 2876 661 2955 in
690 2873 979 2955 edificationem
1010 2877 1175 2957 minoris
1204 2875 1347 2957 domus
1377 2876 1596 2986 upsalensis
1622 2875 1828 2957 existentis
1862 2899 1933 2979 pa·

147 2984 258 3081 risiis,
287 2989 467 3095 exceptis
494 3005 674 3097 quatuor
704 2984 817 3068 libris
840 2989 1138 3098 parisiensibus,
1166 2990 1208 3069 in
1238 2988 1510 3070 celebratione
1541 2987 1747 3066 missarum
1784 2982 1838 3062 ob
1870 3011 1932 3061 re·

141 3093 313 3175 medinm
344 3099 475 3177 anime
504 3127 574 3178 sue
605 3099 760 3207 parisiis
789 3098 1087 3180 conuertendis.
1127 3101 1277 3180 Omnes
1315 3127 1412 3180 vero
1449 3098 1548 3178 alios
1584 3096 1710 3176 libros
1753 3122 1846 3174 suos
1876 3092 1932 3172 le·

138 3223 208 3314 gat
236 3212 275 3286 8(
305 3213 481 3315 assignat
509 3208 611 3291 idem
643 3207 830 3290 dominus
858 3211 1078 3319 Hemingus
1107 3209 1263 3291 cuidam
1293 3210 1437 3291 scolari
1463 3209 1646 3320 pauperi,
1667 3206 1818 3286 scilicet
1850 3207 1934 3285 An·

139 3313 234 3398 dree
250 3317 362 3400 dicto
391 3320 499 3401 Calis
519 3313 758 3401 diuidendos
779 3350 853 3430 per
874 3323 1005 3429 ipsum
1029 3322 1135 3402 inter
1157 3350 1211 3418 se,
1235 3351 1280 3401 ac
1296 3321 1489 3432 quosdam
1507 3320 1604 3400 alios
1621 3318 1827 3426 Cognatos
1851 3316 1932 3396 He·

141 3430 266 3536 mingi
294 3433 515 3526 memorati,
544 3432 614 3542 qui
645 3429 831 3512 videlicet
854 3433 948 3512 libri
977 3421 1090 3530 sunt,
1112 3431 1343 3513 Gaufredus
1379 3429 1623 3523 Tancredus,
1659 3455 1813 3510 summa
1851 3429 1933 3508 Ro·

143 3538 291 3620 landini
331 3571 421 3622 cum
458 3542 637 3652 glosulis,
669 3540 820 3640 Codex,
861 3541 1127 3650 mandagotns
1161 3540 1211 3626 de
1253 3543 1538 3638 eleccionibus,
1584 3542 1687 3621 liber
1724 3539 1933 3648 fugitiuus,

142 3650 307 3758 Egidius
336 3655 385 3739 de
407 3651 573 3750 fuscare,
602 3661 737 3736 sextus
761 3655 864 3738 liber
878 3655 1167 3751 Decretalium,
1196 3683 1334 3736 omnes
1351 3657 1579 3737 Decretales
1599 3666 1932 3758 extrauagantes,

5 3753 9 3773 ⁸
143 3763 328 3864 Cronica,
357 3767 622 3862 maritimam,
650 3767 809 3849 libellus
846 3765 897 3848 de
941 3766 1201 3849 Marscalchia
1242 3795 1441 3877 equorum
1480 3781 1520 3845 et
1556 3764 1670 3843 multi
1707 3761 1776 3868 alij
1806 3761 1932 3842 libelli

14 3879 17 3891 '
148 3874 239 3954 iuris
272 3907 364 3960 cum
401 3877 645 3990 quibusdam
681 3896 834 3988 septem
869 3880 1077 3988 quaternis
1112 3880 1154 3957 in
1196 3879 1347 3987 quibus
1386 3877 1648 3960 continentur
1685 3873 1931 3952 nobilissima

21 3989 23 4000 '
105 4069 108 4080 ,
149 3983 360 4070 dictamina
388 3991 485 4101 jtem
515 3991 556 4070 in
587 4017 669 4070 vno
699 3991 902 4070 volumine
930 3987 1127 4069 Theorica
1158 3988 1421 4098 planetarum,
1450 3988 1648 4081 Canones,
1678 3984 1814 4064 tabule
1849 3981 1932 4062 To·

24 4117 26 4128 ·
150 4095 282 4182 letanc.
340 4104 442 4182 Jtem
472 4101 724 4182 Geometrica
754 4129 845 4182 cum
874 4117 1103 4181 commento
1131 4102 1317 4209 campini.
1383 4102 1487 4180 ltem
1516 4126 1581 4178 ars
1609 4099 1773 4176 metrica
1804 4091 1934 4199 boecij

13 4204 14 4208 ‘
152 4205 237 4314 jtem
267 4229 351 4294 tres
386 4213 482 4293 libri
516 4213 675 4292 musice.
742 4215 843 4292 Jtem
873 4211 975 4292 liber
1003 4207 1240 4321 quadrantis
1269 4217 1308 4292 8(
1334 4211 1419 4318 ipse
1455 4210 1670 4320 quadrans.
1734 4210 1836 4286 ltem
1874 4203 1932 4282 al·

154 4324 360 4426 gorismus,
402 4340 634 4432 compotus,
678 4351 804 4431 spera.
872 4325 974 4403 ltem
1028 4323 1218 4404 Lucanus
1253 4327 1294 4402 8(
1346 4349 1485 4404 ornnes
1532 4319 1747 4428 virgiliani.
1826 4319 1931 4396 Jtem

156 4459 264 4540 super
293 4437 501 4516 oraciones
530 4437 692 4544 scripta,
722 4433 1023 4542 Methaphisica,
1053 4434 1156 4514 liber
1192 4434 1452 4544 phisieorum.
1509 4434 1610 4513 Jtem
1642 4455 1787 4539 mappa
1817 4457 1932 4533 mian·
2054 4423 2058 4437 “

158 4539 202 4622 di.
257 4549 360 4627 Jtem
391 4549 466 4627 tria
498 4573 648 4627 cornua
679 4545 883 4627 bubalina.
940 4549 1042 4626 Jtem
1072 4548 1254 4656 quinque
1283 4543 1393 4654 ciphi
1423 4545 1474 4626 de
1503 4543 1746 4623 nobilissima
1767 4540 1931 4618 materia

158 4657 252 4738 noui.
320 4662 421 4738 Jtem
461 4653 692 4768 vultaquod
732 4657 909 4766 prel'atus
943 4655 1124 4753 andreas,
1157 4657 1305 4738 habeat
1334 4661 1373 4736 8(
1403 4657 1600 4768 percipiat
1640 4679 1778 4731 omnes
1808 4651 1934 4732 libros
2070 4745 2074 4753 ι

158 4790 236 4847 suos
272 4770 316 4850 in
352 4771 494 4849 swecia
542 4785 620 4850 tam
668 4767 883 4866 naturales,
912 4797 1032 4878 quam
1072 4769 1261 4877 logicales
1296 4775 1334 4849 8(
1369 4765 1661 4877 gramaticales,
1700 4763 1933 4873 recipiendo

158 4877 253 4983 ipsos
303 4908 326 4960 a
364 4881 523 4963 dnobus
572 4881 812 4963 [lectoribus
864 4881 1064 4962 scolarum
1115 4880 1268 4988 upsalie
1317 4909 1491 4990 quorum
1540 4893 1710 4987 vterque
1761 4890 1933 4956 uocatur

160 4987 346 5073 Nicolaus.
417 4996 522 5074 Jtem
573 4995 707 5074 omnia
754 4993 988 5074 vestimenta
1042 5019 1112 5072 sua
1170 4992 1327 5100 parisiis
1370 4991 1498 5075 silicet
1554 4989 1769 5070 tabardum
1814 5009 1930 5065 suum
