4317 5975
985 429 1042 460 ..
1074 393 1079 402 ·
1142 381 1239 488 dis·
1343 429 1402 462 .-

307 594 460 718 prediis
490 597 756 688 attinentibus
782 594 913 710 silicet
938 627 1032 684 cum
1066 606 1214 714 pratis,
1256 602 1383 714 agris,
1423 597 1555 695 siluis,
1598 597 1810 712 piscaturis
1837 614 1875 682 et
1897 607 2045 700 molendi.
2111 675 2112 696 ,

304 746 452 801 norum
482 715 600 815 locis,
627 713 941 823 permutacionis
969 713 1091 795 titulo
1119 716 1298 800 totaliter
1325 729 1367 794 et
1396 711 1596 822 plenarie,
1637 712 1725 793 sine
1765 713 1972 802 omnimoda
1998 723 2046 806 ha·
2110 727 2112 736 ‘

303 828 489 940 lumpnia
517 821 728 925 dimisisse,
769 821 1025 936 Assignando
1068 845 1111 910 et
1152 822 1458 938 appropriando
1501 821 1656 932 prefate
1696 820 1856 904 domine
1894 828 2048 920 abbatisse

303 967 459 1052 suoque
488 938 711 1020 conuentui
738 935 801 1017 ius
829 936 1055 1046 plenarium
1085 937 1136 1021 de
1164 935 1316 1049 predijs
1345 934 1538 1045 predictis
1565 959 1642 1044 pro
1671 933 1788 1018 libito
1815 935 1890 1017 sue'
1907 943 2049 1029 volunta·

301 1055 357 1135 tis
383 1046 623 1146 ordinandi,
652 1047 796 1143 dandi,
828 1050 1123 1148 commutandi,
1151 1045 1374 1144 alienandi,
1402 1073 1450 1128 ac
1478 1072 1556 1156 pro
1583 1044 1797 1130 commodo
1817 1075 1887 1130 suo
1912 1071 1981 1162 quo
2002 1085 2050 1140 m.

301 1163 455 1245 luerint
476 1158 744 1271 disponendi,
772 1162 962 1241 Ceterum
989 1157 1121 1244 fateor
1153 1180 1195 1244 et
1223 1176 1427 1270 protestor
1456 1185 1518 1239 me
1546 1157 1804 1267 saepedicta
1831 1156 2049 1250 dominaeb

271 1273 452 1358 ¹batissu
479 1289 521 1356 et
549 1290 755 1354 conuentu
789 1269 986 1368 eiusdem,
1031 1275 1184 1356 curiam
1218 1272 1262 1353 in
1304 1269 1523 1379 Suepunoes
1564 1268 1630 1350 cui
1671 1269 1880 1352 subiacent
1915 1275 1982 1356 XII
2003 1304 2051 1360 ore

238 1456 240 1459 .
300 1405 430 1484 terre,
457 1382 626 1467 dimidio
655 1379 784 1465 solido
813 1397 920 1464 terre
953 1381 1087 1466 minus
1130 1400 1173 1465 et
1212 1383 1367 1474 curiam
1396 1383 1438 1462 in
1467 1379 1770 1464 Nordbbambri
1797 1383 1862 1464 cui
1890 1385 2051 1471 subiacent

236 1553 241 1562 ι
301 1493 383 1578 XII
410 1525 482 1578 ore
511 1514 639 1590 terre,
667 1523 758 1584 cum
787 1493 977 1574 omnibus
1005 1493 1155 1578 eisdem
1183 1491 1305 1601 curijs
1334 1491 1672 1574 attinentibuset
1698 1489 1975 1595 adiacentibus,
1997 1501 2051 1584 sili·

301 1627 367 1704 cet
394 1608 523 1720 pratis
550 1605 679 1716 agris,
706 1604 818 1685 siluis
846 1621 886 1686 et
914 1605 1138 1714 piscaturis¹
1155 1601 1416 1714 integraliter
1444 1605 1662 1714 recepisse,
1682 1601 1781 1686 Mihi
1801 1605 1931 1708 eadem
1951 1610 2053 1716 predia

300 1721 401 1802 meis
428 1745 509 1829 que
536 1714 754 1809 heredibus
783 1732 982 1826 perpetuo
1013 1715 1277 1826 possidenda,
1304 1712 1488 1796 Predicte
1516 1733 1649 1798 autem
1684 1720 1994 1800 commutacionis
2015 1739 2054 1806 te·

301 1848 384 1916 stes
403 1845 475 1910 aut
503 1828 670 1936 firmarii
697 1825 908 1934 wlgariter
936 1825 1035 1910 dicti
1071 1829 1216 1926 fastar,
1260 1841 1301 1908 et
1343 1844 1547 1935 presentes
1589 1825 1666 1908 viri
1705 1824 1805 1908 dicti
1842 1827 2053 1916 vidberram

300 1969 394 2028 suen
423 1939 588 2022 suerunt
615 1937 719 2020 infra
747 1937 909 2046 scripti,
937 1938 1126 2022 videlicet
1156 1938 1405 2020 Laurcncius
1434 1935 1485 2018 de
1519 1936 1682 2038 biubi,
1724 1935 1900 2023 Thomas
1938 1941 1986 2040 de
2013 1972 2054 2030 ar·

87 2061 91 2068 ’
216 2075 226 2084 ’
299 2054 381 2156 bit,
405 2050 655 2134 Laureucius
681 2047 732 2129 de
758 2047 1033 2148 bersbambri,
1068 2051 1323 2132 kettiluastus
1358 2047 1532 2146 ibidem,
1575 2046 1656 2133 vllo
1697 2047 1869 2147 ibidem,
1910 2052 2055 2136 Nicolans
2111 2151 2112 2158 Ν

301 2165 354 2257 de
381 2163 527 2264 stenbir
562 2162 791 2244 laurencius
819 2158 870 2241 de
898 2160 1079 2263 lundbi,
1108 2161 1193 2244 rlfo
1220 2158 1270 2243 de
1298 2158 1453 2268 vighbi
1495 2160 1720 2242 Eruuastus
1748 2159 1801 2242 de
1830 2161 1982 2264 Gritbi
2011 2167 2055 2246 lo·
2111 2177 2112 2250 ἶ

298 2275 456 2363 hannes
499 2273 551 2356 de
593 2270 753 2371 lundbi·
797 2269 997 2355 Siluastus
1039 2273 1091 2356 de
1118 2273 1236 2368 solun
1277 2271 1481 2352 lohannes
1523 2272 1575 2353 de
1616 2269 1832 2380 biergbum
1868 2273 2054 2357 Olauusde
2110 2287 2112 2354 t

300 2385 420 2480 solen
451 2402 493 2476 et
521 2381 711 2492 ingulfus
739 2379 789 2463 de
818 2383 986 2481 vallum,
1015 2386 1068 2467 Jn
1098 2385 1383 2498 premissorum
1413 2397 1547 2464 autem
1577 2382 1701 2492 magis
1729 2382 1896 2466 euidens
1921 2388 2055 2468 testimo
2110 2451 2112 2472 ,

209 2545 214 2556 =
300 2500 416 2579 nium
442 2515 482 2578 et
508 2493 603 2576 Rati
634 2492 889 2575 habicionem
918 2493 1131 2579 firmiorem
1162 2512 1259 2607 peto
1288 2493 1418 2603 sigilla
1447 2493 1703 2576 dominorum
1743 2493 1936 2576 nobilium
1968 2497 2055 2580 silicet
2111 2549 2112 2554 Ν

169 2669 175 2678 ,
303 2607 458 2692 domini
485 2605 670 2716 Birgheri
700 2622 900 2714 paeterson
930 2604 1088 2718 legiferi
1117 2604 1404 2718 oplandiarum
1433 2623 1474 2688 et
1504 2602 1659 2688 domini
1686 2605 1866 2716 Philippi
1894 2609 2055 2718 Jngiuald·
2110 2655 2112 2700 ,

301 2747 377 2802 son
406 2745 485 2798 vna
514 2745 605 2798 cum
633 2716 767 2823 sigillo
795 2716 1004 2816 stirberni
1032 2720 1332 2802 Thorstensson
1361 2718 1618 2828 presentibus
1646 2717 1912 2828 apponenda,
1952 2727 2054 2802 hctnn

302 2849 344 2923 et
371 2833 517 2922 Datum
538 2826 860 2938 'apud‘uontcu
900 2829 1014 2917 beare
1056 2833 1226 2946 virginis
1254 2833 1377 2915 Anno
1402 2825 1556 2919 domini
1584 2830 1658 2914 ΜΟ.
1685 2830 1849 2915 C.C.C⁰.
1876 2831 1934 2912 X⁰
1959 2835 1992 2913 in
2013 2829 2054 2912 dit
2110 2851 2112 2902 ἱ

301 2940 559 3034 exaltaciouis
587 2941 731 3024 Sancte
758 2942 902 3055 crucis.
971 2947 982 2964 ⁴
1014 3010 1020 3019 .

922 3080 1056 3167 Sigilleu
1075 3084 1188 3169 berta,
1211 3106 1374 3153 remrorna
1395 3104 1486 3170 quer.

160 3588 163 3596 ,
308 3496 557 3703 12161974⁴
862 3508 1170 3645 sadrod.
1219 3534 1475 3682 ao'Sept
1574 3588 1596 3673 g
1934 3531 2055 3637 Lund.

336 3727 357 3737 '¹
381 3696 524 3801 Kdnuug
544 3698 642 3781 Euius
662 3718 673 3779 i
693 3712 857 3781 Danmarln
878 3717 970 3805 intyg
992 3740 1045 3784 om
1066 3718 1128 3783 den
1144 3722 1338 3787 lb‘rbindelse
1358 3715 1591 3805 Borgerslapet
1610 3718 1622 3781 i
1642 3716 1736 3785 Lund
1750 3720 1755 3733 ’
1767 3718 1875 3804 dtagit
1900 3724 1944 3804 sig
1966 3730 2005 3783 att
2022 3736 2057 3801 ge·

337 3891 342 3901 ι
423 3822 499 3865 nom
520 3800 735 3887 upprtttende
755 3801 794 3862 uf
807 3801 1015 3867 altaren'ocb
1035 3806 1137 3869 andra
1156 3804 1363 3890 botlifniuger
1382 3807 1511 3869 ldrsons
1531 3803 1622 3869 Jossl
1638 3806 1850 3887 Magnmsons
1870 3803 1957 3887 drap.

1060 3954 1065 3963 ,
1488 3956 1492 3963 ¹
1745 3888 1780 3943 1..
1800 3904 1847 3944 rr:
1866 3888 1916 3961 905
1933 3892 1964 3951 *i
2109 3880 2110 3897 ¹

389 3989 565 4079 ‚uncus
588 3986 662 4073 Dei
685 3987 823 4095 grstia
850 3989 1061 4075 Dacorum
1089 3990 1384 4100 Slavorumqve
1415 3990 1523 4086 Rex,
1555 3988 1742 4072 omuibus
1771 4016 1945 4099 praesens
1968 3985 2057 4094 scrip

296 4119 392 4212 tunt,
413 4097 882 4187 canentibusatueu·
900 4101 943 4185 in
972 4102 1148 4184 Domino
1169 4102 1470 4212 sempiternam
1527 4100 1727 4183 Noverint
1756 4104 1949 4196 universi,
1980 4092 2056 4209 qnod

294 4217 342 4297 io
361 4212 746 4321 pumicabantur
768 4211 1091 4299 consuntitis
1120 4212 1275 4299 nobiles
1302 4228 1344 4295 et
1371 4212 1552 4309 distrui,
1580 4210 1736 4299 domini
1755 4214 1885 4295 luraes
1909 4214 2056 4319 Magnae

295 4322 632 4411 suscensuisse
659 4320 910 4419 Lentiensis,
932 4323 1437 4431 maerens-Magnessam
1464 4324 1710 4411 Laurentius
1736 4322 1982 4433 blagnmssuu
2004 4320 2057 4401 fra·

295 4452 423 4533 tresffl
439 4434 648 4543 ceterique
662 4434 970 4541 ,consangninei
986 4451 1029 4518 et
1056 4435 1173 4519 amici
1201 4435 1421 4521 eorundem
1449 4462 1518 4519 ex,
1539 4462 1620 4524 una
1647 4435 1791 4544 ‚parta
1835 4454 1878 4519 et
1913 4428 2056 4517 consule

163 4552 172 4563 '
296 4558 358 4633 asi.
371 4548 479 4634 cives
497 4542 801 4633 Lanuenses
824 4546 978 4641 attens,
1000 4558 1129 4654 super
1146 4547 1432 4635 controversiis
1448 4549 1561 4657 inber
1582 4546 1762 4657 ipsos'ex
1787 4565 1955 4658 utraque
1974 4556 2056 4654 parte

295 4656 874 4765 prc'iutcrtcutisnaoouiut
899 4658 1050 4766 reseph
1071 4656 1327 4765 stagneum
1349 4658 1684 4749 tenemusne
1710 4662 1853 4755 motis,
1878 4654 1990 4741 modo
2010 4652 2057 4777 qli

295 4769 478 4878 servitur
495 4764 1049 4879 nuntiasseniintiasse.
1062 4766 1299 4859 mimzdicti
1312 4769 1531 4859 ,Caerulus
1550 4790 1590 4859 er
1611 4772 1724 4859 cives
1752 4769 1982 4859 landem
2003 4780 2058 4845 tut

286 4894 678 4972 aua-...im
733 4922 853 4969 τινα
894 4922 916 4968 n
1115 4924 1121 4931 ·
1164 4928 1199 4969 r.
1335 4996 1340 5003 .
1465 4926 1485 4973 ;-·
1645 4900 1665 4914 ”

300 5006 767 5111 &ammonitum
784 5006 1204 5095 mmmm
1317 5036 1323 5050 ¹
1386 5036 1392 5054 ¹
1430 5008 1434 5019 '
