4317 5975
925 400 1314 483 ...32-

221 627 339 710 bium
379 628 473 706 cum
510 622 716 706 monachis
751 622 1066 703 claustrensibus
1101 618 1242 701 fecisse
1270 612 1517 725 prediorum,
1545 614 1751 715 videlieet,
1787 614 1900 727 quod
1932 610 2077 743 pre-f

222 734 291 819 dia
320 738 468 819 nostra
490 735 531 815 in
554 736 713 844 osgocia
773 761 822 814 ue
851 730 1102 842 possidemus
1136 733 1179 813 in
1206 730 1314 812 villis
1349 756 1431 838 que
1464 729 1660 813 dicuntur
1695 732 1855 831 mettim
1890 735 1930 810 &
1967 730 2031 827 fof

222 848 353 951 laliso
381 848 586 929 monachis
613 762 855 957 supradictis
879 841 1060 927 dedimus
1088 846 1132 924 in
1161 857 1406 952 perpetuum
1434 840 1686 949 possidenda,
1713 843 1769 921 ita
1791 839 1922 953 .quod
1957 870 2033 923 nos

127 978 131 993 ’
168 1046 174 1057 ,
224 965 269 1043 in
298 962 442 1043 swecia
470 957 717 1039 mansionem
746 984 828 1067 que
856 956 1006 1045 dicitur
1034 956 1279 1061 ramshamar
1312 980 1403 1033 cum
1447 952 1636 1035 omnibus
1677 954 1758 1033 suis
1802 955 2035 1036 attinenciis

223 1074 447 1182 recepimus
474 1070 563 1151 iure
591 1085 793 1180 perpetuo
822 1069 1056 1178 possessuri.
1086 1065 1206 1149 Vnde
1234 1094 1286 1146 ne
1329 1060 1436 1145 istud
1477 1066 1754 1147 concambium
1800 1067 2035 1176 aliquorum

161 1238 167 1253 -
222 1184 366 1266 falacia
394 1184 521 1290 possit
549 1181 592 1260 in
636 1198 841 1291 posterum
886 1180 1092 1277 infirmari,
1135 1195 1362 1288 presentem
1411 1175 1587 1258 litteram
1616 1177 1785 1285 siggillis
1812 1179 2034 1287 suppositis

225 1292 415 1377 videlicet
429 1292 597 1373 illustris
612 1295 719 1402 regis
734 1292 877 1371 sweeie
892 1292 1001 1373 Ma&
1014 1289 1151 1372 domin
1154 1322 1169 1399 J
1185 1290 1430 1399 lincopensis
1446 1290 1650 1399 Episcopi,
1671 1318 1717 1369 ac
1732 1305 1868 1371 nostre
1884 1291 2036 1384 matris,

224 1408 439 1515 nostrique
483 1402 672 1486 duximus
716 1401 1000 1486 roborandam.
1027 1405 1178 1484 Datum
1207 1400 1488 1510 annodominj
1515 1402 2034 1484 M⁰CC⁰LXXX⁰IX⁰.V1·.

230 1518 240 1534 '
372 1516 458 1597 uti‘.
1269 1579 1271 1584 .

224 1518 318 1627 Jdus
347 1520 367 1598 J
420 1545 444 1637 'J
541 1624 689 1709 sigillent
713 1646 739 1707 1,
760 1612 792 1703 ἦ,
813 1626 844 1706 4,
867 1626 961 1707 negot
982 1620 1127 1701 skadade,
1148 1622 1250 1704 btnga
1271 1622 1291 1683 a
1314 1619 1484 1701 linnetrld3
1505 1622 1525 1685 3
1546 1621 1717 1689 bortfallet.

916 1708 963 1771 Pa
984 1707 1154 1771 baksidau:
1176 1708 1225 1770 De
1246 1726 1339 1770 mem.

100 2026 102 2037 ’
237 2044 435 2189 ιοοέρ
866 2078 1018 2225 1289
1066 2076 1114 2183 a
1164 2115 1233 2185 υ
1291 2075 1423 2222 aug.

310 2262 398 2365 llnor
418 2298 593 2361 Marslalls
613 2295 674 2360 och
696 2296 763 2361 desa
784 2310 882 2384 syster
902 2300 1005 2364 Oritas
1026 2298 1196 2383 gilvobref
1210 2299 1253 2386 pt
1273 2299 1399 2379 Satura,
1421 2294 1541 2359 brillret
1562 2294 1635 2358 med
1662 2294 1776 2359 heuues
1800 2295 1902 2361 dotter
1930 2300 2035 2364 blifvit

361 2384 459 2465 gifvet
479 2383 529 2447 till
549 2384 661 2451 Wrete
682 2383 807 2446 kloster.
931 2414 933 2423 ¹

1697 2462 1733 2516 A.
1752 2462 1776 2515 3.
1794 2468 1814 2517 t.
1837 2482 1857 2516 r.
1875 2464 1900 2519 5.

337 2584 540 2665 Omnibus
570 2582 713 2664 christi
741 2582 930 2665 fidelibus
958 2601 1165 2693 presentes
1193 2583 1347 2664 litteras
1374 2582 1519 2665 visuris
1546 2580 1615 2662 uel
1637 2579 1844 2679 audituris,
1877 2583 2037 2681 Haour-
2145 2597 2150 2608 '

224 2720 303 2779 ltus
331 2694 654 2777 mareschalcbus
682 2700 722 2776 &
751 2698 879 2793 Otos,
907 2724 980 2775 sua
1007 2724 1123 2778 soror
1151 2698 1195 2776 in
1224 2693 1391 2776 domino
1422 2694 1602 2791 salutem,
1622 2711 1764 2774 tenore
1778 2696 2034 2802 presencium

226 2823 413 2899 constare
441 2805 627 2889 volumus
655 2822 739 2887 tam
766 2806 1025 2917 presentibus
1053 2836 1174 2918 quam
1203 2805 1366 2903 futuris,
1394 2833 1470 2888 nos
1499 2807 1788 2913 possessionem
1816 2834 1938 2915 quam
1962 2835 2039 2887 nos

226 2921 437 3029 nostrique
467 2914 768 3027 predecessores
795 2920 839 3000 in
871 2934 1069 3001 saetunum
1098 2916 1404 3026 possederamus
1432 2916 1485 2997 ab
1513 2918 1684 3027 antiquo
1719 2944 1812 3012 cum
1847 2917 2038 3000 omnibus

226 3032 317 3114 sibi*
333 3029 598 3111 attinentibus
619 3059 711 3111 eum
739 3030 821 3110 filia
847 3029 952 3111 dicte
982 3033 1155 3110 Domine
1184 3029 1319 3127 Olofo,
1370 3030 1614 3108 monasterio
1642 3026 1691 3110 de
1720 3030 1865 3112 Wreta
1911 3029 2038 3111 dona÷

228 3143 345 3223 eione
374 3141 586 3248 sollempni
615 3156 815 3250 perpetuo
844 3140 1071 3237 contulisse,
1101 3142 1163 3222 Ne
1192 3141 1317 3248 igitur
1344 3168 1467 3248 super
1480 3140 1670 3246 premissa
1683 3139 1908 3223 donacione
1924 3141 2037 3223 dicto

228 3253 453 3334 conuentui
481 3252 616 3360 aliqua
646 3251 775 3359 possit
804 3253 845 3330 in
874 3269 1082 3359 posterum
1111 3251 1344 3360 columpnia
1387 3252 1566 3332 suboriri
1606 3253 1648 3332 in
1683 3253 1965 3339 ¹testimonium
1995 3261 2038 3335 8<

229 3361 479 3446 euidenciam
507 3365 712 3471 geste-rei
732 3378 939 3471 presentes
967 3363 1121 3444 litteras
1166 3380 1387 3444 memorato
1428 3361 1570 3444 damus
1611 3365 1834 3445 conuentui
1875 3383 2036 3446 nostro-

226 3502 318 3556 rum
348 3476 560 3555 roboratas
588 3475 810 3555 munimine
852 3475 1088 3584 sigillorum,
1129 3478 1277 3556 Actum
1304 3471 1512 3556 &datum
1552 3503 1661 3556 anno
1703 3473 1857 3557 domini
1885 3477 2035 3558 M‘CC'

227 3585 500 3686 LXXX’IX‘,
527 3585 572 3696 jn
601 3601 747 3668 octaua
775 3588 1065 3695 assumpcionis
1093 3587 1261 3696 virginis
1289 3586 1476 3695 gloriose.

879 3729 980 3810 Bfigge
1002 3726 1130 3811 Sigilleu
1156 3736 1211 3791 tuo
1235 3726 1382 3791 skadade.

155 4021 170 4126 .'
241 4111 409 4224 1004.
627 4197 631 4202 .
866 4097 1033 4244 1289.
1085 4095 1133 4202 d.
1190 4097 1408 4247 SSept.
1862 4099 2065 4209 Skara.'

310 4317 464 4402 Bislopeu
486 4317 501 4380 i·
518 4315 616 4380 stara
638 4317 792 4384 Bnrrours
812 4315 976 4382 allatsbref
993 4319 1043 4382 lb'r
1064 4317 1152 4399 dem,
1173 4338 1241 4396 som
1262 4319 1377 4383 bestilo
1399 4321 1511 4388 Wreta
1533 4322 1657 4385 kloster.
1903 4392 1908 4403 ¹

1698 4438 1734 4492 A.
1753 4439 1777 4492 3.
1796 4445 1815 4495 l.
1834 4457 1855 4495 r.
1872 4433 1900 4494 6.

338 4531 550 4615 Uniuersis
578 4551 782 4644 presentes
811 4534 965 4616 litteras
995 4535 1247 4644 inspecturis.
1277 4537 1563 4636 Bnirmunruus
1591 4540 1854 4620 miseracione
1894 4538 2035 4620 diuina

228 4641 432 4725 Scarensis
460 4647 687 4757 Episcopus
715 4646 893 4727 Salutem
921 4649 964 4727 in
992 4644 1158 4729 domino
1186 4650 1478 4756 sempiternam.
1509 4651 1622 4733 Licet
1634 4651 1680 4745 is,
1699 4647 1749 4729 de
1765 4651 1880 4731 euius
1895 4659 2035 4731 mune·

228 4782 274 4836 re
303 4759 435 4853 uenit,
464 4761 540 4857 bec,
569 4762 652 4841 lita
679 4759 770 4840 med
803 4761 887 4840 lV:o
922 4759 1001 4853 534
1041 4763 1108 4840 till
1147 4763 1333 4868 aptiores.
1377 4760 1594 4872 Cupientes
1640 4762 1767 4869 igitur
1793 4777 1839 4841 ut
1868 4763 2035 4849 eeclesia

225 4867 349 4948 Beate
378 4871 547 4976 uirginis
582 4869 736 4952 Wretis
773 4869 987 4979 parrochie
1022 4874 1160 4952 wretis
1196 4873 1242 4979 jn
1277 4874 1446 4981 negotia.
1482 4872 1715 4980 lllonasterij
1749 4865 2035 4954 sanctimonia-

227 4979 338 5077 lium,
368 4980 521 5064 ordinis
550 4982 835 5067 Cisterciensis.
872 4982 1115 5093 lincopensis
1143 4980 1336 5093 dyocesis.
1366 4984 1585 5096 Congruis‘
1603 4985 1827 5068 honoribus
1842 4985 2036 5097 frequen-
