4317 5975
1817 41 2104 149 Ἲ-

877 318 1413 473 &su-

90 643 97 725 p
302 606 345 687 et
371 598 618 685 euidenciam
646 598 862 681 firmiorem
898 594 1073 725 sigillum
1117 620 1248 679 meum
1294 592 1551 725 presentibus
1589 610 1650 679 ost
1692 622 1907 724 appensum
1945 556 2100 689 Daton·

195 796 199 801 ,
302 744 410 798 anno
437 712 611 811 domini,
639 710 713 809 Μ’,
733 709 871 807 CCC‘,
896 724 1043 819 quanto
1069 722 1216 820 quarta
1247 706 1345 792 ferra
1375 732 1557 817 proxima
1588 724 1680 819 post
1709 711 1972 795 incensionem
1990 743 2062 801 san-

301 844 365 907 ¹²⁰
392 853 557 909 cruos
632 1008 636 1015 .
716 928 838 1024 spur
858 926 1022 993 sarram
1043 927 1116 991 rae
1135 926 1194 993 aa
1216 948 1255 993 ur
1276 928 1397 993 servet
1418 926 1539 1017 ruppe
1557 948 1691 995 tw·

304 1328 479 1461 tros.
944 1327 1089 1435 1305
1136 1322 1184 1431 a.
1243 1360 1304 1433 ta
1355 1324 1469 1471 uaj.
1863 1282 1869 1295 ’
1935 1328 2064 1439 tun

352 1504 358 1511 ι
381 1549 612 1633 Ᾰτὶὼίιὶορειι
633 1548 643 1609 i
665 1544 755 1610 Luud
777 1548 877 1611 Ysaaa
895 1566 977 1627 arar,
998 1544 1069 1611 med
1092 1546 1183 1611 blfall
1216 1546 1262 1610 till
1283 1544 1343 1609 deu
1365 1548 1402 1609 af
1418 1528 1560 1609 llanileu
1582 1542 1856 1611 dersamuaasttdes
1875 1548 1968 1609 Guido
1985 1554 2064 1633 giardi

435 1632 614 1711 anadlciog,
634 1642 680 1692 att
702 1628 772 1691 med
794 1628 871 1692 bans
889 1650 982 1711 araga
1002 1629 1169 1693 banonibat
1195 1631 1291 1693 rudtte
1312 1630 1432 1695 mrem·
1453 1628 1485 1691 S.
1506 1628 1638 1693 Andreas
1658 1630 1852 1712 Fdrsaurliug
1874 1633 1883 1691 i
1905 1632 2017 1717 wamy,
2032 1639 2063 1698 till

434 1714 562 1777 bvilken
584 1712 811 1796 drlebisbopen
834 1714 880 1775 till
903 1717 1000 1777 stom
1019 1712 1112 1779 delen
1133 1711 1212 1793 egde
1234 1714 1280 1797 ius
1303 1724 1482 1797 peu-onatus
1502 1712 1562 1775 oclr
1585 1712 1712 1776 baurtill
1734 1713 1906 1795 Kouungen
1922 1716 1980 1777 orb
1996 1718 2027 1781 de
2041 1722 2065 1781 al

434 1798 530 1877 adet,
551 1818 618 1861 som
640 1797 786 1879 derjemte
807 1796 885 1879 egde
906 1798 952 1881 jus
973 1807 1169 1882 patronatus,
1190 1798 1287 1861 redao
1308 1796 1396 1879 giftit
1417 1798 1467 1859 sitt
1487 1796 1655 1883 samtycle.
1812 1875 1844 1935 E
1864 1895 1887 1939 t·
1907 1880 1946 1937 ὡ

415 2020 594 2099 lsauuus
622 2012 883 2095 miseracione
912 2012 1050 2095 diuina
1079 2012 1408 2124 archiepiscopus
1441 2010 1647 2099 lundensis
1680 2010 1820 2095 Suecie
1845 2016 1993 2122 primas.
2016 2008 2063 2100 lli·
2102 2008 2103 2017 Ν

299 2131 407 2211 lecto
435 2127 518 2207 filio
548 2126 715 2207 domino
743 2125 935 2208 Gwidoni
971 2126 1179 2207 Canonico
1223 2122 1423 2207 lundensi.
1466 2124 1635 2205 salutem
1666 2140 1709 2207 et
1736 2125 1931 2207 sinceram
1959 2130 1993 2207 in
2015 2130 2062 2211 do

298 2243 407 2323 mino
435 2239 641 2319 caritatem
671 2240 860 2321 Porrecta
890 2236 1007 2317 nobis
1046 2234 1200 2319 dudum
1229 2252 1299 2317 tua
1329 2237 1477 2347 peticio
1520 2235 1754 2317 continebat
1786 2235 1899 2347 quod
1929 2240 2061 2347 preben-
2101 2246 2102 2251 ‘

300 2351 364 2438 da.
392 2378 516 2462 quam
546 2350 588 2429 in
617 2348 805 2431 lundensi
831 2347 996 2429 ecclesia
1025 2374 1067 2427 es
1094 2347 1287 2434 canonice
1324 2364 1544 2459 assequtus.
1585 2346 1689 2431 adeo
1713 2365 1777 2429 est
1806 2350 1848 2431 iu
1876 2348 2059 2435 redditibus

262 2509 269 2517 -
300 2482 342 2545 et
368 2460 638 2570 prouentibus
666 2460 800 2541 tenuis
825 2478 867 2541 et
895 2458 1011 2541 exilis
1037 2458 1147 2569 quod
1163 2488 1211 2543 ex
1228 2460 1286 2541 eis
1314 2486 1489 2569 nequeas
1511 2457 1719 2541 commode
1746 2474 1787 2541 et
1814 2486 1986 2569 congrue
2004 2492 2060 2545 sus·

170 2611 174 2617 ¹
298 2566 459 2656 tentari.
487 2596 617 2682 quare
643 2572 762 2653 nobis
802 2568 1038 2681 supplicasti
1080 2572 1284 2655 humiliter
1305 2585 1354 2653 et
1382 2570 1541 2655 deuote.
1581 2570 1695 2680 quod
1736 2570 1943 2653 ecclesiam
1969 2576 2061 2655 uncti

299 2682 449 2767 andree
478 2686 521 2766 in
549 2681 702 2783 woesbtr
728 2684 773 2763 in
801 2708 884 2792 qua
924 2682 1046 2765 uobis
1088 2681 1151 2790 jus
1199 2697 1438 2793 patronatus
1477 2683 1670 2789 competit
1698 2710 1776 2791 pro
1802 2685 1946 2767 maiori
1972 2702 2060 2795 parte.

297 2793 407 2877 dicte
474 2792 651 2877 rebende
678 2810 892 2877 annectere
921 2809 1120 2903 perpetuo
1147 2822 1381 2877 curaremus
1409 2793 1639 2875 Exhibuisti
1667 2796 1792 2877 eciam
1809 2822 1944 2875 coram
1970 2798 2059 2879 uobis

298 2824 502 3016 magnifici
532 2906 728 3016 principis
753 2904 911 2993 domiui
939 2906 1048 2990 urici
1076 2906 1182 3016 regis
1206 2904 1410 2989 danorum
1433 2904 1601 2988 illustris
1628 2920 1670 2988 et
1697 2906 1954 3018 quorundam
1978 2907 2049 2990 nob‘

299 3018 412 3102 lium.
442 3018 586 3129 quiin
615 3018 753 3100 eadem
781 3018 949 3100 ecclesia
977 3019 1108 3100 sancti
1135 3015 1298 3100 andree.
1326 3019 1391 3128 jus
1419 3033 1659 3125 patronatus
1687 3043 1765 3098 rna
1794 3020 1996 3103 nobiscum
2017 3020 2059 3100 ba

298 3130 397 3212 here
425 3147 663 3214 noscuntur.
693 3131 848 3210 litteras
878 3145 1072 3238 patentes.
1102 3131 1144 3210 in
1174 3129 1323 3240 quibus
1365 3128 1575 3210 euidenter
1603 3127 1830 3238 apparebat
1858 3159 1937 3215 eos.
1975 3157 2058 3211 auur

210 3244 215 3254 ⁴
298 3240 412 3321 xioni
439 3237 671 3322 huiusmodi
699 3239 882 3322 faciende
909 3239 1036 3321 libere
1062 3257 1104 3322 et
1130 3239 1352 3322 liberaliter
1379 3243 1635 3326 consensisse.
1672 3243 1836 3326 Verum.
1861 3244 1957 3353 quia
1982 3243 2057 3321 iuxta

298 3352 515 3434 canonicas
543 3351 781 3433 sanctiones.
811 3349 1035 3462 spiritualia
1063 3353 1151 3433 sine
1179 3350 1470 3460 temporalibus
1496 3368 1602 3432 store
1630 3379 1714 3432 nou
1743 3371 1916 3460 possunt
1945 3351 2057 3432 Nosal-

299 3463 511 3545 tendentes
539 3463 709 3545 sollicite
737 3465 849 3574 quod
877 3463 1042 3543 ecclesie
1070 3461 1254 3544 lundensi
1283 3459 1485 3572 expediat.
1514 3462 1639 3571 jmmo
1667 3481 1823 3572 quanto
1855 3465 1950 3545 alias
1974 3461 2057 3544 eccle

304 3577 384 3654 sias
413 3590 550 3653 nostre
577 3575 789 3684 prouincia
817 3569 1085 3680 indignitate
1115 3572 1307 3684 precellit.
1337 3591 1453 3656 tauto
1482 3575 1655 3684 amplius
1676 3591 1716 3654 et
1738 3576 1950 3682 specialius
1975 3599 2056 3682 opu·

230 3739 234 3746 -
299 3703 444 3766 tonum
473 3687 537 3766 sit.
565 3701 606 3766 et
632 3683 863 3768 omnimode
892 3687 1167 3768 necessarium.
1199 3687 1307 3767 viros
1348 3683 1529 3797 ydoneos
1571 3685 1721 3768 habere
1751 3689 1791 3766 in
1824 3687 2056 3768 canonicosa

299 3798 344 3878 in
371 3795 527 3878 fratres.
555 3797 706 3909 quibus
731 3812 773 3876 et
800 3823 957 3877 morum
986 3797 1186 3890 honestas.
1213 3813 1254 3890 et
1282 3798 1507 3888 litterarum
1543 3797 1714 3888 sciencia
1744 3825 1791 3884 ac
1816 3825 1893 3888 sue
1922 3795 2055 3906 probita-

297 3911 350 3989 tis
379 3910 520 3989 merita
549 3907 823 4017 suffragantur
857 3906 911 3990 Et
938 3911 1033 4020 quia
1063 3909 1163 3998 tales
1191 3935 1275 3992 non
1305 3911 1503 4000 immerito
1538 3911 1620 3996 siut
1651 3909 1873 3994 maioribus
1903 3905 2054 3988 beneficiis

299 4019 544 4101 honorandi.
572 4020 817 4102 Necessitate
845 4019 976 4101 silicet
1003 4037 1044 4100 et
1071 4022 1246 4103 vtilitate
1278 4020 1480 4104 lundensis
1507 4019 1672 4100 ecclesie
1697 4021 1848 4100 meritis
1877 4023 1987 4102 eciam
2006 4015 2054 4095 tuis

190 4199 196 4217 ,
299 4158 348 4212 aa
377 4131 577 4242 peticione
604 4130 786 4240 predicta
813 4129 1147 4240 suffragantibus.
1178 4131 1404 4242 prebendas
1431 4129 1595 4214 ecclesie
1623 4147 1758 4212 nostre
1779 4148 1922 4212 tenues
1945 4145 1980 4209 et
2002 4124 2053 4207 ul

298 4243 370 4324 les.
399 4241 451 4323 de
479 4241 642 4350 capellis
671 4243 734 4330 vel
762 4241 938 4333 ecclesiis
966 4245 1288 4354 parrochialibus
1316 4247 1359 4329 iu
1389 4260 1626 4354 perpetuum
1658 4243 1918 4324 annectendis
1943 4236 2051 4320 eisdem.

298 4352 546 4438 discrecione
560 4355 698 4460 preuia
717 4353 976 4464 prouidemus
989 4385 1037 4448 ac
1051 4357 1174 4450 eciam
1194 4356 1470 4446 ordinauimus
1485 4355 1746 4466 augmentari.
1777 4353 1886 4434 Hinc
1900 4369 1963 4434 est.
1981 4339 2050 4465 qutl

271 4463 521 4572 npredictam
561 4463 767 4548 eeclesiam
788 4465 939 4552 -sancri
974 4465 1125 4558 andree
1154 4469 1195 4556 in
1223 4466 1389 4569 waesbi.
1431 4495 1567 4546 curam
1611 4467 1835 4546 animarum
1879 4463 2047 4548 habentes

300 4602 393 4655 cum
421 4575 610 4674 omnibus
634 4575 794 4684 juribus
820 4591 862 4665 et
890 4578 1149 4686 pertinenciis
1176 4581 1267 4664 suis.
1291 4569 1436 4661 habito
1464 4576 1649 4684 diligenti
1685 4591 1861 4659 tractatu
1891 4602 1972 4660 oum
1994 4569 2046 4648 ltu

300 4681 415 4768 densi
442 4688 620 4795 capitulo
648 4703 689 4767 et
714 4683 1010 4772 deliberacione
1031 4715 1222 4798 congrua.
1253 4688 1432 4800 predicte
1461 4686 1666 4797 prebende
1694 4705 1762 4768 tue
1786 4713 1907 4796 quatu
1935 4687 1968 4766 in
1991 4702 2044 4790 prs

299 4797 523 4882 senciarum
551 4797 722 4882 obtines
748 4797 839 4908 jure
865 4799 1198 4916 archiepiscopali
1215 4803 1267 4884 lu
1297 4801 1485 4886 amnibus
1511 4797 1637 4882 saluo.
1675 4796 1726 4882 de
1770 4824 1959 4990 ⁰⁰⁰⁵sz
1980 4793 2043 4871 titt

1864 4981 1875 5000 .,
1903 4931 1958 5000 etl
