4317 5975
318 596 377 675 rie
405 592 641 704 frequenter
667 590 824 674 obliuio
853 607 893 673 et
918 594 1215 704 longinquitate
1249 591 1352 701 'sepe
1395 592 1440 671 fit
1476 592 1689 700 temporis,
1724 587 1840 701 quod
1879 594 1970 679 clara
1992 628 2054 710 pre.

268 806 271 813 ·
317 705 516 801 sentibus,
546 703 774 787 redduntur
801 704 973 786 obscura
1004 706 1163 785 futuris.
1213 706 1352 807 Quare
1380 702 1576 785 aduersus
1609 701 1860 811 dispendium
1887 708 2055 801 obliuioois

317 818 596 925 descriptore
625 814 820 924 suffragio
850 817 1114 925 prudenciam
1144 816 1298 899 cautela
1328 813 1521 924 prouidit.
1554 814 1704 895 Notum
1734 816 1856 923 igitur
1880 847 1953 899 esse
1974 826 2055 907 rolu-

318 956 406 1007 mus
433 956 507 1034 per
535 944 759 1035 presentes,
787 929 898 1039 quod
928 957 1019 1011 cum
1048 929 1192 1008 domus
1220 926 1375 1039 alique,
1420 925 1647 1035 specialiter
1675 943 1843 1035 propter
1882 958 2055 1040 pauperum

318 1041 615 1118 transeuncium
642 1037 850 1119 commoda
880 1058 920 1120 et
947 1041 1125 1151 quietem
1155 1037 1315 1118 fuerant
1343 1040 1384 1117 in
1416 1037 1547 1119 medio
1588 1039 1688 1119 silue
1730 1037 1893 1119 emordlt
1919 1043 1964 1122 ab
1986 1053 2057 1127 anti·

317 1152 408 1263 quis
436 1165 667 1230 constructe
690 1154 958 1261 temporibus,
987 1152 1055 1232 sed
1085 1163 1253 1259 propter
1288 1149 1487 1257 inopiam,
1530 1166 1572 1230 et
1600 1153 1807 1259 penuriam
1849 1161 2059 1239 sustentatio

318 1265 380 1343 nis
409 1260 690 1345 inhabitatoris
719 1261 901 1343 crebrius
929 1262 1132 1345 destitute.
1164 1263 1246 1341 Nos
1275 1287 1496 1371 pauperum
1526 1288 1601 1372 per
1635 1257 1785 1341 dictam
1811 1260 1941 1346 siluam
1966 1281 2058 1350 trans

203 1455 209 1467 „
318 1376 504 1456 ettncium
532 1372 765 1470 utilitatem,
795 1392 835 1457 et
862 1402 1074 1456 commune
1105 1375 1256 1454 bonum
1285 1400 1528 1503 promouere
1555 1371 1754 1469 volentes,
1781 1372 1881 1454 Cum
1907 1376 1999 1485 apud
2018 1409 2060 1462 ec·

318 1486 474 1567 clesiam
494 1484 810 1582 saerisstadhum,
841 1490 960 1565 Anno
989 1483 1384 1581 dominiblillesrmo,
1411 1480 1720 1579 Trecentesimo
1749 1482 1930 1567 secundo.
1948 1488 2060 1573 diabe-

319 1599 376 1676 ati
405 1595 540 1676 thome
569 1595 756 1693 martiris
786 1598 1029 1678 visitacionis
1057 1598 1231 1677 officium
1263 1622 1470 1704 ageremus
1498 1597 1714 1707 petiuimus
1741 1622 1767 1673 a
1797 1595 1899 1677 dicte
1924 1599 2061 1697 ecclesie,

319 1708 668 1817 Ecclesiarumque
696 1706 952 1810 sudbcralum
981 1724 1023 1787 et
1057 1706 1218 1787 hanabo
1248 1707 1527 1817 parochianis„
1565 1734 1740 1817 quorum
1768 1710 2062 1795 communitasius

318 1821 469 1901 habere
498 1817 645 1899 dicitur
673 1820 714 1897 iu
743 1818 844 1897 silua
874 1822 1183 1900 circumiacente
1211 1819 1344 1899 locum
1382 1818 1581 1899 dictarum
1623 1817 1857 1912 domorum,
1894 1820 1992 1929 quod
2013 1852 2062 1931 pro

319 1932 615 2011 sustentacioue
643 1927 906 2010 inhabitantis
932 1959 1041 2012 nunc
1069 1948 1109 2011 et
1141 1957 1216 2039 pro
1244 1947 1425 2037 tempore
1455 1928 1773 2011 inhabitancium
1801 1927 1945 2011 dictum
1969 1933 2062 2014 locun

319 2042 369 2123 de
397 2042 496 2121 siloa
526 2041 720 2121 viciniore
748 2039 866 2120 dictis
894 2041 1082 2122 domibus
1112 2041 1160 2123 ad
1204 2043 1385 2153 spacium
1414 2044 1532 2123 vuius
1575 2040 1738 2121 miliaris
1768 2058 1957 2149 perpetuo
1979 2045 2063 2153 assig-

259 2241 263 2247 ,
320 2168 483 2247 narent,
511 2152 595 2256 Qui
614 2167 760 2230 nostre
788 2154 980 2259 peticioni
1012 2151 1201 2233 beniuole
1231 2170 1461 2243 annuerunt
1488 2153 1684 2262 appositis
1721 2151 2006 2235 condicionibus
2025 2157 2064 2235 io·

320 2265 564 2371 fraseriptis,
593 2260 779 2343 videlicet
808 2264 917 2371 quod
949 2263 1064 2346 dacio
1096 2290 1166 2345 seu
1194 2265 1415 2371 assignacio
1459 2262 1557 2346 dicti
1605 2261 1772 2345 miliaris
1813 2264 1854 2343 in
1882 2262 1976 2345 dicta
1998 2264 2064 2347 silua

319 2380 371 2455 sit
399 2373 628 2485 specialiter
655 2400 881 2483 pauperum
911 2377 1209 2456 transeuncium
1238 2374 1377 2457 ssibus
1403 2379 1678 2485 appropriata.
1729 2375 1796 2455 Jta
1824 2377 1931 2485 quod
1955 2374 2063 2457 dictou

320 2490 453 2569 locum
483 2484 573 2565 talis
600 2484 750 2566 incolat
770 2502 812 2566 et
827 2485 1038 2583 inhabitet,
1066 2486 1221 2596 absque
1250 2488 1347 2567 iuris
1366 2485 1598 2595 hereditorij
1614 2483 1908 2584 vendicacione,
1933 2489 2063 2599 quiwlt,

220 2686 224 2695 ,
257 2590 279 2616 ”
319 2613 524 2706 et'potest
551 2623 593 2677 se
622 2597 663 2675 in
700 2597 894 2705 premisso
937 2601 1106 2706 negocio
1149 2598 1300 2678 vtiliter
1343 2608 1539 2679 exercere.
1591 2600 1696 2679 Jtem
1725 2595 1840 2704 quod
1868 2600 1906 2680 in
1934 2597 2064 2707 predicta

320 2711 484 2789 miliaris
512 2706 803 2814 assignaeione,
833 2735 914 2787 non
946 2710 1183 2788 inuolua'tur
1209 2737 1278 2788 seu
1295 2706 1543 2791 'includatur
1568 2707 1672 2789 silua
1700 2707 1825 2789 alicui
1847 2708 1934 2791 ville
1959 2712 2065 2819 speria·

322 2823 413 2901 liter
438 2820 723 2927 appropriata,
753 2823 857 2899 ltem
884 2820 1130 2929 quod'vltra
1162 2819 1408 2929 sepedictum
1433 2818 1587 2901 miliare
1602 2817 1877 2930 predictarum
1905 2818 2064 2900 domorum

257 2937 262 2945 “
319 2931 571 3013 inhabitator
598 2932 822 3011 communis
849 2932 951 3013 silue
978 2960 1090 3013 osum
1123 2958 1202 3013 oon
1235 2930 1382 3012 habeat
1408 2930 1562 3042 absque
1592 2954 1864 3042 possessorum
1887 2932 2065 3044 requisicio·

322 3074 389 3138 ne,
417 3062 457 3123 et
486 3042 650 3120 licencia
679 3041 854 3151 speciali.
882 3045 984 3125 Jtem
1013 3044 1124 3153 quod
1156 3045 1336 3128 homines
1378 3039 1649 3151 predictarum
1679 3043 1805 3124 trium
1834 3045 2063 3154 parochiarum

233 3199 252 3221 -·
321 3157 426 3237 inira
450 3149 559 3232 illud*
582 3151 735 3232 miliare
778 3157 922 3261 piscari
952 3157 992 3232 in
1022 3157 1154 3265 aquis,
1202 3183 1291 3234 cum
1329 3155 1483 3236 retibus
1523 3169 1564 3234 et
1596 3179 1767 3260 sagena,
1810 3171 1850 3238 et
1878 3157 2021 3237 cortices
2039 3156 2065 3232 ir

321 3268 422 3347 silua
451 3261 660 3370 colligere,
688 3280 731 3342 et
766 3292 914 3372 pascua
944 3293 1021 3373 pro
1049 3270 1130 3344 suis
1161 3264 1374 3376 pecoribus
1416 3263 1545 3347 libere
1585 3263 1745 3346 valeant
1775 3265 1938 3364 habere,
1976 3269 2066 3373 Agros

321 3393 455 3459 tamen
483 3391 524 3453 et
554 3391 668 3480 parata
699 3374 804 3454 inira
837 3373 988 3458 dictum
1018 3377 1172 3456 miliare
1215 3375 1317 3456 nulli
1360 3375 1491 3458 lacere
1519 3373 1638 3459 liceat
1665 3374 1784 3458 alteri
1813 3380 1887 3460 nisi
1915 3377 2066 3458 inhabita·

322 3491 402 3569 tori
432 3489 642 3569 domorum
674 3486 958 3592 predictarum.
1000 3489 1051 3567 ln
1091 3486 1234 3566 horum
1282 3489 1405 3596 igitur
1446 3488 1722 3568 testimonium
1749 3486 1914 3570 euidens
1940 3486 2068 3596 sigillum

322 3616 504 3682 nostrum
535 3595 793 3706 presentibus
820 3611 879 3675 est
909 3623 1149 3706 appensum,
1179 3602 1322 3677 Actum
1355 3599 1462 3695 loco,
1493 3622 1622 3698 anno,
1651 3613 1691 3678 et
1719 3596 1786 3680 die
1815 3599 2024 3712 prenotatis

738 3737 859 3817 sigillet
882 3737 1043 3800 borttallet
1064 3741 1134 3802 saun
1157 3741 1215 3802 den
1239 3761 1276 3801 ιιι·
1299 3739 1418 3804 bresvet
1438 3743 1559 3826 ttippu
1579 3761 1710 3803 remsan.

1005 412 1061 433 -
1176 372 1254 479 37²
1366 414 1536 504 -ae,

745 3854 793 3918 Pa
804 3855 999 3936 flamiam.-
1026 3857 1140 3920 Littera
1163 3857 1200 3918 de
1223 3856 1298 3920 silua
1320 3857 1451 3957 emordlt
1474 3859 1503 3920 in
1528 3859 1695 3946 belsingya.
1747 3882 1751 3890 ¹

201 4149 214 4179 s
332 4223 488 4365 1378.
1043 4227 1194 4334 1303
1250 4223 1400 4334 Odat

401 4445 559 4531 basalmo
581 4444 759 4507 Saretsuoss
780 4440 898 4503 ‹lotters
921 4428 1099 4507 testamenta
1121 4449 1157 4510 al
1173 4413 1240 4531 iord
1274 4449 1332 4512 och
1365 4452 1535 4534 pansingen·
1559 4452 1604 4512 till
1628 4450 1760 4534 lydor,
1794 4451 1907 4513 kloster
1934 4443 1987 4510 oclr
2005 4438 2070 4504 andra

454 4527 596 4608 aodeligo
619 4528 768 4588 stiltelser.

1866 4614 1900 4670 Α.
1916 4614 1937 4668 3.
1952 4630 1972 4664 a.

434 4743 486 4826 Ju
514 4744 688 4829 Nomine
719 4745 883 4825 Domini
911 4747 1052 4826 Amen.
1079 4747 1182 4826 Cum
1212 4752 1352 4830 mortis
1381 4747 1465 4831 dies
1493 4767 1534 4830 et
1562 4751 1661 4832 hora
1688 4755 1848 4834 cunctis
1884 4740 2071 4830 mortalibus

154 4869 162 4878 “
321 4856 401 4936 sint
431 4860 593 4954 incerta,
623 4855 783 4938 idcirco
826 4856 915 4967 Ego
941 4857 1166 4942 tranans
1210 4882 1314 4940 atara
1343 4883 1607 4944 sumturum·
1637 4892 1739 4947 vxor
1768 4863 1927 4946 beronis
1952 4847 2070 4961 lugoll-

236 4989 243 5000 '
1889 4997 1973 5054 suns
