4317 5975
792 390 1208 473 -381—

122 611 199 718 {eci
228 609 488 693 mencionem.
517 610 578 694 De
604 604 847 719 supradictis
875 610 997 689 eciam
1022 609 1223 693 fructibus
1251 605 1457 691 antedicto
1486 608 1605 689 altari
1633 611 1826 718 appositis
1854 638 1925 692 an·

123 750 181 805 no
208 722 397 833 quolibet
424 749 549 801 vnum
577 720 750 802 solidum
779 746 1008 828 grossorum
1038 726 1318 804 toronensium
1347 718 1411 802 vel
1441 724 1618 831 ¹quatuor
1646 721 1797 803 solidos
1824 720 1925 803 ste'r·

125 836 325 944 lingor'um
355 832 508 941 deponi
536 832 724 913 constitui
757 832 798 911 in
827 834 1046 912 sacristiam
1075 833 1128 914 ad
1155 833 1457 943 reparacionem
1487 833 1683 914 librorum
1714 833 1924 915 vestimen.-

116 970 256 1030 torum
286 962 328 1025 et
356 961 522 1025 ornatus
550 940 649 1023 dicti
677 942 847 1041 Asteris,
888 944 1110 1024 secundnm
1148 944 1448 1054 prouidenciam
1479 961 1519 1025 et
1547 944 1846 1025 discrecionem·
1863 948 1926 1055 ip-

124 1062 205 1140 sius
232 1058 378 1139 summi
407 1055 603 1165 prepositi
645 1071 686 1136 et
720 1054 898 1163 Capituli
940 1055 1216 1155 reseruandos.
1273 1055 1395 1161 Quod
1424 1058 1458 1135 si
1487 1054 1694 1164 predictus
1738 1058 1925 1138 sacerdos

125 1171 291 1251 eborum
322 1168 582 1277 frequentare
610 1168 907 1275 contempserit.
936 1171 1019 1247 Aut
1048 1170 1088 1247 in
1118 1168 1235 1248 altari
1264 1168 1435 1276 proprio
1465 1166 1668 1247 celebrare
1698 1170 1760 1263 vel
1791 1168 1926 1277 predi·

125 1300 280 1363 ctorum
310 1279 511 1361 bonorum
542 1278 697 1358 fructus
736 1275 922 1359 ordinare
951 1280 1055 1360 sicut
1084 1282 1319 1388 premissum
1351 1294 1410 1359 est
1439 1280 1616 1359 omiserit
1642 1308 1712 1359 seu
1741 1281 1926 1389 neglexe-

126 1392 190 1477 rit.
221 1391 417 1500 Supplico
446 1389 668 1470 venerabili
699 1389 804 1499 patri
834 1388 1042 1472 lundensi
1078 1386 1393 1499 Archiepiscopo
1435 1391 1507 1501 qni
1540 1405 1599 1468 est
1627 1391 1690 1494 vel
1721 1420 1796 1500 pro
1826 1408 1926 1473 tem·

130 1532 226 1613 pore
254 1502 377 1583 suerit
407 1519 449 1612 rt
478 1502 608 1609 ipsum
637 1504 815 1610 corrigat
857 1519 898 1581 et
926 1505 1105 1611 castiget.
1133 1519 1174 1585 et
1202 1503 1235 1582 si
1258 1502 1549 1609 'incorrigibilis
1594 1500 1732 1600 fuerit,
1778 1531 1928 1585 ammo·
2009 1536 2013 1545 “

130 1631 222 1695 ucat
249 1604 304 1693 ab
333 1614 475 1694 Altari.
503 1613 565 1692 Ne
594 1613 719 1721 igitur
759 1612 892 1719 Alieni
920 1611 1131 1725 bominum
1173 1613 1291 1694 liceat
1333 1612 1471 1723 aliquo
1521 1610 1641 1693 modo
1670 1612 1771 1694 hanc
1802 1642 1928 1695 meam
2048 1702 2051 1709 ,
2136 1644 2143 1653 ·

127 1724 385 1806 collacionem
415 1725 595 1820 irritare,
641 1723 861 1806 antedictas
892 1728 1159 1832 possessiones
1188 1740 1231 1803 vt
1260 1727 1374 1835 prius
1402 1724 1569 1804 consero
1597 1742 1637 1803 et
1665 1740 1777 1805 scoto
1806 1726 1931 1807 immo

127 1838 269 1946 pocius
296 1835 558 1916 collacionem
587 1849 629 1914 et
656 1837 924 1919 scotacionem
956 1838 1068 1945 prius
1104 1835 1228 1917 factas
1271 1838 1434 1915 innouo.
1465 1851 1505 1913 et
1535 1836 1665 1943 ipsum
1696 1838 1929 1947 Capitulum

52 2004 57 2013 -
128 1950 288 2027 nomine
314 1946 455 2055 vicarij
484 1948 677 2026 canonice
706 1944 940 2027 instituendi
983 1942 1035 2024 ad
1063 1947 1187 2027 altare
1215 1946 1482 2053 sepedictum,
1525 1974 1685 2027 exnunc
1716 1948 1754 2027 in
1785 1974 1931 2056 corpo-

126 2060 249 2141 ralem
278 2084 390 2168 pono
418 2059 706 2167 possessionem
736 2060 941 2165 perpetuis
978 2056 1126 2137 futuris
1168 2057 1419 2166 temporibus
1461 2055 1697 2138 duraturam
1729 2058 1930 2140 bonorum

128 2170 453 2279 supradictorum
490 2167 690 2249 fructibus
718 2166 769 2248 ad
798 2196 890 2247 rsus
926 2191 1033 2247 meos
1074 2167 1320 2249 coaduixero
1354 2169 1575 2249 reseruatis.
1633 2170 1683 2249 Jn
1713 2172 1828 2251 euius
1859 2172 1931 2251 Rei

127 2284 397 2363 testimoninm
426 2280 602 2390 sigillum
632 2306 762 2359 meum
800 2279 1055 2388 presentibus
1097 2294 1157 2358 est
1198 2306 1433 2387 appensum.
1496 2280 1641 2361 Actum
1670 2281 1826 2363 Lundis
1857 2282 1931 2365 Die

129 2396 242 2474 louis
270 2390 457 2481 ‚xltttzta
488 2393 634 2473 mensis
663 2390 812 2499 marcij.
843 2390 963 2470 Anno
991 2389 1157 2472 domini.
1187 2390 1398 2481 M⁰.CCC‘?.
1429 2392 1562 2472 tercio.

624 2532 744 2616 sigillet
767 2532 942 2611 bortsallet3
960 2507 1009 2595 ¹ett
1030 2534 1135 2617 stycle
1157 2533 1193 2595 al
1211 2518 1331 2597 r'emsau
1353 2554 1440 2618 quar.

141 2897 299 3059 1386.
737 2900 918 3008 '1303
964 2898 1012 3006 d
1058 2872 1091 3005 '2
1140 2898 1299 3050 April.
1625 2899 1931 3048 Linltbping

213 3121 390 3184 Advocatus
410 3121 561 3183 Fnosms
583 3119 642 3182 ocb
665 3121 912 3204 Borgmtstarnes
932 3123 942 3182 i
963 3121 1138 3206 Linldping
1160 3119 1326 3182 Fastebrel
1343 3120 1391 3182 fiir
1414 3119 1554 3182 Kunileu
1576 3117 1655 3182 Olof
1672 3123 1680 3182 i
1705 3087 1930 3206 Linldpingpd

265 3221 334 3322 atne
355 3203 516 3284 iordlotter
537 3205 547 3263 i
569 3203 723 3266 Patnstad.
923 3230 926 3234 ⁴
1643 3283 1672 3342 Β.
1690 3290 1715 3343 3:
1736 3288 1790 3345 ὦ.

228 3421 443 3523 ¹Omnibus
473 3437 678 3530 presentes
708 3424 861 3502 litteras
897 3423 1138 3529 inspecturis
1183 3437 1411 3512 rnosrtttus
1440 3419 1659 3505 aduncatus
1690 3425 1931 3534 lincopensis

132 3549 173 3611 ct
218 3553 421 3613 consonus
464 3534 611 3613 ibidem
655 3535 697 3614 in
733 3533 897 3614 domino
925 3535 1106 3614 salutem.
1163 3531 1363 3613 Noueriut
1407 3533 1583 3614 uniuersi
1627 3533 1844 3617 discretum
1875 3539 1932 3617 vi-

134 3669 222 3723 rum
252 3641 460 3724 dominum
503 3645 678 3725 Olenum
722 3649 956 3728 canonicum
1000 3645 1272 3754 lincopensem
1316 3643 1596 3726 duodecimam
1633 3665 1787 3756 partem
1818 3668 1930 3730 octo·

134 3754 238 3862 narij
268 3755 319 3836 de
346 3783 500 3836 sunone
530 3757 639 3837 dicto
676 3757 909 3837 borstaerua.
939 3783 1017 3868 pro
1046 3753 1210 3836 dimidia
1240 3755 1373 3835 lIlbta
1404 3785 1536 3836 marca
1580 3756 1835 3840 denariorum
1887 3763 1928 3839 in
2026 3829 2030 3840 .

133 3865 345 3976 patastadb
376 3893 425 3947 ex
454 3895 650 3949 consensu
683 3871 815 3949 vxoris
858 3896 929 3948 sue
970 3884 1010 3949 et
1053 3866 1221 3946 fratrum
1252 3867 1336 3946 eius
1365 3868 1515 3947 scilicet
1564 3872 1724 3949 saxonis
1755 3887 1795 3950 et
1824 3877 1930 3979 petri

134 3982 176 4059 in
208 3983 411 4087 presencia
450 3997 584 4060 nostra
613 4006 860 4088 comparasse
889 3983 968 4060 Pro
997 3979 1113 4059 cuius
1156 3979 1376 4085 empcionis
1418 3985 1541 4065 titulo
1579 3987 1821 4097 proloqutor·
1851 3993 1929 4076 fuit

133 4089 309 4170 senode
338 4089 504 4189 larabi.
534 4088 574 4170 id
603 4107 671 4172 est.
700 4089 829 4172 skilde
872 4091 934 4171 liri
977 4088 1101 4170 laestb.
1143 4089 1364 4170 secundum
1430 4096 1509 4177 uod
1540 4101 1793 4181 consuetodo
1821 4123 1949 4198 terre,

41 4237 50 4243 ·
133 4203 405 4312 approbat-et
433 4204 473 4282 in
504 4203 609 4283 libro
630 4202 762 4310 legum
793 4203 1026 4282 continetur
1051 4199 1149 4308 jtem
1179 4203 1363 4310 sequenti
1393 4123 1458 4286 die
1488 4208 1739 4320 hemmingus
1755 4243 1929 4300 susanne

134 4315 232 4392 emit
258 4313 308 4394 de
335 4311 472 4393 eodem
504 4331 657 4394 tantum
696 4329 736 4393 et
765 4316 1009 4424 proloqntor
1051 4311 1158 4390 illius
1201 4309 1301 4392 laste
1345 4312 1423 4399 fuit
1452 4315 1628 4403 kanutus
1674 4343 1791 4407 sutor
1817 4328 1931 4442 quod

136 4421 319 4533 predium
350 4423 476 4504 eidem
507 4423 671 4505 domino
700 4425 834 4505 Olauo
862 4427 1059 4506 canonico
1074 4423 1299 4530 lincopensi
1312 4443 1352 4505 et
1366 4432 1448 4511 suis
1464 4431 1680 4516 heredibus
1697 4466 1771 4544 pro
1785 4441 1928 4526 eodem

136 4537 275 4645 precio
303 4535 453 4616 dimisit
482 4565 572 4616 cum
603 4536 713 4616 lestis
744 4544 942 4646 perpetuo
971 4533 1272 4644 possidendum.
1309 4537 1414 4621 Huic
1444 4545 1567 4652 igitur
1596 4547 1703 4627 laeto
1732 4552 1927 4635 interlue-

58 4751 63 4756 =
135 4662 233 4728 runt
262 4646 448 4727 dominus
476 4647 576 4756 jugo
604 4650 822 4728 canonicus
852 4649 1093 4756 lincopensis
1114 4648 1506 4754 swenotyndcrboe.
1535 4660 1781 4769 Arnulpbus.
1813 4663 1927 4765 thin-

2 4834 3 4839 ,
134 4759 256 4866 gillus
284 4758 334 4839 de
362 4759 523 4867 grenbs'r
550 4778 591 4839 et
620 4761 745 4839 frater
773 4763 857 4840 eius
885 4760 1111 4840 laurencius
1140 4757 1379 4866 Agmundus
1408 4763 1458 4845 de
1487 4769 1643 4851 risness.
1682 4773 1929 4882 Ragwnldus

135 4873 188 4952 de
218 4870 364 5049 vnawb
382 4871 577 4980 johannes
605 4870 655 4952 de
685 4871 886 4981 gluttinge
913 4889 954 4954 et
995 4870 1063 4979 alij
1093 4893 1214 4977 quam
1259 4871 1423 4980 plurimi
1451 4877 1655 4990 fidedigni.
1713 4886 1774 4966 Ne
1803 4889 1927 4996 igitur

273 4997 318 5052 ευ.
364 4997 454 5069 nunt
471 4997 513 5052 11.
1476 5069 1482 5074 .
1758 4997 1811 5078 49Κ
