4317 5975
961 164 1380 251 *318*-

267 388 402 500 posito
429 386 653 496 lincopensi
679 388 758 467 Vll
793 386 969 469 iumenta
998 389 1203 498 wlgariter
1241 384 1392 469 dictum
1432 378 1619 480 lesbiulrh
1654 414 1745 466 oum
1788 385 1902 495 pullis
1927 388 1955 468 si
1976 399 2030 503 qui

268 502 428 584 luerint.
456 498 539 580 duo
567 498 799 607 puluinaria.
840 495 920 580 duo
951 498 1152 591 mensalia·
1185 518 1226 580 et
1266 528 1384 580 vnam
1427 499 1547 579 ollam
1580 498 1755 602 assigno,
1787 498 1948 579 Domino
1969 499 2030 584 bir-

269 615 394 719 ghero
422 610 614 692 canonico
650 606 730 689 duo
748 678 751 682 .
772 610 1013 716 puluinaria,
1054 612 1247 716 Magistro
1287 610 1443 691 kanuto
1486 608 1704 689 lmcnsale
1738 605 1822 688 duo
1844 609 2031 717 puluinaria

258 742 310 819 ‚et
336 752 456 803 ruam
483 720 602 802 ollam
630 722 734 811 Jtem
767 717 931 801 domino
973 722 1107 803 Marco
1135 722 1293 802 sacriste
1337 721 1396 799 Ill
1425 719 1605 800 marchas
1632 714 1894 801 denariorum¹
1905 720 1945 829 jn
1967 728 2033 833 qui·

267 834 343 915 hus
370 833 491 915 michi
519 832 675 912 tenensi
702 827 887 913 dominus
921 833 1089 925 Rorieus
1117 834 1341 937 birgersson
1374 875 1760 894 -----

552 976 614 1036 Det
627 965 735 1056 dirigo
755 974 864 1054 lattas,
884 974 1012 1036 emedau
1033 974 1165 1059 liiljaude
1186 974 1290 1037 bladct
1312 976 1323 1036 i
1343 974 1448 1037 Codex
1474 972 1580 1037 blifvit
1601 972 1787 1035 boruluret
1856 960 1861 975 ¹

284 1270 445 1380 1306.
625 1193 627 1196 ¹
905 1272 1050 1383 1300
1103 1267 1152 1373 d.
1199 1268 1242 1373 a·
1277 1267 1439 1415 Apin
1873 1266 2036 1413 open

269 1455 278 1472 ‘
353 1454 458 1521 Basca
481 1456 593 1516 Bosors
614 1452 812 1517 Stadliistelsc
831 1456 872 1537 pd
893 1448 958 1518 Nlls
978 1456 1140 1519 Ubbcsoos
1161 1457 1256 1537 cula,
1277 1456 1421 1532 Julianus,
1433 1457 1643 1534 Testamente‚
1664 1456 1700 1519 af
1716 1455 1775 1518 deu
1798 1453 1839 1519 25
1858 1452 1946 1537 April
1966 1452 2031 1539 tagii

395 1540 444 1615 (Se
465 1537 651 1620 lb'reghcnde
677 1539 733 1599 Nm
759 1542 860 1638 ια3α)Ι
1859 1619 1883 1671 A
1909 1617 1926 1687 4

384 1723 470 1827 Ego
511 1741 753 1798 tanumeros
792 1741 965 1799 boosson
1006 1752 1112 1803 nunc
1154 1724 1355 1830 proximus
1397 1721 1510 1801 heres
1554 1715 1659 1801 dicte
1698 1719 1855 1799 Juliane
1881 1746 1928 1798 cx
1954 1734 2039 1825 parte

272 1859 359 1912 nica
401 1849 441 1913 et
484 1826 675 1910 heredum
717 1857 896 1909 meorum
935 1831 1156 1939 predictum
1195 1839 1477 1913 'testamentum
1503 1831 1677 1927 ratifico,
1719 1828 1796 1910 sub
1838 1824 2040 1910 condicione

273 1970 394 2053 quam
432 1939 668 2022 venerabilis
706 1958 820 2047 pater
860 1936 1044 2023 dominus
1085 1972 1195 2023 meus
1235 1943 1553 2050 archiepiscopus
1573 1971 1711 2051 ,super
1749 1958 1857 2021 terra
1896 1936 2040 2045 insaehy

272 2056 401 2159 legata
428 2054 663 2161 expresserit
691 2047 906 2130 secundum
949 2050 1054 2135 dicte
1095 2053 1251 2134 Juliane
1293 2071 1333 2135 et
1362 2081 1491 2133 meum
1517 2050 1811 2161 beneplacitum
1842 2067 1882 2131 et
1908 2076 2040 2131 cousen-

204 2178 225 2224 ι’
274 2193 371 2246 sum.
401 2164 451 2244 Jn
494 2166 604 2243 cuius
645 2164 703 2241 rei
751 2162 1023 2244 testimonium
1065 2164 1236 2269 sigillum
1277 2191 1407 2243 meum
1448 2166 1699 2271 presentibus
1740 2179 1802 2242 est
1844 2186 2039 2268 appensum.

275 2271 475 2385 Scriptum
503 2272 650 2383 vpsalie
679 2301 784 2351 anno
813 2269 962 2355 domini
997 2275 1214 2355 Millesimo.
1256 2274 1585 2369 Trescentesimo,
1628 2276 1689 2355 Jn·
1722 2268 1787 2353 die
1835 2296 2039 2381 parasceucs.

637 2379 678 2445 tr
699 2380 875 2458 tillslsrilvet
896 2384 949 2445 rid
970 2383 1061 2446 slutct
1087 2387 1124 2445 af
1138 2384 1358 2447 olranntimnde
1378 2384 1698 2466 orginal-testameote.

240 2607 469 2787 11307(
1096 2645 1263 2757 1300?

337 2794 454 2892 'louis
473 2830 584 2889 Limes
606 2828 643 2889 as
658 2793 774 2913 Myrby
795 2830 881 2911 intyg
901 2850 951 2889 om
972 2828 1030 2890 den
1051 2830 1373 2907 bivercnslommelse,
1406 2852 1470 2893 som
1493 2832 1608 2913 Bengta
1629 2830 1665 2891 al
1682 2823 2040 2925 Re1·ga,innanbougid

399 2902 561 2989 i'kloster‚
582 2909 724 2999 uppglort
743 2911 816 2972 med
836 2915 902 2977 sina
921 2913 1088 2997 slagtiogar
1107 2934 1157 2974 om
1180 2914 1291 2974 hennes
1313 2914 1520 2996 iadernegods.
1860 2995 1886 3046 A
1911 2996 1934 3048 ἃ

385 3096 581 3176 Omnibus
608 3101 810 3203 presencia
829 3099 969 3178 visuris
996 3098 1058 3178 vel
1087 3093 1277 3179 audituris
1296 3098 1318 3174 J
1321 3121 1499 3178 ouANNEs
1521 3095 1651 3178 dictus
1681 3121 1822 3178 rnnws
1852 3095 1900 3174 de
1927 3091 2042 3200 Myrby

277 3207 439 3290 salutern
466 3209 509 3286 in
537 3203 717 3288 domino,
738 3209 995 3289 Vniuersitati
1036 3225 1163 3289 vestre
1205 3226 1344 3288 notum
1381 3208 1483 3288 facio
1510 3237 1581 3317 per
1615 3210 1817 3316 presencia
1847 3203 2040 3318 quodcum

277 3319 387 3398 soror
415 3314 622 3397 benedicta
650 3315 698 3396 de
727 3317 908 3424 biergum
949 3318 1150 3422 religionis
1178 3320 1357 3400 habitum
1389 3320 1505 3400 vellet
1546 3315 1738 3400 assumere
1766 3345 1842 3424 ego
1881 3347 1928 3398 ex
1954 3327 2040 3423 parte

276 3430 402 3537 ipsius
429 3456 521 3511 suos
548 3457 663 3508 veros
690 3425 854 3509 heredes
881 3427 1094 3508 secundum
1122 3431 1226 3535 leges
1241 3449 1343 3508 terre
1371 3447 1412 3509 et
1431 3431 1635 3512 consilium
1665 3427 1816 3510 domini
1848 3430 1922 3508 mci
1948 3427 2041 3504 bene·

278 3539 371 3620 dicti
398 3538 548 3643 legiferi
576 3539 650 3619 rite
678 3557 796 3648 atque
826 3540 1001 3645 legaliter
1032 3541 1164 3637 citaui,
1193 3556 1236 3621 vt
1264 3538 1315 3619 ad
1342 3542 1465 3646 ipsam
1494 3545 1754 3623 conuenirent
1783 3569 1829 3620 ac
1857 3541 1935 3620 eius
1960 3537 2041 3616 hona

276 3648 569 3760 patrimonialia
596 3655 701 3752 iusto
731 3652 864 3756 precio
891 3654 975 3730 ime
1004 3654 1224 3759 empcionis
1266 3653 1340 3732 sihi
1376 3649 1647 3749 vendicarent,
1690 3654 1759 3762 qui
1789 3650 1940 3760 prefata
1964 3645 2041 3724 bona

276 3787 405 3842 emere
446 3789 529 3841 non
556 3760 795 3843 sufficientes
821 3791 844 3842 a
872 3759 1049 3872 predicta
1093 3790 1229 3843 sorore
1264 3760 1470 3843 benedicta
1498 3764 1687 3870 petebant
1723 3763 1921 3842 humiliter
1946 3775 1980 3838 et
2001 3768 2043 3832 at·

277 3868 522 3980 tentequod
551 3872 635 3980 ipsa
663 3869 711 3951 de
745 3880 825 3952 suis
852 3872 968 3954 bonis
1009 3872 1183 3983 aliquam
1225 3891 1376 3980 partem
1406 3870 1537 3955 diuine
1572 3875 1902 3956 remuneracionis
1927 3867 2042 3950 intuitu

279 3985 334 4062 eis
362 3979 492 4076 daret,
521 3986 812 4064 consencientes
839 4002 883 4063 vt
911 3981 961 4064 de
988 3984 1150 4093 reliquis
1191 3984 1306 4064 bonis
1332 3987 1411 4066 suis
1440 3987 1651 4068 mobilibus
1676 4003 1717 4065 et
1745 3982 1988 4066 inmobilibus
2008 3973 2041 4050 li·

277 4097 371 4175 herc
398 4089 612 4194 secundum
639 4094 738 4174 velle
778 4097 985 4202 proprium
1027 4112 1068 4173 et
1110 4095 1398 4203 beneplacitum
1440 4095 1662 4193 ordinaret,
1706 4093 1935 4204 Supradicta
1972 4097 2046 4168 vtro

277 4230 390 4286 soror
417 4204 470 4282 .B.
498 4230 681 4284 verorum
710 4202 901 4300 heredum
944 4234 1103 4286 suorum
1131 4203 1313 4286 videlicet
1356 4207 1501 4288 sororis
1529 4211 1654 4314 patris
1696 4209 1774 4301 sui,
1804 4233 1880 4318 que
1907 4213 2040 4286 vocatus

279 4332 348 4410 pa,
390 4332 431 4393 et
471 4310 647 4394 liliorum
687 4316 809 4422 ipsius
851 4317 992 4397 thoriri
1034 4334 1075 4395 ct
1118 4317 1329 4398 holmstani
1369 4319 1550 4425 precihus
1591 4319 1798 4412 inclinata,
1840 4320 1892 4398 eis
1918 4327 2039 4422 partem

279 4422 478 4534 quandam
507 4420 555 4501 de
583 4452 657 4506 suo
684 4428 923 4534 patrimonio
951 4428 994 4507 in
1023 4426 1283 4534 bothaslsogh
1311 4425 1587 4536 possidendam
1621 4432 1854 4534 assignabit,
1882 4443 2039 4506 memora·

279 4540 388 4644 tique
415 4552 466 4628 oa
493 4552 534 4614 ct
561 4535 636 4614 filii.
661 4538 742 4615 eius
769 4537 943 4617 thorirus
971 4553 1011 4619 et
1026 4537 1280 4634 holmstanuS,
1309 4537 1499 4651 quicquid
1527 4543 1620 4621 iuris
1647 4544 1690 4621 in
1718 4539 1930 4622 hereditate
1955 4549 2038 4635 sept·

279 4643 383 4726 dicte
424 4645 568 4727 sororis
610 4645 835 4727 habuerunt
877 4651 920 4730 in
963 4671 1108 4729 manus
1128 4647 1332 4746 eiusdem,
1364 4654 1612 4760 presentibus
1639 4653 1865 4758 hemmingo
1892 4648 2047 4729 sumsuh-⁴

280 4752 448 4864 gerdaro'
476 4754 624 4844 thanne
651 4755 885 4843 aerinwardo
911 4756 963 4840 de
991 4759 1189 4866 biorgum,
1218 4762 1376 4868 birgero
1403 4759 1452 4842 de
1481 4761 1633 4874 stafby,
1661 4782 1701 4844 et
1728 4763 1867 4846 karulo
1894 4757 1938 4838 de
1962 4751 2039 4832 bier·
