4317 5975
977 245 1477 416 ripe-⁵

227 555 231 563 ’
284 563 421 624 rerum
462 491 602 646 opifex
642 527 758 626 deus,
806 527 859 612 de
896 529 1019 614 rebus
1053 529 1240 613 humanis
1276 529 1333 612 sic
1361 525 1565 640 prouidit,
1591 544 1635 612 vt
1662 528 1704 612 in
1732 527 1788 612 eie
1812 533 1917 616 nichil
1937 563 2023 647 esar,

140 707 147 717 ,
284 645 397 764 quod
426 673 510 728 uon
532 643 719 728 varietati
746 654 992 751 temporum,
1033 669 1103 724 seu
1132 641 1463 726 transmutacioni
1490 639 1734 739 subiaceret,
1767 643 1887 752 Igitur
1921 677 1959 730 ue
1977 680 2023 738 eo-

166 816 171 824 ,
282 789 375 845 rum
404 757 593 842 memoria
621 781 701 876 que
728 770 905 861 aguntur
927 755 970 836 in
1003 769 1204 864 tempore,
1230 751 1351 836 simul
1378 781 1470 834 cum
1498 767 1682 862 tempore
1709 753 1891 857 elabetur,
1913 788 2025 850 necem

283 887 365 974 est,
391 887 439 954 vt
465 871 664 978 scripture
693 866 910 947 aminiculo
938 865 1177 966 fulciantur,
1215 865 1302 950 Hac
1330 862 1456 972 igitur
1483 861 1809 947 consideracione
1835 895 1902 978 ego
1924 871 2025 979 johan.

283 986 357 1067 nes
384 981 594 1086 inductus,
624 977 842 1072 multorum
871 977 1180 1076 beneficiorum,
1214 1004 1263 1060 ac
1290 975 1428 1058 solacii
1459 975 1715 1085 multiplicis,
1742 1004 1820 1088 que
1843 978 2028 1086 habueram,

282 1109 325 1178 et
351 1119 572 1191 senseram,
599 1117 648 1170 ac
674 1088 911 1172 habiturum
940 1117 1002 1171 me
1028 1117 1162 1202 spero,
1189 1119 1213 1172 a
1242 1085 1474 1170 reuerendis
1497 1087 1737 1170 dominabus
1756 1096 2029 1198 monmteriisio,

281 1231 541 1318 nequaquam
571 1203 767 1284 inmemor
794 1200 919 1310 J'mmo
947 1200 1170 1309 obligatum
1201 1227 1264 1282 me
1291 1225 1343 1280 ex
1371 1198 1449 1280 iilis
1478 1199 1755 1308 multipliciter
1781 1229 2029 1312 recognoscens,

284 1317 419 1402 omnia
446 1314 555 1397 bona
581 1311 747 1394 mobilia
776 1329 817 1392 et
844 1311 1063 1394 immobilia
1093 1309 1145 1392 ad
1175 1339 1238 1393 me
1275 1311 1525 1420 spectaucia,
1560 1311 1727 1393 consero
1754 1309 1861 1396 dicto
1886 1339 2031 1418 nonasp·

168 1521 173 1526 ⁷
281 1432 347 1511 rio
374 1425 469 1526 sko,
496 1424 552 1525 ob
581 1421 801 1508 remedium
834 1424 965 1506 anime
994 1450 1081 1504 mee
1111 1439 1310 1534 perpetuo
1339 1419 1601 1532 possidenda,
1624 1424 1659 1503 si
1681 1422 1833 1534 prolem
1855 1424 2030 1533 legittima

284 1568 335 1644 ex
371 1537 520 1621 dilecta
548 1562 674 1620 vxore
700 1560 788 1621 mea
816 1532 943 1615 Elena
972 1533 1071 1616 mibi
1099 1535 1354 1643 superstitem
1383 1554 1454 1616 me
1474 1533 1623 1616 babere
1652 1562 1732 1616 non
1753 1536 1953 1644 contingat,
1972 1571 2034 1650 pos·

284 1652 460 1734 sessione
496 1675 568 1730 scu
603 1645 814 1728 usufructu
841 1660 1022 1743 tantum,
1057 1645 1156 1728 mihi
1185 1675 1261 1756 pro
1290 1649 1371 1725 vita
1402 1671 1487 1726 mea
1522 1647 1688 1729 retentis
1716 1647 1759 1726 in
1786 1645 1938 1746 eisdem,
1969 1653 2033 1736 rob

284 1764 411 1847 eciam
438 1758 739 1841 ordinacionem
768 1771 809 1836 et
836 1755 1117 1838 condicionem
1146 1757 1296 1839 saluam
1328 1783 1401 1864 per
1422 1757 1557 1838 omnia
1586 1785 1682 1854 esse,
1710 1785 1832 1868 quam
1858 1787 1939 1840 eum
1961 1761 2033 1846 dicta

283 1900 411 1957 vxore
438 1898 527 1952 mea
562 1868 733 1951 feceram
760 1894 885 1977 super
912 1867 1194 1950 communibus
1230 1867 1348 1949 bonis
1375 1867 1534 1966 uostris,
1563 1895 1644 1978 que
1672 1885 1731 1949 cst
1765 1869 1873 1967 talis,
1897 1870 2037 1958 videlicet

285 1983 460 2098 quodsi
494 1981 580 2089 ipsa
609 2007 672 2061 me
707 1994 869 2060 mortuo
904 1995 1109 2090 superstes
1145 1981 1283 2076 fuerit,
1327 1978 1378 2060 de
1420 1978 1608 2062 omnibus
1644 1978 1762 2062 bonis
1806 1980 2036 2066 mobilibusct

285 2091 579 2189 immobilibus,
621 2117 702 2202 que
736 2089 855 2171 simul
889 2091 1084 2174 habemus
1118 2109 1159 2172 et
1189 2092 1454 2201 possidemus,
1497 2089 1751 2174 medietatem
1781 2092 1924 2202 integre
1949 2099 2037 2202 perci·
2097 2145 2099 2224 t

283 2209 372 2317 piat
418 2213 477 2286 ac'
510 2201 683 2294 leuabit,
728 2201 805 2283 alia
841 2229 939 2282 vero
976 2199 1167 2284 medietas
1195 2201 1315 2285 cedat
1351 2201 1574 2284 Monastrio
1601 2202 1856 2312 supradicto,
1892 2207 1923 2284 si
1946 2223 2036 2290 auten

171 2366 175 2372 ·
285 2322 413 2428 ipsam
440 2329 534 2396 ante
564 2341 626 2394 me
657 2313 759 2395 mori
785 2314 1004 2421 contigerit
1044 2331 1142 2395 tunc
1175 2313 1342 2396 heredes
1378 2315 1503 2422 ipsius
1531 2315 1695 2396 terciam
1727 2333 1877 2422 partem
1903 2319 2036 2398 omniun
2098 2323 2099 2332 '

67 4757 69 4760 .
170 4714 183 4759 i

283 2430 487 2512 bonorum
529 2423 740 2505 mobilium
779 2427 1000 2507 secundum
1035 2422 1141 2533 leges
1183 2427 1313 2536 patrie
1355 2423 1659 2521 hereditabunt,
1704 2429 1754 2506 Jn
1785 2426 1921 2538 borum
1947 2444 2038 2509 auten
2097 2481 2099 2574 p

279 2537 559 2647 ,testimonium
587 2533 753 2618 euidens
780 2535 910 2644 sigilla
940 2533 1273 2620 Reuerendorum
1308 2533 1586 2632 dominorum,
1627 2534 1780 2618 domiui
1823 2539 1946 2646 Magni
1979 2565 2037 2646 gre
2098 2577 2099 2616 r

285 2653 489 2762 gorisson,
517 2664 558 2730 et
590 2645 745 2728 domini
773 2645 975 2730 benedicti
1004 2648 1207 2748 bouason,
1237 2645 1311 2732 nec
1340 2674 1425 2728 uon
1452 2663 1494 2730 et
1522 2646 1698 2758 sigillum
1728 2675 1860 2734 meum
1877 2653 2038 2760 proprian
2098 2651 2099 2742 J

284 2761 541 2873 presentibus
567 2775 663 2842 sunt
696 2786 886 2868 appensa.

636 2901 687 2967 Pa·
696 2901 892 2987 [reincidam
912 2901 1032 2964 Littera
1054 2901 1228 2966 testamenti
1254 2911 1286 2963 et
1307 2911 1426 2964 mortus
1448 2919 1542 2988 saper
1563 2892 1748 2984 W'ostodbs.

743 3016 891 3101 Sigides:
910 3021 950 3083 N.
975 3040 1002 3100 ι,
1020 3040 1041 3085 a
1059 3018 1212 3097 skadcde3
1234 3018 1252 3083 3
1274 3016 1380 3097 borte,
1401 3040 1522 3083 remma
1545 3040 1631 3106 qrcr.

297 3400 535 3600 173ss
674 3424 680 3439 '
915 3490 1056 3597 1291
1118 3452 1167 3569 a,
1221 3448 1298 3557 ‘18
1353 3454 1494 3597 nn
1938 3456 2099 3575 non,

367 3640 490 3704 Pisaeo
522 3638 676 3703 neonus
707 3636 780 3701 Νη
808 3636 899 3699 Bulla
927 3636 974 3699 titt
1002 3638 1194 3701 Abbedissor
1219 3636 1279 3703 och
1307 3640 1484 3703 Consentes
1506 3642 1541 3707 si
1559 3640 1590 3704 S.
1612 3641 1710 3706 Clare
1731 3640 1855 3725 orden,
1876 3664 1924 3706 om
1944 3642 2043 3705 bestiale

309 3808 320 3819 ᾖ
407 3724 477 3787 irin
499 3722 591 3805 aigist
612 3722 662 3785 titt
681 3717 801 3803 Pttlign
821 3720 968 3803 Legaters
988 3720 1167 3785 underhiib

1787 3810 1824 3865 Δ.
1849 3825 1871 3865 r.
1888 3810 1953 3874 (ι’)

396 3909 631 3991 Nrcuocnus
658 3906 872 4014 episcopus
899 3930 1042 3985 seruus
1068 3932 1279 3989 seruorum
1309 3904 1375 3987 dei
1403 3905 1560 3990 dilectis
1588 3910 1630 3989 in
1659 3908 1815 3992 christo
1828 3912 1974 3994 filiabus
1985 3907 2043 3987 mi·
2098 3882 2099 3891 ἦ

205 4093 215 4097 -
284 4019 410 4103 uersis
439 4016 651 4100 abbatissis
693 4030 735 4097 et
774 4018 1044 4098 conuentibus
1070 4045 1256 4098 sororum
1295 4016 1538 4099 inclusarum
1568 4024 1906 4105 monasteriorum
1932 4020 2045 4101 ordinis

283 4148 418 4214 sancte
446 4127 565 4225 clare,
592 4126 761 4207 salutem
789 4142 831 4206 et
857 4125 1120 4235 apostolicam
1149 4126 1495 4225 benediccionem,
1530 4146 1685 4239 quanto
1707 4132 1924 4217 studiosius
1936 4131 2045 4213 deuota

284 4257 417 4323 mente
447 4268 492 4322 ac
519 4237 664 4318 humili
704 4237 1072 4346 comtempiacionis
1109 4238 1248 4321 diuino
1289 4242 1438 4321 vacatis
1480 4238 1705 4349 obsequiis,
1746 4260 1864 4326 tanto
1895 4242 2044 4326 libencius

285 4368 418 4437 vestre
447 4350 557 4459 pacis
585 4375 851 4459 procuramus
877 4348 1092 4431 comodum
1120 4366 1162 4431 et
1189 4350 1355 4461 quietis,
1396 4350 1646 4433 attendentes
1689 4354 1815 4461 igitur
1857 4352 2046 4467 quodlicet

205 4550 208 4557 ,
285 4492 406 4577 quam
434 4461 609 4575 plurima
636 4460 878 4541 monasteria
907 4463 1031 4543 vestri
1058 4458 1213 4544 ordinis
1242 4464 1372 4545 varias
1409 4462 1678 4572 possessiones
1712 4469 1931 4575 optineant.
1971 4463 2045 4545 iden

324 4773 355 4856 ⁴)
375 4770 426 4845 Ur
444 4726 484 4833 en
510 4770 546 4835 ei
569 4769 905 4861 biioorite'rbrdderoas
933 4770 1071 4835 Gordian
1099 4772 1111 4835 i
1136 4770 1256 4859 Upt'els
1281 4770 1387 4847 &mou
1422 4774 1564 4857 utgifren
1591 4772 1771 4843 vidineticn
1805 4776 1847 4839 of
1867 4776 1980 4857 demas
1998 4773 2047 4835 &t

317 4877 320 4882 ⁴
380 4866 386 4877 ’
412 4853 500 4930 1345.
552 4851 666 4916 Finnes
697 4856 786 4917 tinen
815 4858 825 4917 i
852 4879 888 4918 en
919 4854 1098 4918 vidimation
1129 4858 1169 4939 pe
1197 4876 1335 4942 papper,
1367 4860 1508 4939 ntgisven
1530 4859 1565 4919 ai
1582 4859 1770 4947 Bisiopcme
1791 4862 1804 4927 i
1826 4852 2047 4948 Lintoptngcct

201 5014 206 5023 Ι
311 4951 315 4957 ’
407 4936 537 5018 chiii,
558 4938 701 5002 uteorum
720 4938 781 5002 oeb
802 4939 957 5018 Thomas,
978 4938 1042 5003 dac
1063 4938 1248 5003 Stcckbcim
1271 4940 1329 5003 deo
1356 4960 1389 5006 ια
1411 4942 1474 5022 bisi
1499 4940 1585 5006 1366.
