4317 5975
681 456 1046 605 ι--’459
1157 541 1217 565 -·

123 720 290 851 1483.
535 790 539 797 ·
724 723 892 835 '1305
934 715 982 834 d.
1030 745 1102 859 24
1149 726 1286 878 Sept
1608 723 1911 877 Linkbping.
1962 818 1966 837 .
2019 696 2022 699 Ι

192 943 481 1089 ΚοηὲιπςάΒιιίιὲε
501 944 676 1009 Gdl'rcbrel
695 946 741 1010 till
763 946 879 1029 Kongl.
899 949 1018 1029 astet,
1040 952 1249 1036 Domproiten
1272 950 1425 1015 Wimuud
1447 952 1457 1014 i
1478 952 1653 1036 Linl'o'ping
1676 950 1716 1034 pt
1738 971 1776 1013 en
1798 958 1878 1013 tomi
1898 948 1911 1011 i

244 1050 262 1089 n
283 1048 334 1088 mn
357 1048 409 1089 es
461 1070 473 1091 .

1650 1114 1693 1169 Ἀ.
1709 1114 1734 1167 6-
1752 1133 1777 1171 'a

219 1245 422 1325 Biaosnus
463 1243 530 1326 dei
566 1247 701 1353 gracia
741 1272 940 1327 sweorum
982 1246 1282 1359 gothorumque
1316 1250 1421 1346 Rex,
1465 1250 1660 1330 uniuersis
1702 1266 1908 1358 presentes

108 1354 264 1437 litteras
292 1355 546 1466 inspecturis,
575 1356 619 1465 jn
650 1356 815 1473 domino
843 1359 1020 1466 graciam
1049 1358 1310 1442 dileccionem
1334 1377 1374 1441 et
1402 1359 1585 1457 salutem,
1614 1360 1819 1443 Noueritis
1834 1388 1907 1441 nos

107 1467 352 1548 Honorabili
388 1468 477 1546 viro
514 1465 680 1550 domino
720 1468 932 1550 wimundo
976 1472 1187 1579 preposito
1229 1471 1453 1578 lincopensi
1496 1471 1724 1553 consiliario
1766 1490 1907 1554 nostro

105 1577 347 1689 predilecto‚
377 1576 580 1687 quandam
610 1608 743 1677 aream
778 1582 820 1659 in
856 1582 1031 1662 Ciuitate
1075 1582 1300 1691 lincopensi
1329 1585 1463 1684 sitam,
1494 1574 1535 1663 in
1565 1580 1819 1690 longitudine
1847 1586 1909 1663 vi·
1962 1598 1964 1603 “
2060 1608 2063 1615 ·

107 1692 210 1801 ginti
239 1709 340 1786 trec,
369 1691 410 1770 in
440 1690 655 1773 latitudine
685 1717 783 1771 vero
810 1687 946 1772 decem
962 1708 1003 1771 et
1018 1709 1112 1773 octo
1135 1694 1250 1775 vlnas
1268 1697 1560 1791 continentem,
1590 1696 1740 1772 curiam
1771 1695 1907 1801 Magni

107 1802 206 1884 dicti
233 1802 436 1881 kraemaere
463 1799 516 1881 ad
544 1803 761 1899 orientem,
804 1800 855 1882 ad
900 1801 1102 1883 meridiem
1132 1823 1266 1885 autem
1308 1806 1460 1891 curiam
1489 1802 1668 1885 Conradi
1697 1804 1906 1914 quondam

105 1912 202 1994 dicti
231 1911 447 1993 krohhand
476 1912 688 1994 habentem
724 1914 940 1996 contulisse
983 1915 1105 2024 pleno
1142 1916 1233 2023 jure
1270 1933 1468 2024 perpetuo
1491 1912 1799 2022 possidendam,
1843 1914 1907 1997 Ad

105 2028 320 2108 firmiorem
350 2026 475 2133 igitur
503 2042 542 2105 et
572 2026 794 2134 pleniorem
823 2025 943 2105 huius
973 2044 1108 2106 nostre
1146 2025 1381 2107 donacionis
1409 2016 1659 2107 euidenciam
1703 2043 1907 2133 presentes

105 2140 262 2219 litteras
290 2153 447 2216 nostras
490 2135 620 2218 eidem
649 2136 815 2218 domino
856 2139 935 2218 .W.
964 2139 1173 2247 preposito
1202 2138 1444 2219 contulimus
1472 2139 1591 2246 sigilli
1622 2138 1748 2217 nostri
1778 2140 1908 2217 muni·

105 2251 212 2330 mine
242 2250 465 2343 roboratas,
494 2251 642 2329 Datum
673 2250 849 2359 lincopie
878 2274 987 2329 anno
1016 2250 1167 2331 domini
1202 2250 1411 2331 Millesimo
1438 2248 1475 2329 T
1476 2252 1757 2331 rescentesimo
1785 2251 1906 2358 quin·

104 2361 330 2458 to,v111⁰.
360 2357 518 2443 kalend.
547 2361 737 2441 octobris.
791 2437 793 2442 ,

376 2497 496 2583 sigillet
516 2499 645 2563 sladadt
666 2502 676 2562 i
698 2499 864 2579 lanterna,
892 2500 1054 2581 htngandc
1074 2501 1117 2585 pt
1138 2522 1175 2563 en
1198 2522 1237 2564 ur
1258 2500 1382 2565 brefret
1402 2500 1504 2586 ttippt
1525 2520 1633 2563 remea.

113 2864 275 2996 1484.
422 2826 427 2833 >
495 2946 503 2959 ·
685 2852 689 2858 ¹
748 2864 900 2972 1305
947 2863 995 2969 d.
1045 2882 1117 2996 24
1163 2860 1276 2971 Oct
1403 2870 1409 2890 ⁶
1743 2858 1906 2964 Lund.

188 3085 417 3172 lrlebisiopcn
439 3085 520 3145 isias
542 3085 551 3143 i
573 3084 661 3145 Lund
685 3086 774 3148 bilall
806 3087 853 3148 till
876 3086 1019 3149 Kanilen
1051 3088 1214 3170 Holmgers
1246 3086 1408 3166 achillan,
1435 3098 1482 3150 att
1508 3084 1580 3148 med
1612 3086 1663 3146 sitt
1684 3082 1850 3172 leponilat
1871 3079 1904 3141 sd

106 3271 114 3282 “
236 3171 343 3231 foreas
364 3166 514 3251 Kattarps
534 3167 723 3251 lb‘rsamling.
1622 3247 1652 3302 B·
1672 3263 1694 3302 n
1715 3247 1770 3301 ¹33,

215 3392 341 3468 Jsanrt
372 3411 393 3467 s
423 3387 682 3467 miseracione
716 3388 854 3469 diuina
884 3389 1211 3497 archiepiscopus
1254 3386 1460 3470 lundensis
1489 3387 1619 3468 sueeie
1647 3385 1807 3493 primas.
1844 3379 1905 3460 di·

97 3501 210 3582 lecto
237 3499 331 3579 lilio,
392 3498 573 3604 ulmgero
599 3501 796 3579 canonico
823 3499 1022 3582 lundensi.
1052 3499 1244 3580 Salutem.
1302 3499 1390 3578 Tua
1433 3500 1527 3580 mihi
1558 3495 1778 3578 humillima
1809 3495 1905 3572 insi·
2026 3500 2039 3520 “

98 3613 301 3692 nuacioue
330 3611 562 3691 monstrasti
589 3609 701 3720 quod
746 3610 951 3719 prebenda
983 3628 1051 3692 tua
1081 3639 1202 3721 quam
1233 3610 1273 3690 in
1305 3610 1491 3690 lundensi
1534 3608 1700 3690 ecclesia
1729 3601 1780 3686 ad
1806 3612 1903 3712 prc-
2110 3603 2117 3615 '

96 3751 193 3808 sens
221 3721 414 3802 canonice
443 3723 621 3819 obtines,
664 3720 767 3802 adeo
794 3741 864 3805 est.
893 3730 965 3806 &a
996 3727 1079 3804 lilla
1106 3751 1187 3803 som
1215 3730 1232 3802 i
1245 3722 1443 3827 soljande
1471 3723 1553 3802 Ν.·ο
1588 3723 1690 3826 1490
1719 3738 1827 3800 utem
1855 3743 1905 3795 ex

96 3865 149 3918 ea
177 3840 272 3914 ist.
289 3836 336 3934 f.
363 3859 412 3912 ex
441 3837 499 3914 eis
526 3833 599 3913 och
627 3831 809 3942 precedit
836 3843 854 3915 i
878 3857 926 3916 st.
944 3839 989 3938 f.
1035 3833 1236 3940 precellit,
1271 3836 1335 3914 till
1375 3833 1579 3912 ecclesiam
1613 3828 1904 3940 parrochialem

98 3950 147 4028 in
175 3943 448 4054 hatathorp*)
492 3961 627 4024 nostre
658 3943 826 4024 diocesis
852 3960 965 4026 'cum
1008 3942 1195 4044 omnibus
1238 3942 1395 4049 juribus
1438 3960 1478 4021 et
1521 3941 1780 4050 pertinenciis
1823 3937 1905 4016 suis

96 4060 326 4139 Reseruato
357 4056 473 4135 nobis
499 4057 728 4163 nostrisque
756 4055 1054 4135 successoribus
1084 4054 1172 4161 jure
1207 4053 1496 4162 episcopali'in
1527 4051 1674 4132 eadem.
1717 4053 1778 4128 De
1807 4077 1903 4127 con·
1975 4141 1977 4148 Ι

95 4169 194 4251 silio
222 4184 263 4246 et
291 4193 488 4246 consensu
519 4167 686 4275 capituli
701 4163 906 4248 lundensis
934 4184 975 4247 et
1005 4166 1201 4245 nobilium
1219 4167 1407 4247 virorum.
1436 4166 1598 4246 Domini
1626 4161 1776 4242 Sewidi
1806 4161 1904 4239 dieti

98 4281 239 4366 altene.
268 4279 413 4358 militis.
443 4307 604 4359 necnon
625 4275 750 4386 synde
776 4293 950 4358 soteson.
979 4295 1019 4356 et
1047 4276 1420 4357 ebbonissoteson.
1448 4295 1488 4356 et
1516 4272 1700 4355 asmundi
1730 4273 1903 4379 jonoson

95 4392 408 4499 armigerorum.
435 4391 510 4498 qui
536 4389 599 4497 jus
628 4405 868 4497 patronatus
898 4388 1046 4472 habere
1067 4385 1334 4470 dinoscuntur
1364 4389 1405 4467 in
1435 4389 1585 4470 eadem.
1615 4385 1794 4495 predicte
1811 4409 1902 4490 pre·

96 4503 237 4586 bende
265 4521 335 4583 tue
364 4519 559 4609 perpetuo
588 4503 846 4581 annectimus.
877 4500 1071 4581 Volentes
1099 4516 1144 4579 vt
1172 4500 1390 4581 secundum
1422 4500 1615 4580 canonica
1645 4500 1828 4575 instituta
1860 4493 1900 4570 iu

95 4615 284 4726 predicta
314 4611 477 4691 ecclesia
508 4609 711 4719 ydoneum
740 4628 780 4691 et
809 4628 1048 4720 perpetuum
1066 4612 1214 4691 habeas
1236 4613 1425 4690 vicarium
1452 4611 1642 4689 canonice
1661 4607 1902 4696 institutum.

96 4729 176 4840 qui
206 4753 281 4833 pro
310 4751 380 4805 sua
411 4724 715 4803 sustentacione.
744 4738 1031 4836 congruentem
1062 4723 1113 4803 de
1142 4723 1267 4832 ipsius
1282 4721 1444 4802 ecclesie
1462 4719 1725 4830 prurientibus
1755 4715 1905 4794 habeat

95 4839 350 4948 porcionem.
381 4836 579 4915 Preterea.
609 4832 683 4914 hec
712 4851 911 4942 perpetuo
940 4831 1147 4914 obseruari
1177 4833 1359 4914 volumus
1387 4834 1463 4913 sub
1478 4834 1705 4941 juramento
1733 4827 1904 4938 prestito

95 5019 376 5038 -ῌ

144 5085 172 5159 ‘l
194 5079 441 5161 Forsamliugem
461 5095 555 5141 namn
576 5086 610 5138 tr
630 5075 805 5139 tillelrisret
827 5025 1009 5157 ilamensi
1025 5079 1112 5141 stalle
1134 5077 1387 5164 lh'i·ltttilatborp,
1409 5099 1472 5141 scm
1498 5079 1505 5136 i
1528 5085 1671 5140 textentr
1690 5073 1904 5162 birmetrule't.
