4317 5975
867 344 1452 512 ·.··491···s

111 696 114 700 ,
184 606 351 749 1537.
418 635 467 721 “,
780 607 927 749 1307
976 608 1024 713 d.
1071 614 1148 723 28
1194 612 1360 753 Mars,
1664 612 1975 763 ‘Nylropiug

180 814 188 827 ”
251 827 435 906 Hertigacne
456 823 555 890 Eurus
574 825 635 889 och
657 830 859 891 witmau
878 828 1072 897 secuturus·
1090 834 1128 913 pt
1150 830 1267 916 Upsala
1290 830 1405 915 lyrbes
1425 828 1486 895 och
1508 830 1586 895 stills
1607 831 1669 896 ulla
1690 798 1776 901 sdrul
1798 835 1974 918 uudldngne

302 910 492 995 privilegiet,
514 910 575 973 och
596 910 757 976 serskildts
779 910 974 992 stndgcudca·
989 924 1041 976 mu
1054 916 1123 977 tdeu
1145 917 1186 979 sb
1200 915 1321 983 hellade
1344 915 1570 997 lattigtiondeu.

1665 1037 1700 1089 Δ.
1718 1038 1741 1090 3.
1762 1056 1785 1090 a.
1804 1040 1838 1102 *).
1910 1065 1914 1073 ,

1986 1089 1998 1123 b

278 1194 484 1276 Vniuersis
515 1193 902 1302 presentes‘litteras
932 1196 1076 1276 visuris
1106 1195 1170 1276 uel
1198 1193 1397 1277 audituris
1418 1198 1465 1311 ¹),
1503 1201 1652 1281 Entous
1680 1218 1720 1280 et
1749 1224 2027 1285 wunnerus-*1

167 1336 242 1391 nus
261 1310 294 1423 ².)
325 1309 388 1388 dei
418 1308 550 1415 gracia
582 1306 703 1386 duces
731 1333 934 1388 sweorum
951 1304 1008 1418 3),1
1033 1308 1198 1389 salutem
1228 1310 1267 1387 in
1300 1308 1465 1389 domino
1493 1314 1776 1417 sempiternam
1796 1312 1842 1426 l),
1873 1304 1989 1395 Pro?
2110 1394 2112 1401 ,

168 1423 394 1530 genitorum
425 1448 470 1498 ac
488 1418 521 1531 5)
553 1411 873 1527 predecessorum
892 1433 1123 1499 nostrorum
1141 1420 1321 1526 uestigiis
1349 1435 1437 1501 toto
1453 1425 1661 1505 conamine
1677 1425 1906 1505 inherentes
1923 1427 1969 1539 ⁶),

167 1550 207 1614 'et
236 1534 426 1643 precipue
456 1535 496 1611 in
527 1530 601 1611 biis
630 1558 710 1641 que
739 1530 790 1608 ad
821 1531 1146 1635 diuiui'bonoris
1182 1534 1335 1612 cultum
1366 1550 1550 1642 spectant
1566 1532 1613 1644 7),'
1642 1552 1682 1615 et
1709 1537 1877 1617 salutem
1908 1566 1971 1618 re-

38 1672 41 1678 ’
167 1638 343 1755 spiciunt
386 1644 629 1736 animarum,
670 1641 1084 1751 Tenoreprese'ueium
1113 1642 1280 1723 facimus
1309 1648 1581 1741 manifestum,
1616 1644 1970 1757 quodpriu'ilegia
2025 1640 2032 1649 ⁴

167 1760 301 1842 omnia
320 1755 524 1837 indultaet
543 1753 745 1833 libertates
761 1762 966 1833 concessas
978 1781 999 1832 u
1019 1754 1368 1861 predecessoribus
1385 1759 1585 1838 nostriset
1602 1746 1840 1865 precipue‘a
1858 1776 1971 1866 patre

169 1888 307 1951 nostro
323 1868 542 1961 karissimo
558 1864 682 1944 felicis
699 1864 995 1945 recordacionis
1013 1866 1122 1973 Rege
1135 1858 1294 1973 Magum
1310 1896 1357 1948 ac
1375 1870 1409 1973 ⁸)
1440 1868 1564 1949 fratre
1586 1884 1738 1965 nostro,
1754 1867 1920 1950 domino
1936 1870 1970 1981 ⁹)

164 1984 274 2090 Rege
305 1982 490 2088 Birgero‚
535 1975 731 2084 upsalensi
761 1976 925 2057 ecclesie
955 1977 1003 2085 ¹⁰)
1035 1992 1076 2055 et
1104 1979 1293 2058 ministris
1326 1978 1523 2077 ciusdem,
1553 2008 1600 2061 ac
1628 1980 1782 2061 clericis
1811 1998 1852 2061 et
1880 1982 1970 2089 alijs
2094 1976 2098 1989 ’

163 2094 387 2173 eorundem
419 2090 598 2199 personis
626 2088 939 2197 quibuscunque
967 2088 1151 2186 diocesis
1171 2090 1390 2199 upsalensis
1420 2094 1662 2171 auctoritate
1692 2108 1843 2187 nostru,
1875 2113 1973 2174 nec-²
2046 2176 2048 2184 ,

165 2235 246 2285 nou
277 2203 595 2285 declaracionem
631 2217 671 2280 et
700 2200 1061 2309 approbacionem‚
1105 2200 1226 2281 lactas
1256 2230 1329 2311 per
1359 2199 1559 2310 predictos
1603 2229 1714 2309 reges
1748 2230 1870 2310 super
1899 2201 1968 2285 de-
2077 2294 2083 2301 ,

164 2319 274 2396 cimis
303 2312 625 2407 canonicalibus,
661 2340 742 2421 qne
770 2312 871 2394 oliiis'
894 2326 1196 2392 consueuerant
1225 2312 1378 2394 decime
1408 2340 1630 2422 pauperum
1661 2316 1867 2424 wlgariter
1897 2345 1969 2424 ap-¹

166 2429 327 2535 pellaci,
358 2425 648 2533 approbamus,
694 2442 892 2532 perpetuo
934 2424 1194 2519 ratificamus,
1236 2443 1275 2504 et
1318 2427 1707 2531 tenoreprescncium
1738 2424 1966 2536 ‚irrelragsu
2085 2498 2088 2506 .

164 2540 300 2619 biliter
328 2540 569 2616 iunouamus
610 2532 828 2615 secundum
871 2548 1032 2615 tenores
1074 2535 1296 2616 litterarum
1327 2565 1350 2616 a
1378 2537 1568 2645 predictis
1611 2538 1776 2645 regibus
1805 2565 1967 2619 conces·

162 2680 317 2747 sarum,
345 2649 444 2731 acsi
468 2646 722 2755 presentibus
749 2644 800 2728 de
829 2646 956 2727 uerbo
980 2645 1032 2726 ad
1061 2646 1232 2727 uerbum
1257 2663 1389 2751 essent
1411 2648 1589 2755 expressi
1617 2664 1656 2727 et
1685 2650 1839 2745 inserti,
1871 2653 1968 2731 Pro·

163 2762 346 2843 bibentes
376 2760 541 2840 tirmiter
569 2776 610 2839 et
641 2756 820 2838 districtc
849 2753 899 2838 ue
927 2758 1019 2867 quis
1047 2755 1547 2869 cuiuscunquedignitatis
1578 2758 1642 2840 uel
1673 2762 1967 2868 preeminencie

165 2890 368 2981 presumat
395 2872 498 2956 hanc
527 2870 854 2979 predecessorum
883 2888 1113 2952 nostrorum
1145 2886 1185 2951 ct
1214 2886 1394 2952 nostram
1424 2872 1720 2967 concessionem
1745 2870 1965 2981 infringere

161 3015 227 3067 seu
258 2982 565 3095 quomodolibet
594 2979 748 3063 uiolare
778 2981 845 3096 ¹¹),
890 2999 1013 3090 prout
1050 3000 1227 3064 nostram
1271 2982 1594 3090 indignacionem
1624 3011 1672 3064 ac
1701 2984 1750 3088 ¹²)
1795 2983 1967 3064 ulcionis

161 3098 412 3178 acerbissime
441 3095 600 3176 aculeos
627 3091 801 3174 volucrit
830 3096 995 3175 euitare.
1036 3096 1088 3174 Jn
1116 3096 1231 3174 cuius
1259 3097 1317 3175 rei
1345 3087 1637 3192 testimonium,
1666 3095 1797 3201 sigilla
1829 3112 1964 3175 nostra
2087 3093 2090 3099 ’

160 3203 416 3318 presentibus
443 3224 538 3286 sunt
566 3211 766 3317 appensa,
794 3209 944 3288 Datum
973 3206 1149 3314 nycopie
1180 3204 1239 3318 13).
1269 3211 1388 3290 Anno
1417 3206 1583 3289 domini.
1611 3205 1965 3290 M⁹.CCC⁰.VII⁰.

160 3321 281 3401 tercia
314 3319 361 3430 14)
390 3319 487 3412 feria
518 3344 648 3427 pasce.
732 3411 738 3422 ,

160 3464 208 3526 Pa
219 3463 418 3550 srdnsiclaa:
441 3463 601 3545 priuilegio
622 3473 653 3526 et
674 3461 832 3524 libertates
853 3461 1003 3545 upsalensi
1034 3460 1162 3522 ecclesie
1182 3469 1214 3522 ct
1236 3462 1302 3522 eius
1322 3463 1406 3522 clero
1428 3481 1585 3526 concessos
1611 3481 1667 3546 per
1689 3459 1788 3542 Reges
1814 3463 1965 3540 Magnum

241 3558 272 3608 et
295 3547 454 3626 Birgos-um
476 3545 587 3611 Ericus
606 3557 637 3610 et
658 3545 879 3612 waldemarus
898 3545 995 3610 duces
1014 3545 1201 3608 confirmant
1222 3545 1304 3609 trem
1332 3544 1465 3608 decimae
1496 3547 1690 3610 canonicales
1711 3545 1810 3608 dictas
1830 3543 1985 3606 decimus*

238 3649 423 3714 pauperum.

492 3745 613 3828 sigillet
634 3746 694 3808 Nto
720 3767 730 3807 ι
757 3745 881 3829 myclret
900 3742 1047 3828 skadadt,
1074 3743 1135 3806 Nto
1157 3765 1175 3808 a
1199 3744 1374 3824 bortfallet,
1396 3765 1518 3808 remsau
1540 3766 1627 3828 qvur.

103 4041 113 4052 .
196 4002 223 4076 ι·)
244 3995 300 4058 Ett
321 3981 414 4056 const
435 3994 565 4076 original
586 3995 683 4056 lienes
707 3993 776 4058 med
798 3994 932 4076 ffil'pude
953 3996 1125 4060 olilheters
1171 3999 1199 4075 ι)
1221 3995 1400 4078 inspecturis
1433 3998 1447 4056 ἰ
1462 4007 1502 4060 st.
1514 3995 1550 4078 s.
1573 3993 1681 4056 visuris
1709 3991 1759 4052 uel
1793 3991 1961 4068 audiun-iu

161 4083 164 4088 ’
240 4086 270 4158 a)
292 4081 348 4143 W.
379 4079 417 4161 ³)
437 4080 552 4155 suade,
583 4079 616 4154 4)
635 4077 722 4140 ihesu
743 4079 860 4142 cbristo
879 4082 895 4140 ι’
915 4093 952 4142 st.
963 4083 999 4162 f.
1018 4082 1235 4164 sempiternam
1280 4077 1311 4156 5)
1332 4088 1362 4138 et
1398 4076 1430 4154 6)
1452 4077 1629 4141 inherercre
1662 4077 1820 4158 cupientes
1843 4080 1912 4136 ist.
1923 4081 1959 4156 J.

238 4161 420 4229 inherentes¹
451 4167 481 4239 7)
502 4171 534 4222 et
555 4162 657 4223 cultus
683 4173 822 4246 spectant
843 4171 1061 4246 augmentum,
1092 4167 1108 4227 ἰ
1127 4164 1215 4243 suf.
1239 4162 1357 4223 cultum
1378 4169 1516 4245 spectant
1554 4159 1638 4240 8)et
1676 4165 1706 4244 9]
1729 4159 1863 4217 Domino
1891 4171 1959 4218 ate-

239 4249 332 4308 slutrt
374 4249 421 4323 ro)
439 4245 578 4309 Ecclesie
599 4246 748 4328 upsalensi
779 4251 828 4323 rt)
844 4246 995 4328 impedire
1023 4251 1071 4321 ra)
1092 4257 1124 4308 et
1142 4245 1200 4326 Ι13)
1218 4249 1331 4308 Actum
1354 4255 1384 4306 et
1405 4244 1514 4304 datum
1537 4242 1620 4326 apud
1643 4241 1815 4325 Nycopiam
1843 4241 1889 4316 nl)
1905 4241 1960 4314 lll.

238 4329 287 4390 Pe
297 4330 475 4410 srdmidan
494 4330 539 4410 as
553 4328 641 4391 detta
660 4331 814 4412 orr'giual:
845 4327 947 4412 Super
968 4331 1135 4413 priuilegiis
1150 4349 1216 4414 ,pec
1236 4327 1364 4394 Emeum
1386 4339 1415 4390 et
1439 4327 1491 4392 W.
1513 4326 1606 4388 duces
1639 4327 1828 4390 confirmatis
1848 4335 1880 4384 et
1902 4323 1958 4384 de·
2010 4365 2011 4372 κ

236 4413 323 4472 cirnis
344 4414 581 4476 canonicalibus.
603 4409 716 4474 Under
735 4411 907 4475 dersamma
917 4410 1033 4500 finnus
1053 4433 1121 4476 mue
1142 4433 1279 4486 remor,
1300 4411 1473 4492 boorisrdn
1492 4412 1619 4492 st'gt'llen
1642 4409 1809 4490 bortsallr't.
