4317 5975
681 409 699 482 ς
768 407 845 435 .-
952 365 1029 448 611
1145 413 1204 430 -

90 570 265 666 simonia
294 605 372 688 pro
398 594 550 686 septem
577 578 751 661 marchis
779 579 928 678 denar,
958 587 1060 664 Jtem
1090 590 1223 698 recepi
1252 589 1303 670 de
1331 587 1465 684 sahptri
1495 593 1537 671 in
1558 585 1748 674 'attundia
1765 595 1913 704 'quin-¹

97 690 226 775 decim
262 689 446 772 marchas
479 690 629 788 denar,
658 699 683 771 'l
713 691 875 774 Summa
911 695 1046 776 CLX²³
1080 701 1239 797 marche
1267 698 1419 799 denar,
1449 701 1498 783 de
1527 705 1613 784 istis
1642 733 1716 814 per
1746 709 1892 788 mesic

32 831 37 851 t
98 804 241 886 leuatis
268 803 336 884 uel
364 807 554 911 receptis,
581 806 632 884 Jn
662 805 803 914 primis
830 810 1008 887 commisi
1037 811 1203 892 domino
1233 813 1405 894 Nicolao
1444 816 1654 896 scolastico
1694 818 1892 928 vpsalensi

77 917 240 1024 ,viginti
276 915 460 994 marchas
492 912 632 994 denar.
665 918 717 998 de
750 920 941 998 mandato
983 921 1174 1027 Capituli,
1218 927 1324 1006 Jtem
1366 926 1469 1006 solui
1511 926 1674 1009 domino
1722 927 1892 1036 johanni

94 1029 144 1110 de
179 1025 482 1107 resbohuudere
509 1030 708 1110 canonico
734 1029 936 1136 vpsalensi
963 1027 1100 1110 decem
1146 1037 1345 1132 marchas,
1393 1041 1496 1118 Jtem
1537 1043 1673 1121 conlisi
1723 1040 1892 1147 johanni
1931 1081 1934 1088 ·

94 1140 302 1247 gasabogb
331 1138 473 1245 viginti
501 1157 680 1246 quatuor
709 1138 890 1220 marchas
918 1139 970 1220 de
1005 1146 1174 1248 pecunia
1218 1143 1475 1229 domininici
1519 1151 1810 1260 archiepiscopi
1840 1177 1890 1230 ex

96 1250 288 1332 mandato
313 1248 502 1358 capituli,
545 1277 623 1357 pro
664 1251 815 1362 quibus
855 1253 1133 1358 inpignorauit
1178 1257 1361 1363 predium
1403 1286 1518 1340 suum
1561 1262 1748 1344 videlicet
1790 1257 1891 1340 duas

93 1390 189 1442 oras
211 1381 319 1444 terre
347 1363 388 1440 in
416 1359 684 1461 slsulhambri,
710 1392 831 1472 quarn
860 1379 1010 1442 terram
1038 1366 1207 1446 redemit
1235 1385 1277 1447 et
1307 1372 1517 1477 pecuniam
1535 1375 1715 1481 capitulo
1736 1397 1891 1453 recom-

92 1474 220 1572 misit,
245 1476 349 1552 Jtem
380 1470 643 1581 expendimus
671 1473 858 1555 dominus
886 1490 1057 1582 elymas,
1099 1483 1288 1584 magister
1313 1481 1513 1561 nicolaus
1554 1501 1595 1584 et
1629 1487 1744 1592 Ego,
1784 1499 1891 1564 stoe-

94 1586 203 1666 holm
233 1581 369 1665 eundo
396 1603 435 1664 et
464 1584 521 1664 ibi
551 1587 748 1667 manendo
770 1586 813 1665 in
848 1587 1015 1666 ecclesie
1053 1593 1234 1694 negociis
1274 1619 1343 1673 sex
1393 1593 1594 1690 marchas,
1638 1599 1742 1676 Jtem
1785 1593 1890 1674 solui

94 1725 172 1804 pro
200 1696 390 1778 mantello
418 1712 459 1775 et
482 1698 618 1780 tunica
649 1698 781 1779 villice
807 1699 851 1779 iu
881 1698 978 1778 aher
1003 1717 1099 1781 octo
1128 1701 1328 1800 marchas,
1370 1721 1410 1782 et
1448 1733 1522 1810 pro
1555 1733 1655 1812 capa
1685 1725 1724 1786 et
1752 1698 1889 1785 tunica

93 1809 216 1888 villici
245 1807 392 1888 ibidem
426 1823 525 1910 octo
563 1812 763 1906 marchas,
804 1837 906 1920 quas
940 1809 1129 1892 domiuus
1165 1842 1277 1894 meus
1318 1813 1663 1924 archiepiscopus,
1705 1813 1891 1895 dominus
1950 1819 1951 1822 ’
2009 1818 2012 1824 '
2060 1801 2065 1807 ¹
2110 1867 2113 1874 ·

92 1919 287 2000 Nicolaus
315 1918 424 1998 bone
452 1922 641 2000 memorie
669 1923 726 2002 eis
756 1923 940 2029 promisit
981 1921 1077 2003 dum
1122 1917 1256 2004 adhue
1298 1926 1472 2020 viueret,
1509 1931 1619 2007 ,Jtem
1663 1927 1769 2006 solui
1812 1951 1889 2032 pro

92 2033 227 2112 tunica
258 2029 443 2109 iohannis
472 2031 513 2109 in
542 2058 685 2112 norum
716 2026 891 2140 quatuor
921 2035 1120 2129 marchas,
1156 2035 1399 2114 ltern**sol'ui
1445 2066 1517 2143 pro
1559 2038 1714 2118 Tunica
1757 2035 1893 2116 villice
1984 2029 1988 2038 ’

91 2145 133 2222 iu
163 2139 295 2222 alsehe
324 2138 427 2220 duas
463 2142 664 2244 marchas,
692 2145 1006 2226 ltemcommisi
1040 2143 1205 2226 domino
1247 2148 1430 2254 gunnoni
1476 2151 1626 2228 vicario
1671 2149 1721 2229 de
1765 2147 1896 2248 choro

90 2269 271 2364 quatuor
301 2251 480 2332 marchas
507 2251 674 2361 quando
704 2253 778 2334 iuit
806 2255 848 2332 iu
876 2256 1098 2363 ostgoeiam
1127 2273 1168 2335 et
1196 2261 1451 2365 westgociam
1482 2261 1522 2338 in
1554 2261 1731 2367 negociis
1764 2259 1890 2338 ecole-

91 2369 161 2449 sie.
205 2365 308 2444 Jtem
337 2361 526 2471 expendi,
554 2365 779 2474 Nycopiaru
807 2362 945 2446 eundo
973 2385 1015 2448 et
1042 2366 1253 2448 redeundo
1281 2396 1372 2449 cum
1402 2371 1528 2455 exiret
1556 2369 1744 2450 domiuus
1779 2395 1892 2448 meus

91 2478 142 2558 de
172 2476 356 2584 Nycopia
386 2476 466 2555 ‚VL
496 2475 689 2556 marchas.
746 2480 851 2557 Jtem
879 2477 985 2557 solui
1020 2507 1096 2586 pro
1134 2479 1211 2558 tela
1255 2479 1307 2560 ad
1351 2507 1486 2560 saccos
1521 2481 1661 2562 vfarine
1689 2479 1892 2566 marcham

75 2588 443 2682 ‹denarss'Summm
469 2587 700 2692 Nonaginta
728 2605 811 2668 tres
838 2589 1016 2686 marche,
1044 2592 1149 2670 Jtem
1174 2589 1341 2680 ,Teneor
1375 2589 1541 2672 domino
1574 2620 1660 2672 meo
1689 2589 1890 2698 arehiepi-

91 2696 220 2808 s’copo
248 2699 405 2779 Nouem
434 2699 618 2778 marchas
642 2700 801 2807 argenti
829 2699 923 2807 puri
952 2728 1043 2779 cum
1073 2699 1235 2780 dimidia
1272 2729 1349 2809 pro
1377 2701 1528 2811 quibus
1567 2706 1690 2784 eciam
1725 2700 1890 2783 vendita

91 2811 172 2891 fuit
201 2837 362 2890 annona
392 2810 434 2888 in
464 2809 727 2916 guthlandia,
755 2814 858 2890 Jtem
887 2807 1048 2892 Teneor
1075 2841 1150 2919 ego
1180 2813 1335 2892 Olauus
1369 2814 1695 2912 archidiaconus,
1736 2813 1892 2894 fabrice

91 2923 257 3005 ecclesie
285 2921 505 3031 upsalensis
534 2920 578 3001 in
605 2925 802 3003 vuiuerso
825 2937 865 3002 et
895 2951 968 3031 per
995 2923 1151 3032 singula
1184 2923 1321 3009 decem
1350 2944 1390 3006 et
1420 2942 1513 3006 octo
1542 2929 1725 3008 marchas
1753 2923 1889 3024 denar.
1930 3021 1933 3033 Ι

91 3038 132 3114 et
160 3034 261 3116 duas
288 3062 382 3114 oras
408 3062 500 3113 curn
529 3050 706 3142 quatuor
735 3034 918 3114 denariis.
976 3038 1079 3114 item
1113 3032 1273 3116 Teneor
1295 3038 1463 3143 ecclesie
1487 3068 1570 3119 mee
1592 3037 1642 3117 de
1671 3036 1820 3145 baeling
1848 3038 1891 3116 in

89 3150 280 3227 uniuerso
309 3147 454 3255 viginti
481 3166 632 3253 septeni
661 3144 842 3226 marchas
870 3144 1010 3225 denar.
1039 3148 1113 3227 Jsti
1141 3146 1352 3230 'I'enentur
1380 3148 1552 3239 domino,
1576 3178 1664 3229 meo
1691 3148 1891 3257 archiepi-

91 3285 217 3367 scopo
247 3258 460 3365 pecnniam
488 3286 564 3364 pro
594 3285 775 3354 annona,
810 3253 996 3337 dominus
1035 3258 1208 3363 Magnus
1236 3261 1424 3367 gregorii,
1464 3262 1675 3341 duodecim
1706 3259 1892 3340 marchas

92 3372 245 3465 denar,
273 3384 313 3448 et
342 3368 615 3475 inpignerauit
631 3367 813 3475 predium
843 3396 982 3464 suurn,
1011 3366 1195 3449 videlicet
1226 3398 1293 3448 sex
1322 3370 1472 3451 solidos
1500 3391 1606 3452 terre
1629 3375 1669 3451 in
1696 3370 1891 3479 parochia

23 3508 27 3511 ⁴
91 3478 399 3561 reshohundere
427 3478 521 3558 villa
551 3482 686 3586 greni,
714 3477 1047 3585 Jtemjobaunes
1075 3482 1309 3587 byrgirsson
1340 3499 1435 3562 octo
1464 3484 1643 3562 marchas
1667 3485 1746 3592 ,qui
1766 3482 1891 3562 eciam

91 3592 365 3701 inpignorauit
395 3591 578 3698 predium
609 3618 726 3670 sunm
755 3590 941 3670 videlicet
970 3589 1073 3669 duos
1103 3590 1251 3671 solidos
1280 3610 1386 3672 terre
1415 3598 1455 3673 in
1486 3594 1580 3673 villa
1610 3610 1793 3687 asterretr
1819 3620 1892 3700 pa·

90 3705 231 3784 rochia
261 3702 380 3784 Riud.
436 3704 539 3780 Jtem
570 3701 622 3783 de
657 3700 907 3784 Crohaestum
945 3700 1168 3781 hidhinnus
1203 3720 1383 3809 quatuor
1424 3705 1602 3783 marchas
1639 3706 1777 3787 denar.
1812 3730 1891 3811 pro

89 3814 256 3895 dimidia
287 3814 383 3894 lesta
413 3841 585 3892 aunone.
644 3816 746 3891 item
777 3813 934 3890 Olauus
962 3812 1012 3889 de
1038 3813 1268 3918 lpgbamar,
1298 3830 1475 3921 quatuor
1514 3817 1694 3894 marchas
1723 3839 1800 3923 pro
1828 3811 1890 3892 di·

89 3926 213 4006 midia
243 3925 340 4003 lesta
369 3952 548 4019 annone,
575 3926 675 4003 Jtem
706 3938 868 4001 tenetur
897 3918 1062 4001 domino
1093 3949 1180 4000 meo
1209 3924 1514 4032 archiepiscopo
1539 3924 1725 4005 dominus
1751 3938 1892 4031 petrus

16 4073 23 4087 ·
88 4033 143 4118 do
169 4036 453 4143 Riugbohered
490 4052 575 4145 tres
609 4034 793 4115 marchas
835 4033 1001 4141 argenti
1034 4034 1149 4142 puri,
1193 4034 1256 4113 uel
1299 4030 1509 4115 'tredecim
1554 4062 1706 4117 marcas
1749 4032 1889 4116 denar.

88 4178 184 4229 cum
213 4148 375 4229 dimidia
407 4174 483 4255 pro
511 4147 669 4228 duabus
698 4144 807 4227 lestis
835 4173 1008 4225 annone.

86 4445 303 4601 (668.Ι
494 4549 497 4555 ¹
724 4431 1093 4633 1310ds17
1141 4491 1258 4635 Maj.
1524 4442 1529 4453 Ι
1687 4416 1890 4639 llpsala.

175 4660 320 4764 llplands
341 4682 545 4762 Lagmannen
565 4682 679 4742 Bicera
701 4678 882 4756 Panassons,
913 4680 1045 4756 Maoaus
1075 4678 1300 4753 Gnaonnssors,
1332 4676 1448 4739 Priora
1475 4679 1485 4735 i
1513 4673 1647 4760 Sigtnna
1677 4670 1797 4741 lsnaais
1827 4680 1889 4743 och

214 4765 530 4829 Minoriter-Ordeus
547 4763 781 4839 Fiirestdndare
799 4763 874 4824 Nus
893 4762 1082 4824 vidimatiou
1098 4762 1134 4822 ef
1144 4759 1361 4846 iirkedjeliuen
1372 4759 1666 4897 Olossldregdeudp
1676 4760 1888 4915 rpdogiirelse.

1664 4881 1674 4897 .
1709 4880 1716 4898 .
1733 4863 1757 4901 a.

205 4950 406 5033 Omnibus
435 4966 642 5060 presentes
670 4950 823 5029 litteras
848 4947 1097 5056 Jnspecturis
1123 4946 1340 5027 Bracaros
1372 4954 1605 5027 rmrsnss'ort
1642 4944 1782 5055 legiler
1816 4976 1890 5057 vp-

88 5058 341 5164 landiarum,
381 5064 558 5170 Maccus
587 5086 862 5156 oauoonssoa,
888 5059 1030 5140 Frater
1063 5060 1213 5141 Jsaasu
1254 5060 1369 5168 prior
1402 5058 1665 5139 sictunieusis.
1695 5088 1721 5141 r
1749 5117 1758 5139 .
1788 5118 1799 5140 .
1830 5120 1840 5141 .
1869 5086 1891 5140 a·
