4317 5975
919 403 1447 521 ,-106.·-·-'

241 680 245 691 =
340 654 342 659 '
391 644 590 729 Dominus
616 638 771 723 Olauus
798 638 1029 723 Canonicus
1055 639 1220 725 ecclesie
1247 657 1384 724 nostre
1420 654 1583 722 tenetur
1617 666 1696 769 pro
1722 666 1896 747 ‚annona
1930 645 2069 751 prioris
2137 686 2143 695 ¹

280 757 378 841 anni
420 754 609 865 primum]
631 778 708 863 pro
750 747 876 832 uidua
921 754 966 836 in
1005 753 1151 863 hyrwa
1193 752 1287 837 XII.
1328 779 1431 835 oras.
1460 778 1540 862 pro
1585 754 1721 834 noino
1763 748 1886 835 vidue
1925 752 2067 837 ibidem

279 896 402 951 marc.
431 867 522 948 den.
594 908 599 919 ·

388 976 586 1058 Dominus
619 974 885 1082 Hemmingus
926 976 1157 1063 Canonicus
1198 990 1362 1060 tenetur
1401 972 1555 1057 labrice
1595 971 1688 1056 XII.
1728 995 1839 1057 oras*
1872 1000 1950 1084 pro
1995 1003 2071 1061 vno
2146 991 2147 998 ‘

278 1114 385 1201 equo
412 1115 503 1169 rece
534 1103 578 1166 to
604 1085 658 1193 ¹ab
689 1086 877 1168 Ecclesia.
914 1087 917 1097 ⁴

387 1116 568 1281 Heredes
596 1197 741 1278 nicolai
770 1197 870 1279 obse
897 1226 1023 1283 sunm
1056 1215 1249 1283 tenentur
1289 1224 1368 1309 pro
1409 1193 1549 1276 debito
1589 1190 1704 1308 quod
1746 1191 1852 1275 idem
1896 1193 2070 1279 nicolaus

276 1313 478 1395 contraxit
507 1311 550 1389 in
578 1312 690 1390 curia
717 1308 848 1404 XXV.
877 1324 957 1395 tur.
983 1340 1144 1421 grossos
1171 1341 1264 1394 cum
1300 1306 1469 1392 dimidio
1509 1334 1595 1419 quo
1636 1306 1776 1387 valent
1819 1306 1864 1386 in
1905 1309 2069 1417 pecunia
2127 1322 2132 1338 '

275 1434 417 1505 nostra
445 1420 536 1504 XX.
565 1448 657 1501 oras
685 1418 822 1501 denar.
852 1422 917 1501 vel
946 1424 1063 1508 circa.
1091 1451 1186 1506 vasa
1221 1424 1285 1505 .lI.
1333 1433 1526 1530 argentea
1571 1422 1612 1498 8<
1659 1416 1886 1499 cochlearia
1928 1418 2069 1503 vende·

134 1622 137 1627 ,
273 1534 426 1617 bantur
453 1534 497 1613 in
526 1533 649 1615 curia.
676 1560 754 1639 pro
781 1532 908 1613 LXX.
937 1548 1018 1616 tur.
1047 1537 1196 1643 grossis
1223 1540 1264 1616 8r
1297 1532 1486 1614 dominus
1532 1530 1646 1609 Suno
1687 1528 1785 1610 Criil
1827 1534 2007 1610 tenetur?
2028 1531 2068 1611 in

179 1690 188 1707 .
275 1647 335 1728 .V.
364 1644 518 1727 Marcis.
547 1644 750 1725 Christina
779 1660 906 1723 mater
933 1632 1077 1755 joseph
1112 1648 1157 1727 in
1197 1646 1290 1728 XII.
1333 1645 1415 1725 oris
1456 1641 1673 1722 tenebatur
1714 1667 1794 1752 que
1834 1658 2067 1749 exposuerat

274 1753 464 1869 predium
492 1757 536 1835 in
564 1753 710 1861 stabby
737 1754 986 1865 equiualens.
1016 1756 1172 1866 Jgnoro
1198 1760 1233 1840 si
1261 1755 1384 1855 soluit
1411 1782 1488 1834 nec
1515 1781 1579 1833 ne.

277 1888 281 1903 '
387 1866 604 1949 Serskildt:
633 1866 696 1946 Ex
723 1882 835 1971 parte
863 1866 1014 1949 fabrice
1043 1884 1228 1949 tenemur
1262 1866 1440 1951 Ecclesie
1475 1863 1657 1945 Kalmari
1690 1863 1875 1973 quinque
1912 1888 2066 1941 marcas.

275 1977 445 2059 Cuidam
476 1977 648 2085 paruulo
676 1974 803 2058 silicet
829 1978 1017 2085 stephani
1051 1978 1238 2087 lapicide,
1265 1982 1310 2061 in
1350 1995 1529 2090 quatuor
1569 2003 1701 2058 marc.
1732 1974 1909 2055 Ecclesie
1951 1969 2067 2080 dathy

168 2084 171 2089 ’
275 2089 320 2171 in
348 2086 514 2179 dimidia
543 2116 616 2171 ora
643 2104 763 2170 terre.
790 2087 949 2172 valente
977 2106 1058 2173 tres
1086 2092 1208 2176 Marc.
1236 2089 1510 2173 denariorum.
1642 2103 1646 2112 ’

104 2447 107 2457 ι
198 2509 204 2522 ‘
290 2409 459 2591 rodi.
586 2472 589 2486 ’
951 2522 1097 2631 1291
1147 2486 1196 2591 d.
1245 2524 1312 2595 21
1362 2488 1469 2591 lan.

270 2680 273 2685 Ι
328 2678 428 2763 'Ilus
449 2703 486 2763 uf
503 2702 666 2784 Gandugra
689 2706 769 2769 Bref
781 2728 832 2769 om
856 2708 1060 2792 puntsfittning
1082 2708 1120 2767 af
1135 2709 1180 2767 sin
1202 2691 1344 2786 sastigbet
1365 2704 1507 2785 Rephem
1528 2705 1577 2769 till
1599 2699 1720 2773 (belno
1738 2702 1840 2788 IprIa
1860 2702 1912 2764 scir
1934 2720 1970 2763 ιι
1985 2696 2067 2767 mark

408 2784 513 2847 slllver
534 2787 582 2848 till
603 2789 760 2873 betalning
782 2793 819 2852 af
835 2794 881 2852 sin
901 2791 1025 2869 Herses,
1045 2792 1187 2872 Lugman
1209 2790 1310 2852 Xnuts
1330 2790 1469 2851 skulder.
1774 2868 1812 2923 Δ.
1830 2867 1854 2922 3·
1873 2882 1899 2922 L
1917 2884 1941 2920 ι.

382 3001 593 3084 Uniuersis
621 3004 759 3088 christi
797 3007 981 3088 fidelibus
1019 3004 1069 3086 ad
1106 3036 1280 3116 quorum
1317 3007 1520 3104 noticiam]
1551 3019 1755 3113 presentes
1803 3003 1939 3084 littere
1982 3028 2067 3110 per·

270 3115 461 3193 uenerint
489 3117 550 3196 .N.
580 3110 913 3226 de'gandagrum
943 3116 1111 3198 salutem
1141 3120 1182 3196 in
1212 3119 1390 3198 omnium
1418 3117 1620 3198 saluatore
1656 3115 1859 3196 Noueriut
1897 3113 2066 3194 uniuersi

270 3249 334 3302 me
363 3223 484 3306 .ΧΧΙ.
508 3223 659 3306 solidos
687 3243 795 3308 terra
824 3231 867 3308 in
896 3256 1035 3336 repem
1065 3229 1175 3308 curia
1206 3257 1292 3307 mea
1319 3256 1396 3335 pro
1425 3227 1572 3308 debitis
1606 3225 1760 3309 domini
1798 3227 1882 3305 mei
1916 3225 1977 3305 .K.
2015 3223 2066 3303 le-

165 3420 171 3431 ,
254 3333 388 3440 'giferi
415 3335 544 3416 silicet
575 3335 698 3418 .ΧΧΙ.
729 3368 862 3420 marca
895 3341 987 3448 puri
1017 3341 1176 3445 argenti
1204 3339 1382 3418 Ecclesie
1412 3339 1453 3418 in
1482 3338 1642 3429 uraebro
1671 3333 2066 3444 inpignorasseinfra
2148 3349 2152 3356 ⁴

270 3441 415 3525 festum
447 3448 592 3554 pasche
620 3451 826 3559 sequentis
854 3451 952 3530 anni
989 3441 1266 3556 persoluendis
1302 3449 1489 3559 alioquin,
1519 3449 1658 3529 eadem
1699 3446 1881 3527 Ecclesia
1924 3462 2067 3527 extunc

266 3555 475 3662 possideat,
513 3574 661 3637 terram
704 3577 901 3668 perpetuo
945 3561 1217 3668 supradictam
1256 3559 1332 3639 hac
1370 3557 1607 3641 condicione
1642 3559 1809 3638 subacta
1845 3553 1961 3668 quod
1994 3581 2068 3664 pru

268 3665 450 3774 qualibet
480 3697 610 3749 marce
640 3674 731 3778 puri
761 3671 937 3752 Ecclesia
967 3673 1133 3778 recipiet
1161 3669 1331 3750 solidum
1361 3689 1467 3751 terre
1496 3669 1561 3751 vel
1587 3671 1739 3750 ‚Illlzcr
1766 3695 1925 3749 marcas
1950 3673 1990 3746 8<
2008 3665 2066 3746 II.

268 3803 360 3856 oras
396 3777 657 3858 denariorum
687 3788 726 3863 &
756 3783 790 3861 si
825 3800 933 3861 terra
969 3781 1057 3861 mea'
1094 3781 1254 3861 ibidem
1290 3779 1343 3863 ad
1380 3780 1586 3862 ecclesiam
1621 3779 1870 3860 deuoluatu'r
1906 3775 2068 3860 heredes

266 3889 441 3996 predicti
470 3889 628 3996 dominj
655 3895 731 3972 mei
761 3909 822 3972 tot
850 3891 1000 3976 solidos
1028 3909 1136 3972 terre
1164 3894 1268 3972 sicut
1296 3893 1461 3973 ecclesia
1491 3892 1543 3974 de
1571 3920 1633 3971 me
1662 3891 1851 3971 babuerit
1883 3892 2066 3971 mihire·

267 4001 436 4079 stituent
465 3999 513 4079 in'
535 4001 812 4110 slriberghum
840 4007 987 4084 Actum
1031 4005 1215 4110 plurimis
1247 4004 1474 4085 Nobilibus
1514 4002 1770 4112 presentibus
1799 4013 1851 4081 'et
1900 4026 2066 4082 consen·

251 4111 474 4218 cientibus
494 4114 667 4191 Domino
695 4113 911 4212 Thirnero
941 4115 1107 4222 legilero
1135 4113 1428 4196 wermaelandie
1457 4111 1623 4195 domino
1659 4113 1700 4194 M
1726 4107 1907 4220 gregorii
1935 4137 2063 4223 quou-
2144 4188 2148 4202 ‚

266 4220 358 4300 dam
389 4223 470 4301 filio
499 4224 674 4304 Domino
703 4225 919 4306 Leonardo
948 4251 1123 4336 quorum
1154 4228 1409 4334 presentibus
1437 4226 1623 4332 apposita
1650 4241 1747 4305 sunt
1781 4224 1913 4330 sigilla
1947 4225 2063 4303 etiam

264 4331 374 4411 VIII.
400 4329 581 4416 discretis
625 4335 797 4414 testibus
839 4337 954 4417 Jstud
997 4335 1222 4416 secundum
1264 4335 1371 4444 leges
1414 4351 1522 4416 terre
1565 4334 1900 4417 confirmantibus
1949 4349 2066 4442 petro

206 4447 210 4456 “
264 4443 474 4540 stiuherni
500 4443 583 4523 lilio
612 4445 781 4555 [requini
819 4445 869 4528 de
897 4447 1093 4554 thygbole
1121 4447 1308 4526 Iohanne
1337 4446 1388 4527 de
1424 4447 1584 4544 miron}
1615 4445 1842 4526 Laurencio
1879 4443 1932 4526 de
1970 4443 2063 4542 bir-

263 4579 354 4632 com
382 4554 580 4662 bnigingo
607 4552 656 4637 dc
684 4557 833 4649 crabro
869 4559 1096 4640 Laurencio
1132 4556 1338 4667 quondam
1373 4559 1540 4665 Inguari
1577 4557 1662 4636 lilio
1697 4573 1816 4667 petro
1852 4554 2066 4665 capellano

263 4671 301 4742 8(
332 4694 478 4771 magno
506 4667 619 4746 dicto
644 4684 763 4776 quast
805 4672 927 4750 Anno
967 4670 1018 4749 ab
1061 4669 1344 4750 incarnacione
1386 4668 1541 4750 domini
1588 4672 1717 4750 nostri
1767 4669 1883 4751 ihesu
1907 4664 2093 4759 ‚christi

264 4775 543 4859 nuditer.
568 4779 643 4857 Die
672 4781 991 4887 sancte'agnetis
1010 4781 1203 4888 'virginis
1356 4861 1362 4873 ,
1546 4871 1555 4881 ,

748 4920 866 5005 sigillet
888 4925 946 4985 Nto
971 4943 983 4988 t
1008 4923 1186 5002 leortfallet3
1208 4922 1247 4986 dc
1267 4922 1366 5004 dirige
1388 4921 1409 4983 3
1429 4920 1576 4985 sledadc.
