4317 5975
905 324 1411 447 '-450=-

296 576 453 659 litteras
491 578 802 686 progenitorum
830 587 1062 657 nostrorum
1092 554 1247 681 Regum
1277 569 1465 655 videlicet
1493 586 1533 653 et
1562 574 1742 671 Ducum,
1771 604 1845 657 uon
1861 606 1961 680 rasas,
1984 616 2040 673 non

292 689 483 786 abolitas,
513 716 595 770 non
624 688 882 781 cancellatas,
912 712 987 765 nec
1016 686 1059 763 in
1089 682 1224 794 aliqua
1255 687 1314 765 sui
1337 700 1453 792 parte
1477 685 1661 779 viciatus,
1692 684 1829 769 vidisse
1856 706 1891 771 et
1915 693 2043 805 diligen·
2106 668 2108 707 ἲ

293 817 363 884 ter
384 802 602 883 examinari
649 798 788 901 secisse
830 824 1001 908 quarum
1036 796 1217 879 Tenores
1246 796 1562 877 subscribuntur
1600 798 1641 879 in
1672 796 1744 877 hec
1774 803 1905 898 rerba,
1945 807 1979 887 B.
1998 812 2044 895 dei

293 914 429 1019 gracia
458 915 552 993 Dux
580 937 780 1002 sweorum
809 906 1011 991 Omnibus
1039 906 1317 990 Attundaland
1346 909 1683 994 intrabitantibus
1712 914 1782 993 810.
1815 915 1862 993 Sc
1889 918 1955 999 Nm
1978 922 2045 1029 39¹·

293 1024 363 1106 W.
378 1024 442 1106 dei
458 1022 606 1135 gracia,
634 1024 722 1104 Rex
742 1050 945 1105 sweorum
959 1021 1170 1101 Vniuersis
1187 1018 1466 1101 Attundaland
1488 1022 1806 1104 inhabitantibus
1832 1030 1898 1107 &e
1924 1030 1966 1110 Se
1989 1037 2047 1116 lla

295 1135 388 1241 394.
418 1136 488 1216 W.
518 1136 583 1215 dei
612 1136 746 1240 gracia
777 1134 864 1216 Rex
892 1158 1114 1229 sweorum‚
1143 1131 1341 1220 uniuersis
1368 1131 1640 1239 Tyundalantl
1670 1133 1968 1221 inhabitantibus
1995 1148 2045 1227 br.

207 1267 210 1273 ‘
295 1245 347 1325 Se
379 1250 461 1327 Nm
491 1248 582 1354 392.
613 1249 682 1327 W.
712 1246 780 1327 dei
806 1248 940 1354 grecia
969 1244 1056 1323 Rex
1085 1270 1308 1338 sweorum,
1338 1247 1535 1325 vniuenis
1563 1244 1898 1327 liaedhrundaland
1929 1252 2046 1335 inhabi-

294 1358 477 1441 tantibus
505 1363 579 1440 &a
610 1359 662 1440 Se
688 1362 771 1439 Nm
799 1358 891 1465 393.
935 1356 1137 1437 Omnibus
1188 1372 1392 1463 presentes
1436 1357 1591 1440 litteras
1629 1355 1878 1466 inspecturis.
1914 1362 2047 1449 Maean

294 1472 368 1554 &a
397 1470 450 1551 Se
476 1471 559 1552 Nm
587 1470 681 1576 669.
711 1471 796 1551 Nos
824 1472 948 1577 igitur
978 1467 1182 1576 predictas
1224 1467 1379 1547 litteras
1407 1469 1449 1547 in
1479 1471 1590 1551 omni
1638 1472 1813 1579 ipsarum
1843 1489 1944 1578 parte
1972 1494 2047 1557 ratas

294 1602 337 1667 et
364 1584 516 1679 firmas,
546 1584 751 1691 perpetuis
779 1580 1030 1689 temporibus
1060 1578 1252 1660 habentes
1281 1580 1386 1686 ipsas
1402 1583 1646 1663 ratificamus
1661 1597 1701 1660 et
1716 1590 1821 1663 ratas
1849 1584 1927 1665 fore
1951 1602 2048 1667 osten·

294 1694 443 1786 dimus,
472 1693 617 1775 litteris
645 1693 773 1775 robur
801 1710 1042 1802 perpetuum
1071 1693 1311 1773 auctoritate
1339 1697 1589 1801 presencium
1614 1694 1838 1777 tribuentes
1861 1702 2047 1780 memoratis.

294 1811 346 1889 Ju
373 1807 501 1887 Caius
527 1806 587 1885 rei
614 1803 903 1904 Testimonium
933 1802 1108 1913 sigillum
1140 1819 1320 1884 nostrum
1354 1806 1481 1888 maius
1495 1806 1750 1914 presentibus
1778 1825 1836 1887 est
1862 1837 2048 1917 appensum.

293 1922 442 2001 Datum
472 1916 858 2021 stohholmishnuo
888 1917 1060 1995 Domini.
1089 1914 1311 1995 Millesimo.
1342 1916 1484 1997 CCC⁰.'
1507 1920 1667 2029 quinto.
1697 1918 1741 2025 jn
1781 1922 1853 1999 Die
1886 1920 2049 2001 hestorum

294 2022 469 2141 petriet
498 2029 609 2138 pauli
636 2027 923 2141 apostolorum.
1226 2062 1241 2120 χ
1827 2042 1831 2047 “

534 2162 825 2255 sigillantibus,
847 2168 1009 2251 htogande
1029 2169 1070 2253 pt
1092 2176 1210 2246 asarta,
1232 2164 1335 2249 haita,
1357 2170 1434 2232 rb'da
1456 2170 1516 2233 och
1537 2175 1633 2254 gutna
1654 2169 1861 2235 rillestrldrr.

211 2553 219 2560 ’
307 2554 476 2684 1472,
556 2608 559 2620 ·
678 2630 683 2637 .
942 2509 1089 2641 1305!
1131 2534 1178 2641 d.
1227 2575 1302 2683 29
1346 2536 1479 2643 Juui
1711 2524 1714 2531 ¹
1791 2532 2051 2691 Stochholu.

379 2756 515 2839 Kooung
536 2752 666 2822 Bmoms
690 2758 793 2839 &ppos
815 2755 893 2817 Brel'
910 2754 956 2817 till
978 2756 1145 2823 iurauerne
1162 2756 1215 2820 iU
1237 2761 1301 2821 salu
1324 2758 1398 2837 arth,
1420 2755 1490 2819 med
1512 2756 1751 2841 srndhsrehepa
1773 2757 2052 2843 UpsalaDomlyrlu

429 2840 489 2901 och
511 2840 577 2903 deas
598 2840 754 2903 Prelaters
774 2837 920 2920 rittighet
941 2838 987 2899 till
1010 2840 1187 2903 sb'hallade
1208 2780 1437 2922 battigtionden,
1460 2840 1552 2903 hvars
1572 2842 1743 2923 utgb'rande
1766 2842 1802 2901 sir
1817 2860 1891 2924 ¹²99
1911 2841 1996 2902 blihit
2009 2840 2051 2901 lir-

223 2926 227 2934 '
360 2980 365 2986 .
428 2923 543 3002 sodet,
563 2926 648 2986 ioum
671 2923 710 2983 de
732 2934 778 2986 tre
799 2922 1046 3000 Folllaudrrua,
1069 2922 1148 2984 intill
1170 2923 1237 2986 dess
1258 2922 1484 3005 undersbhuiug
1507 2926 1626 2988 lunrtat
1646 2926 1713 3004 sle,
1742 2925 1813 2987 med
1838 2924 1916 2986 hvad
1936 2932 1986 2987 rut
2003 2923 2052 3006 lp·

428 3008 492 3076 ltu
513 3009 656 3094 upptagit
676 3009 778 3070 denna
801 3009 919 3086 tioode,
941 3005 1001 3068 och
1023 3007 1160 3070 Sveutla
1184 3009 1310 3072 Follets
1331 3009 1424 3070 troia
1446 3008 1590 3071 htr'u‘lrer
1612 3009 1716 3072 blilvit
1737 3009 1905 3072 iubemtsd.

1798 3126 1842 3194 b.
1858 3128 1882 3180 l.
1897 3141 1912 3178 a
1927 3126 1959 3189 ⁴).

408 3259 625 3361 Bisontios
666 3257 731 3340 dei
760 3260 892 3368 gracia
927 3286 1115 3342 sueorum
1147 3261 1473 3372 gothorumque
1506 3287 1575 3342 rex
1605 3260 1808 3342 Omnibus
1837 3255 2053 3367 arehiepisco-

297 3389 436 3482 patum
466 3371 714 3481 upsalensem
744 3369 1073 3453 inhabitantibus.
1114 3376 1166 3453 Jo
1195 3371 1361 3454 domino
1397 3375 1595 3482 graciam,
1635 3373 1896 3455 dileccionem
1923 3388 1960 3452 et
1982 3367 2054 3446 salu·

225 3519 230 3530 ·
296 3504 377 3564 tem
406 3483 630 3564 lniuriatur
658 3484 849 3563 memorie
878 3480 1114 3591 frequenter
1148 3483 1303 3564 obliuio
1332 3499 1372 3563 et
1409 3482 1706 3595 longinquitate
1751 3513 1846 3596 sepe
1874 3485 1916 3565 fit
1941 3499 2056 3586 tempo·

297 3596 353 3676 ris
380 3593 493 3706 quod
523 3623 586 3674 res
614 3593 724 3674 clara
753 3594 1007 3702 presentibus
1036 3591 1406 3676 redditurohscura
1423 3596 1592 3694 futuris,
1621 3613 1661 3676 et
1689 3600 1745 3679 sic
1776 3595 1966 3677 interdum
1989 3613 2056 3668 con·

258 3777 263 3785 ,
298 3710 420 3815 tingit
448 3703 559 3818 quod
588 3705 714 3789 reciso
743 3733 787 3785 re
819 3703 1012 3801 ullulant,
1041 3709 1288 3788 suscitantur
1309 3707 1462 3814 sopita,
1491 3725 1533 3788 et
1560 3709 1716 3816 sepulta
1748 3711 1969 3817 resurgunt
1992 3725 2056 3779 rane

241 3904 255 3917 ,
296 3816 494 3900 aduersus
522 3817 747 3899 obliuionis
778 3734 1038 3924 ‹bspendiurn
1081 3817 1133 3897 ele
1176 3821 1375 3927 scripture
1418 3819 1597 3901 remedio
1640 3819 1904 3930 prvdeneium
1942 3809 2058 3898 cautela

297 3929 498 4040 prouidit,
529 3930 736 4037 presertim
766 3928 807 4010 in
837 3928 1024 4040 illisque
1055 3945 1225 4045 propter
1269 3930 1431 4013 uitanda
1476 3933 1614 4039 grauia
1659 3935 1837 4042 pericula
1882 3931 2058 4012 animarum

223 4076 226 4084 ²
297 4057 497 4151 perpetua
525 4038 698 4122 debeant
727 4039 913 4122 firmitate
940 4039 1127 4120 stabiliri.
1164 4043 1269 4124 Hinc
1298 4043 1498 4154 estquod
1528 4063 1695 4154 propter
1723 4045 1964 4151 sugestiones
1987 4057 2060 4145 qur

231 4144 235 4156 ⁴
297 4152 675 4239 rumdamterciam
706 4169 862 4260 partem
905 4151 1149 4233 decimarum
1184 4181 1264 4264 que
1293 4153 1389 4234 olim
1414 4155 1644 4238 'consueuit
1686 4153 1839 4238 ‹lecima
1878 4171 2058 4264 pauperum

297 4264 508 4372 wlgariter
536 4263 734 4372 appellari
773 4262 948 4344 Ecclesia
991 4264 1191 4374 upsalensi
1233 4283 1276 4349 et
1317 4266 1510 4348 eiusdem·
1538 4269 1701 4378 prelatis
1737 4295 1814 4378 per
1856 4291 1981 4346 omnes
2003 4275 2059 4336 tres

301 4374 552 4458 sulhlaudias
579 4373 861 4484 prohibuimus
888 4377 1131 4482 generaliter
1160 4377 1343 4460 exhiberi
1371 4394 1414 4458 et
1442 4377 1718 4461 mandarimus
1747 4377 1903 4462 easdem
1930 4369 2059 4456 fideliter

298 4488 553 4581 conseruari,
582 4480 796 4598 quousque
824 4485 925 4598 quid
968 4489 1066 4569 iuris
1107 4517 1229 4598 super
1258 4491 1334 4570 hoc
1364 4489 1470 4569 foret
1514 4491 1633 4572 nohis
1674 4507 1834 4600 pateret
1874 4485 2059 4569 euidenter.

299 4627 406 4680 anno
433 4598 622 4682 videlicet
661 4599 838 4710 Dominj.
874 4599 948 4681 M‘.
976 4599 1319 4705 CC'.,XC'1IX⁰.
1365 4599 1468 4684 'lum
1496 4605 1593 4715 quia
1623 4633 1704 4686 non
1731 4601 1939 4686 corratabat
1975 4589 2060 4676 uobis

298 4751 571 4770 ,μῆ-...ηι-

315 4867 320 4878 ,
341 4813 367 4890 *)
388 4805 442 4873 ΕΗ
464 4820 558 4873 annet
578 4810 726 4892 original,
747 4809 856 4873 eudsst
875 4829 985 4892 genem
1007 4809 1234 4893 hommateriog
1256 4763 1425 4876 abilenae
1447 4814 1515 4876 frio
1538 4811 1622 4876 detta
1666 4813 1781 4877 lbrsedt
1803 4811 1873 4877 med
1894 4811 1966 4874 blotl
1987 4825 2011 4868 u
2030 4799 2058 4860 tl·

279 4964 282 4971 Ι
383 4892 450 4975 gill,
473 4893 586 4972 linum,
605 4895 694 4956 atres
716 4915 781 4956 rom
803 4915 842 4958 eu
862 4892 1055 4960 ovidimerad
1077 4895 1219 4972 statutt,
1245 4907 1326 4960 saort
1346 4917 1384 4960 en
1396 4895 1467 4959 med
1489 4897 1608 4961 Pllveu
1628 4859 2058 4966 lohannesxxltasndharls

379 4977 419 5040 al
434 4973 554 5060 Ptttg·
575 4977 722 5048 llotsrieo
742 4978 899 5047 brandus
917 4975 1118 5048 lobannisd.
1144 5000 1155 5048 t
1181 4979 1256 5047 Dec.
1281 4979 1359 5048 1315
1382 4977 1545 5048 meddeled
1566 4979 1695 5048 assiria.
