4317 5975
976 395 1390 503 ...ᾮῙάῄιῳ

285 630 370 709 suis
398 626 669 733 creditoribus
698 628 986 736 assumpsimus
1016 626 1299 737 persoluenda.
1328 626 1550 737 Nonquia
1579 650 1656 705 nos
1684 619 1750 702 uel
1778 638 1916 702 nostra
1951 626 2066 707 eccle·

286 741 414 823 siaiu
444 740 580 850 aliquo
609 741 686 822 sibi
714 740 1109 851 fuerimusobligati
1138 756 1262 849 prout
1299 730 1344 819 in
1377 766 1451 823 suo
1486 752 1740 817 testamento
1765 749 1866 841 aput
1900 758 1973 813 nos
2005 736 2066 817 de·

286 852 419 960 posito
449 853 693 935 continetur.
715 852 792 955 ⁴sed
822 853 897 933 hoc
925 853 981 934 ob
1026 881 1193 933 suorum
1233 850 1457 932 remedium
1501 848 1777 957 peccaminum
1825 842 1876 924 de
1917 848 2069 955 propria

286 964 539 1069 benignitate
568 964 772 1072 &gracia
801 963 965 1072 speciali
1003 966 1329 1072 recognoscimus
1366 988 1440 1041 nos
1476 960 1625 1061 fecisse.
1664 961 1716 1037 Jn
1750 956 1867 1037 cuius
1901 958 1961 1035 rei
1993 959 2068 1038 eui·

286 1071 479 1172 denciam,
509 1074 683 1183 sigillum
714 1093 897 1155 nostrum
930 1103 1010 1154 vna
1044 1104 1136 1156 cum
1172 1073 1314 1183 sigillis
1349 1070 1642 1154 venerabiiium
1681 1087 1854 1176 patrum,
1891 1067 2071 1148 Dominoss

286 1212 376 1263 rum
406 1187 512 1291 ysari
539 1189 861 1295 strengiaenensis
895 1193 937 1267 &
972 1189 1079 1267 Petri
1109 1186 1333 1267 Arosiensis
1361 1185 1426 1265 dei
1454 1184 1588 1291 gracia
1611 1182 1906 1289 episcoporum,
1922 1205 2071 1287 presen-

285 1294 394 1375 tibus
422 1313 517 1378 sunt
558 1326 747 1407 appensa.
793 1300 939 1377 Datum
983 1298 1194 1379 stocbolm.
1230 1324 1340 1377 anno
1369 1295 1526 1376 domiai
1569 1287 1906 1375 .M⁰.CC⁰.XCll‘.
1948 1287 2071 1399 jdibus

287 1406 360 1486 iuli
370 1406 390 1484 ’.
996 1412 1000 1423 '
1102 1418 1109 1431 '
1495 1462 1500 1475 .

362 1434 389 1567 J·
759 1516 886 1598 Sigilleo
915 1536 940 1595 ι,
962 1537 992 1595 a,
1015 1518 1033 1583 3
1055 1524 1111 1580 tro
1131 1515 1320 1604 bortfminag
1345 1533 1504 1577 remsorna
1525 1532 1613 1596 qvas.

301 1916 464 2055 1⁰75·
526 2036 529 2040 ,
648 1980 651 1991 ·
954 1951 1099 2059 ¹292
1148 1912 1196 2018 d.
1244 1949 1317 2018 ao
1362 1907 1477 2016 Juli.

371 2131 623 2215 Dum-Capitlets
644 2135 653 2193 i
675 2135 788 2199 Wexiii
809 2136 893 2219 gisna
915 2136 1069 2197 liirstlrau
1093 2145 1149 2215 att,
1170 2132 1264 2196 sedan
1287 2126 1341 2196 de't
1361 2135 1481 2213 tvistiga
1501 2128 1696 2195 lb'rbdllaude
1717 2126 1867 2211 uppbdrt,
1890 2146 1955 2189 sous
1975 2145 2074 2207 gesen

423 2215 572 2297 Capitlets
594 2217 601 2275 i
624 2215 738 2301 Bisiop
759 2218 817 2281 Bos
839 2219 880 2281 tid
904 2218 1019 2281 sledda
1042 2215 1191 2299 vtdjonde
1214 2216 1260 2278 till
1281 2215 1530 2297 irie-Bislopen
1552 2217 1563 2276 i
1583 2210 2076 2294 LundmedUpsaladstadiom·

302 2348 308 2361 .
421 2300 508 2376 suits,
532 2299 604 2381 vilja
626 2302 689 2365 visu
716 2302 836 2384 slyldig
859 2297 1133 2389 uppmirlsambet
1150 2299 1214 2361 'och
1237 2299 1353 2382 lydnad
1375 2311 1440 2361 mot
1459 2299 1577 2381 Upsole
1597 2294 1818 2379 irie-libiop,
1838 2292 1903 2355 ocb
1924 2292 2076 2375 ingelenda

423 2380 545 2464 deltaga
568 2386 577 2444 i
599 2386 705 2465 negot,
727 2406 792 2447 som
816 2388 874 2449 ian
899 2386 1013 2446 itania
1034 2384 1135 2447 denna
1157 2382 1272 2485 lysias
1290 2383 1396 2467 gemla
1417 2380 1606 2464 rattigheter.
1743 2460 1771 2513 Α
1800 2460 1817 2513 3
1843 2476 1858 2511 Ι
1889 2456 1907 2529 ⁴
1931 2476 1947 2529 ἲ

400 2590 600 2674 Omnibus
628 2612 834 2702 presentes
871 2580 1025 2676 litteras
1063 2595 1343 2692 intellecturis,
1380 2592 1614 2704 Capitulum
1658 2594 1935 2677 wessionensis
1962 2591 2076 2675 eccle·

289 2703 358 2802 sie,
383 2704 552 2787 salutern
581 2705 623 2787 iu
652 2704 818 2789 domino
846 2707 961 2789 ihesu
988 2707 1155 2803 christo,
1201 2706 1433 2791 Amicabilis
1473 2702 1636 2786 ruionis
1677 2709 1718 2785 &
1759 2707 1880 2813 pacis
1921 2734 2078 2789 concor·

288 2812 396 2897 diam
426 2843 586 2897 seruare
614 2817 794 2899 volentes
821 2821 969 2905 nostris
1004 2821 1201 2928 precipue
1236 2810 1529 2928 superioribus,
1564 2820 1606 2897 8ι
1639 2816 1859 2924 Metropoli
1899 2816 2073 2899 videlicet

289 2926 491 3038 upsalensi
520 2924 697 3026 ecclesie,
726 2930 793 3036 cuj
821 2930 872 3013 ad
900 2929 1078 3014 debitam
1122 2927 1398 3012 obedienciam
1441 2956 1532 3010 cum
1575 2928 1686 3010 omni
1729 2931 1964 3012 reuerencia
2002 2929 2073 3009 lle·

289 3042 568 3151 cognoscimus
598 3069 672 3124 nos
701 3045 842 3139 teneri,
877 3047 917 3122 u
953 3059 997 3122 vt
1031 3043 1198 3122 materia
1242 3040 1516 3136 dissensionis,
1562 3045 1602 3119 &
1644 3043 1960 3138 rancorositatis,
2000 3042 2081 3151 qne'

289 3151 502 3247 sudoreuit,
530 3157 570 3231 u
598 3149 778 3232 radicare
810 3151 1039 3248 videbatur,
1069 3157 1188 3232 inter
1229 3151 1453 3262 predictam
1497 3152 1747 3260 vpsalensem
1788 3155 1993 3235 ecclesiam
2027 3177 2075 3231 ex

290 3291 377 3344 vna
399 3277 526 3371 parte,
555 3265 595 3344 8(
624 3277 802 3344 nostram
831 3289 881 3344 ex
910 3265 1051 3359 altera,
1083 3278 1252 3373 propter
1293 3261 1488 3373 quasdam
1531 3261 1843 3371 appellaciones,
1893 3262 2074 3373 tempori·
2141 3366 2142 3373 Ν

290 3375 368 3454 bus
393 3372 633 3454 venerabilis
662 3373 788 3480 patris
816 3372 989 3455 domini:
1027 3375 1215 3455 Bononia.
1260 3372 1471 3456 benedicte
1514 3375 1719 3468 memorie,
1760 3375 1970 3485 quondam
2006 3399 2074 3452 no·

290 3487 365 3564 stri
393 3484 586 3591 episcopi,
615 3481 825 3567 adsedem
855 3482 1093 3569 lundensem
1129 3485 1403 3593 interpositas,
1432 3482 1663 3592 dequibus
1700 3486 1867 3569 ecclesia
1906 3483 2076 3598 sepedic-

291 3611 333 3676 ta
363 3594 536 3703 plurime
565 3611 771 3702 granatam
799 3623 841 3675 se
870 3589 1023 3691 asserit,
1052 3595 1160 3692 hinc,
1188 3596 1294 3692 inde,
1325 3597 1456 3705 sopita
1503 3598 1557 3675 sit
1602 3596 1833 3704 penitus&
1870 3598 2076 3708 necglecta.

291 3701 508 3786 bonafide
543 3705 828 3812 promittimus,
873 3705 986 3818 quod
1030 3707 1188 3817 aliquos
1230 3709 1470 3817 impugnare
1512 3706 1695 3788 volentes
1737 3709 1824 3790 iura
1867 3707 2079 3819 upsalensis

292 3815 472 3911 ecclesie,
501 3816 635 3923 sepius
663 3817 744 3895 iarn
773 3837 964 3925 pretecte,
993 3816 1144 3927 quibus
1170 3816 1222 3898 ab
1251 3823 1422 3929 antiquo
1450 3817 1584 3899 fuerat
1622 3844 1704 3914 vsa,
1740 3826 1780 3899 &
1809 3850 1893 3932 que
1928 3819 2097 3902 seruare

291 3955 339 4008 ae
368 3928 565 4008 sustinere
593 3925 798 4006 voluerint
825 3931 946 4018 ceteri
975 3929 1233 4011 ecclesiarum
1262 3931 1376 4040 regni
1405 3929 1551 4038 prelatj
1580 3933 1621 4008 8ι
1651 3932 1828 4037 capitula
1874 3933 1926 4016 de
1955 3947 2079 4016 cetero

291 4062 376 4118 non
407 4036 635 4118 fouebimus
663 4039 833 4119 consilio
868 4041 931 4120 vel
970 4041 1135 4139 auxilio,
1179 4041 1288 4171 jaira
1333 4068 1503 4150 regnum
1544 4039 1612 4121 uel
1652 4055 1769 4124 extra
1815 4045 1981 4156 publice
2020 4035 2079 4120 uel

293 4147 465 4246 occulte,
493 4150 545 4230 Jn
575 4147 690 4230 cuius
718 4153 777 4232 rei
807 4152 1093 4250 testimonium,
1121 4153 1297 4260 sigillum
1325 4151 1495 4270 capituli
1538 4152 1795 4259 presentibus
1834 4177 1898 4242 est
1936 4178 2079 4265 appen-

292 4287 393 4342 sum.
452 4261 596 4339 Datum
640 4287 750 4341 anuo
792 4259 963 4360 domini,
1006 4263 1180 4360 M·,cc·.
1228 4263 1493 4372 nonogesimo
1531 4261 1721 4364 secondo,
1762 4270 1816 4348 Ju
1864 4270 1934 4354 die
1974 4268 2082 4350 beate

293 4371 518 4480 Margarete
546 4370 726 4479 virginis.

447 4525 448 4530 Ν
1040 4512 1163 4599 sagara
1181 4515 1343 4582 maa-as

1836 4881 2007 5032 1076.
2122 4929 2129 4942 ’
