4317 5975
763 371 1179 453 -315-

99 590 284 672 chialibus
311 586 587 672 sacerdotibus
615 610 673 674 est
702 622 725 674 a
754 592 843 673 iure
871 620 1081 692 concessa,
1113 598 1187 678 nisi
1215 594 1348 677 forsan
1378 597 1433 677 eis
1454 594 1709 679 ecclesiarum
1739 596 1884 706 prelati

100 702 314 783 uberiorem
341 702 381 791 in
413 699 489 781 hac
519 719 633 810 parte
655 704 831 809 graciam
860 704 1088 811 specialiter
1129 707 1325 789 ducerent
1369 706 1612 805 faciendam,
1656 708 1885 791 huiusmodi

97 841 252 924 quoque
279 828 433 895 statuto
459 832 500 895 et
521 815 783 899 ordinacioni
820 817 966 897 nostris
992 814 1206 915 adicimus,
1237 836 1279 899 vt
1308 818 1450 901 fratres
1479 816 1679 901 dictorum
1696 819 1885 901 ordinum

99 931 135 1007 in
162 926 332 1007 ecclesiis
359 941 401 1005 ct
430 924 528 1006 locis
556 927 637 1005 snis
667 924 836 1007 vbilibet
865 928 1111 1023 constitutis,
1142 930 1306 1011 liberam
1337 946 1380 1009 vt
1407 932 1591 1040 sequitur
1620 929 1796 1021 habeant
1822 954 1886 1012 se·

99 1036 313 1147 pulturam,
341 1036 528 1117 videlicet
553 1034 666 1145 <prod
696 1066 834 1122 omnes
862 1036 914 1118 ud
943 1066 1029 1117 earn
1060 1042 1238 1149 recipere
1269 1041 1448 1137 valeant,
1477 1042 1548 1150 qui
1563 1043 1725 1151 sepeliri
1754 1043 1885 1149 elego·
2011 1094 2016 1109 ·

98 1151 186 1246 rint,
214 1150 255 1229 iu
285 1148 382 1229 locis
419 1164 466 1236 ¹et
506 1149 683 1229 ecclesiis
731 1150 977 1246 memoratis,
1022 1152 1172 1231 Verum
1211 1180 1263 1233 ne
1293 1151 1539 1262 parochiales
1567 1152 1733 1234 ecclesie
1762 1170 1804 1234 et
1832 1152 1882 1265 3’)

95 1265 271 1369 ipsarum
290 1260 419 1340 curati
460 1262 546 1340 siue
575 1276 773 1357 rectores,
801 1263 872 1370 qui
904 1262 1131 1367 ministrare
1169 1262 1341 1343 habeant
1370 1261 1419 1375 33)
1458 1263 1722 1359 ecclesiastica
1751 1291 1885 1345 sacra-

96 1391 218 1453 menta
247 1372 447 1482 quibusve
477 1372 658 1452 noscitur
685 1369 736 1450 de
764 1374 851 1451 iure
880 1390 1109 1480 competere
1140 1375 1346 1481 predicare
1370 1400 1438 1455 seu
1456 1399 1683 1482 proponere
1713 1376 1883 1455 verbum
1982 1372 1987 1379 ’

95 1484 173 1577 dei,
199 1500 241 1562 et
267 1480 538 1563 consessiones
565 1482 707 1563 audire
734 1483 930 1575 fidelium,
958 1484 1107 1566 debitis
1135 1503 1175 1565 et
1205 1486 1436 1570 necessariis
1480 1485 1681 1570 beneficiis
1722 1485 1881 1567 defrau-

16 1615 49 1702 ἦ
95 1597 255 1690 dentur,
274 1623 375 1675 cum
404 1595 599 1700 operariis
629 1591 823 1676 mercedis
849 1592 1052 1677 exhibicio
1078 1593 1296 1693 debeatur,
1338 1596 1576 1677 auctoritate
1605 1600 1815 1679 statuimus
1843 1616 1884 1679 et

91 1706 320 1788 ordinamus
348 1702 486 1785 eadem
518 1722 560 1784 vt
590 1704 733 1785 iratres
760 1705 948 1787 ordinum
965 1706 1253 1813 predictorum,
1269 1700 1668 1789 >deobueneionibus
1696 1705 1883 1789 omnibus

94 1841 166 1900 um
195 1816 246 1897 de
270 1813 531 1898 ¹funeralibus
558 1844 680 1925 quam
719 1817 1028 1926 quibuscunque
1069 1833 1109 1897 et
1151 1821 1533 1928 quomodocumque
1570 1818 1752 1908 relictis,
1780 1816 1886 1897 indi·

91 1932 230 2010 stinete
258 1927 320 2008 vel
358 1926 548 2024 distincte
587 1926 636 2007 ad
680 1944 956 2037 quoscumque
1002 1944 1134 2009 certos
1163 1929 1226 2011 vel
1261 1928 1546 2022 determinatos
1589 1956 1683 2009 rsus
1711 1930 1763 2011 de
1791 1930 1885 2039 qni.-

92 2041 165 2122 bus
191 2042 315 2119 eciam
343 2054 489 2146 quarta
518 2065 593 2117 seu
617 2040 811 2119 canonica
842 2042 982 2148 porcio
1010 2039 1099 2120 dari
1129 2041 1215 2121 siue
1244 2043 1348 2149 exigi
1371 2068 1454 2121 non
1472 2042 1697 2125 consueuit
1719 2040 1883 2121 vel-non

91 2151 208 2234 debet
235 2149 286 2231 de
314 2150 421 2247 iure,
449 2178 608 2237 necnon
638 2148 821 2232 dedatis
850 2150 911 2230 rel
941 2150 1289 2262 qualitercumque
1318 2152 1479 2233 donatis
1515 2154 1562 2233 in
1599 2168 1727 2233 morte
1756 2150 1817 2232 vel
1833 2146 1884 2260 ³4)

92 2265 238 2344 mortis
256 2260 430 2343 articulo
457 2277 530 2366 rut>
555 2256 605 2371 35)
646 2261 879 2343 infirmitate
914 2262 1104 2345 donantis
1138 2289 1208 2343 seu
1236 2260 1286 2373 ³⁶)
1329 2261 1464 2345 dantis
1499 2262 1550 2345 de
1586 2292 1667 2373 qua
1705 2260 1885 2347 decesse-

90 2390 181 2457 rant
209 2373 258 2483 ³⁷)
299 2372 680 2483 quomodocumque
722 2373 920 2455 indirecte
947 2373 1011 2455 vel
1039 2373 1193 2455 directe
1237 2373 1429 2457 fratribus
1458 2374 1555 2482 ipsis
1597 2374 1661 2457 vel
1690 2374 1777 2455 aliis
1807 2400 1883 2482 pro

85 2484 255 2579 dadam,
282 2500 469 2596 quartam
500 2501 675 2589 partem,
717 2511 849 2593 quam·
869 2483 1093 2592 apostoliea
1119 2488 1360 2567 auctoritate
1402 2504 1585 2567 taxamus
1609 2502 1653 2567 et
1681 2487 1805 2567 eciam
1835 2484 1885 2565 li·

89 2600 270 2679 mitarnus
298 2593 600 2704 parochialibus
625 2595 903 2677 sacerdotibus
930 2612 972 2675 et
1000 2595 1257 2677 ecclesiarum
1287 2596 1514 2677 rectoribus
1526 2624 1597 2677 seu
1626 2598 1775 2687 curatis
1804 2598 1884 2676 lar·

84 2710 163 2816 giri
192 2710 346 2815 integre
376 2723 607 2800 teneantur,
631 2706 802 2787 tacturi
831 2726 871 2789 et
897 2709 1101 2803 curaturi,
1130 2706 1242 2817 quod
1273 2735 1346 2787 nee
1374 2708 1441 2789 alii
1471 2707 1535 2789 vel
1562 2706 1652 2787 aliis
1679 2736 1700 2787 a
1732 2705 1883 2816 quibus

84 2839 229 2931 quarta
257 2816 490 2899 huiusmodi
519 2819 678 2899 nrinime
707 2814 943 2929 debotnr³⁸)
973 2818 1025 2899 ad
1055 2821 1235 2927 ipsorum
1265 2818 1435 2918 fratrum
1452 2819 1661 2901 entitatem
1689 2820 1752 2899 vel
1775 2844 1883 2898 com·

50 2954 56 2964 ·
85 2930 248 3017 niodum
278 2929 507 3013 huiusmodi
537 2928 635 3010 liant
664 2928 823 3024 relicta,
852 2946 923 3010 aut
944 2930 994 3010 iin
1021 2957 1093 3011 eos
1120 2931 1257 3011 taliter
1285 2930 1378 3012 deta
1399 2928 1463 3012 vel
1484 2928 1633 3012 donata
1689 2927 1884 3012 recedant

82 3073 156 3123 sen
183 3070 348 3152 quoque
376 3039 426 3155 ³⁹)
467 3042 510 3122 in
539 3059 667 3122 morte
686 3039 758 3122 ‘rel
786 3041 839 3121 ab
866 3041 1035 3122 infirmis
1075 3038 1305 3123 huiusmodi
1348 3041 1526 3122 dandum
1558 3041 1624 3122 vel
1649 2957 1882 3123 donandum

83 3153 280 3235 iratribus
308 3154 404 3261 ipsis
430 3155 637 3247 existeret,
667 3155 708 3232 in
737 3175 877 3232 eorum
905 3149 955 3265 ⁴⁰)
997 3151 1182 3234 dancinm
1212 3152 1276 3234 uel
1317 3148 1561 3234 donancinm
1604 3155 1778 3234 sanitate
1804 3149 1884 3233 sibi

83 3265 176 3346 dari
203 3265 265 3372 vel
296 3264 439 3345 donari
470 3279 711 3370 procurent,
754 3263 804 3343 ln
865 3263 984 3344 uibus
1013 3293 1087 3373 per
1117 3267 1224 3371 ipsos
1255 3263 1438 3357 citandis,
1466 3290 1606 3344 eornm
1636 3263 1885 3344 intendimus
1972 3303 1973 3306 Ν

81 3377 359 3459 conscienciae
396 3401 586 3469 onerare,
616 3390 659 3452 vt
688 3375 719 3454 si
746 3293 861 3482 quod
887 3374 1014 3471 absit,
1060 3403 1134 3482 per
1176 3374 1318 3453 fratres
1360 3376 1469 3483 ipsos
1503 3372 1600 3453 dolo
1629 3376 1692 3454 vel
1722 3371 1908 3470 fraude,

111 3490 306 3596 niequam
340 3487 381 3566 in
412 3485 487 3564 lrac
515 3503 631 3593 parte
658 3485 724 3592 agi
753 3485 920 3564 fortasse
950 3486 1184 3593 contigerit,
1214 3502 1350 3593 preter
1373 3481 1414 3564 id
1428 3484 1539 3593 quod
1570 3514 1638 3565 eos
1667 3503 1883 3596 propterea

36 3645 39 3648 ⁴
79 3519 203 3683 dictis
231 3597 509 3679 sacerdotibus
538 3596 761 3676 rectoribus
790 3612 831 3675 et
859 3599 1009 3677 curatis
1030 3604 1161 3678 teneri
1191 3595 1395 3690 solumne,
1424 3597 1547 3676 eciam
1565 3596 1744 3678 districta
1775 3597 1883 3676 racio

78 3717 124 3794 in
155 3709 327 3791 extremi
368 3705 504 3788 iudicii
546 3707 779 3816 requiratur
813 3710 1004 3788 examine
1032 3708 1097 3787 ab
1126 3706 1294 3802 eisdem,
1337 3704 1442 3785 vltra
1489 3709 1722 3814 porcionem
1751 3724 1884 3788 autem
2046 3799 2049 3808 ,

77 3817 405 3904 huiusmodi'nil
435 3820 595 3898 valeant
625 3815 877 3924 parochiales
896 3817 1133 3898 'sacerdotes
1164 3833 1340 3896 rectores
1368 3835 1408 3897 et
1429 3814 1478 3928 ⁴¹)
1507 3819 1638 3898 curati
1667 3836 1708 3898 et
1738 3815 1884 3927 prelati
2003 3914 2005 3918 Ι

73 3937 246 4044 exigere
274 3928 514 4040 supradicti,
558 3956 688 4038 neque
718 3926 796 4008 illis
824 3929 996 4034 amplius
1038 3928 1136 4008 dicti
1180 3928 1323 4008 fratres
1361 3925 1580 4036 inpendere
1620 3932 1703 4009 sint
1730 3929 1884 4010 astricti
1934 3947 1936 3950 ·

75 4042 296 4156 nequead
324 4042 366 4125 id
394 4071 417 4122 a
446 4069 650 4151 quoquam
680 4039 835 4148 possint
862 4039 1117 4149 aliquatenus
1145 4038 1369 4136 coherceri,
1398 4039 1482 4120 Nos
1511 4055 1643 4120 autern
1672 4037 1722 4150 ⁴²)
1767 4054 1812 4117 vt
1840 4041 1883 4118 in
1957 4079 1960 4091 ·

70 4159 241 4238 cunctis
269 4154 465 4262 equaliter
493 4170 535 4232 et
566 4151 726 4260 pacifice
768 4148 933 4232 fauente
960 4149 1125 4230 domino
1167 4150 1413 4258 procedatur
1442 4151 1625 4230 uniuersa
1670 4151 1882 4259 priuilegia

67 4267 383 4376 indulgencius,
412 4265 585 4372 gracias,
616 4261 742 4342 verbo
770 4289 839 4343 seu
883 4262 1037 4370 scripto
1065 4259 1143 4340 sub
1172 4289 1428 4370 quacumque
1471 4260 1691 4341 formavel
1721 4289 1883 4369 expres·

62 4383 196 4477 sione
225 4405 296 4458 seu
324 4376 594 4484 concepcione
631 4372 897 4454 verboruma
930 4374 1046 4455 nobis
1074 4370 1139 4454 vel
1166 4369 1518 4482 predecessoribus
1561 4373 1709 4457 nostris
1751 4401 1885 4452 ,roma-
1955 4429 1995 4442 -.

64 4491 142 4574 nis
175 4487 454 4599 pontificibus,
483 4484 930 4593 cuicunqueordinunr
957 4481 1231 4594 predictorum
1261 4510 1447 4564 concessa
1473 4473 1628 4564 necnon
1660 4484 1884 4566 conswelu-

63 4603 222 4698 dines,
249 4599 549 4683 conuenciones
575 4611 725 4678 statuta
754 4612 957 4704 etqpacta,
1000 4597 1044 4704 in
1072 4611 1271 4706 quantum
1299 4611 1395 4686 sunt
1425 4595 1626 4703 premissis
1666 4621 1736 4676 seu
1765 4595 1884 4679 alicui

59 4786 360 4809 m

109 4845 177 4920 δι)
190 4861 228 4904 ac
250 4842 301 4919 33)
317 4840 435 4904 babent
454 4809 505 4918 34)
527 4859 577 4900 aen
600 4837 652 4918 35)
668 4838 700 4898 ia
721 4839 847 4904 aitemr.
869 4837 920 4918 36)
936 4839 984 4902 vet
1006 4838 1057 4922 37)
1073 4837 1257 4900 decesserint
1279 4833 1328 4917 38)
1347 4833 1512 4898 deberetur
1534 4835 1584 4919 39)
1601 4833 1675 4919 quid
1697 4834 1748 4917 4ο)
1760 4829 1906 4900 eor-ear

164 4923 242 4988 dem
263 4924 315 5006 41)
336 4934 370 4988 et
390 4925 477 4988 ικαὶ.
499 4920 551 5002 da)
572 4922 695 4984 etenim
