4317 5975
925 382 1431 486 .-·⁴l¹l·-

322 616 419 693 sitas
446 614 598 705 vestra,
625 603 750 711 Quoil
779 630 862 688 nos·
881 600 1222 707 dilemumlnobis‘
1235 606 1278 687 in
1294 603 1448 687 elaristo
1468 604 1624 699 titium:
1644 604 1858 691 Dominum
1870 610 2062 704 Quinte

321 726 492 816 lorsam,
521 722 781 801 Canonieum·
797 716 961 829 ecelesie
990 734 1126 797 nostre
1168 715 1389 823 upsalensis
1432 716 1698 799 exhibitorem
1729 724 1974 827 presencium,
1993 728 2062 815 laet

323 862 429 931 mus,
458 830 737 913 constituimus
765 843 807 907 et
833 826 1088 925 ordinamus,
1114 845 1321 923 nostrum,
1349 844 1390 907 et
1417 828 1597 911 Ecclesie
1626 847 1761 911 nosue
1790 834 1995 940 tpsalensis,
2016 868 2063 925 vs.

321 974 410 1025 rum
441 961 482 1023 et
509 942 749 1048 legittimum
780 956 1106 1045 procuratorem,
1148 942 1406 1046 negociorum
1442 956 1642 1048 gestorem
1670 969 1717 1021 ae
1746 948 1928 1025 nussim
1949 953 2063 1055 spesi..

321 1058 418 1154 lem,
447 1053 497 1134 ad
527 1056 679 1147 omnia,
719 1066 878 1148 nostra,
921 1068 964 1131 et
990 1052 1155 1132 ecclesie
1182 1068 1320 1131 nostre
1348 1052 1541 1159 negocia,
1583 1052 1757 1157 gerenda
1775 1062 2064 1161 ete'meroenda,

321 1166 373 1247 ad
400 1162 744 1247 ordinandum.et
773 1161 1093 1270 disponendum,
1131 1162 1184 1242 de
1213 1162 1337 1243 rebus
1377 1164 1524 1243 nostris
1546 1162 1734 1243 ¹rliilibe't·
1757 1166 1938 1264 inuentis,
1975 1194 2064 1277 prout

318 1280 438 1360 nobis
468 1296 508 1358 et
536 1276 700 1357 ecclesie
722 1282 867 1353 'nostre
906 1271 1085 1381 predicte
1129 1271 1373 1354 tt'ilitatibus
1411 1276 1664 1383 prospexerit
1706 1276 1911 1383 ex'peilire,
1937 1280 2065 1365 Necnon

259 1403 263 1412 “
318 1388 370 1469 ad
399 1388 639 1495 exigendum
669 1402 711 1465 et
739 1384 1014 1491 recipiendum
1046 1384 1255 1492 pennan
1287 1402 1464 1465 nostram
1500 1414 1567 1467 sen
1598 1413 1662 1466 res
1690 1387 1789 1467 alias
1816 1388 1925 1469 nobis
1950 1391 2065 1475 debitss

318 1533 340 1581 a
371 1502 554 1610 personis
583 1498 927 1608 quibuscumque,
955 1524 1026 1576 seu
1053 1494 1161 1603 apud
1175 1519 1459 1607 quoscumque
1469 1560 1484 1595 ,Ἰ
1508 1524 1573 1577 res
1601 1516 1737 1577 nostre
1758 1500 1998 1579 inueniuntur
2019 1503 2065 1586 de·

314 1616 470 1721 posite,
499 1637 569 1691 sen
597 1612 735 1701 eoiam,
762 1631 931 1716 quoquo
960 1606 1081 1689 inodo
1111 1604 1293 1702 deuote,
1337 1610 1489 1689 Dentes
1515 1606 1643 1689 eidem
1673 1625 1813 1689 nostro
1842 1617 2065 1722 procuratori,

319 1726 599 1805 auctoritatem
628 1738 668 1799 et
698 1734 931 1826 potestatem
964 1717 1204 1823 plenariam,
1248 1718 1419 1799 faciendi
1450 1717 1640 1827 prodistis
1668 1723 1820 1799 nostris
1845 1720 2064 1821 debitoribus,

318 1832 593 1944 depositarijs,
635 1858 705 1910 seu
735 1828 1016 1909 detentoribus
1045 1830 1164 1909 linem
1191 1846 1234 1907 et
1262 1832 1556 1937 quitaeionem,
1593 1846 1841 1941 pastumque
1869 1832 1917 1912 ele
1941 1834 2064 1916 ulteris

315 1967 398 2027 'non
432 1943 625 2052 petendo,
651 1966 775 2047 super
803 1938 924 2019 rebus
953 1940 1123 2045 receptis
1158 1954 1199 2017 et
1235 1940 1378 2023 leuatis
1407 1969 1620 2049 pereum,
1664 1947 1813 2023 nostris
1839 1971 1986 2053 quoque
2007 1976 2064 2025 ere

315 2058 517 2141 ditoribus
549 2048 839 2145 satisfaoiendi,
865 2054 898 2129 si
927 2051 1000 2160 qni
1029 2052 1311 2147 inueniuntur,
1346 2052 1532 2157 Quibus,
1567 2078 1642 2133 nos
1672 2056 1862 2162 legittime
1889 2058 2064 2139 eonstiterit

317 2170 535 2274 obligatos,
564 2191 639 2245 nee
667 2190 751 2243 non
779 2179 820 2241 et
847 2163 1022 2243 Litteras
1050 2163 1316 2270 quitarionis,
1354 2164 1520 2271 petendi
1556 2181 1598 2243 et
1625 2165 1848 2273 recipiendi
1876 2167 1924 2246 ab
1948 2167 2062 2247 eisdem

315 2284 461 2361 Ratum
491 2278 656 2385 gratum
679 2293 723 2354 et
747 2275 905 2352 firmum
943 2272 1141 2368 habituri,
1184 2276 1378 2383 quicquid
1413 2304 1485 2383 per
1514 2275 1667 2363 dietum
1697 2295 1879 2357 nostrum
1921 2306 2064 2384 procura·

313 2412 462 2486 torem,
491 2408 648 2483 aetum,
678 2402 853 2494 gestum,
882 2384 1084 2464 factumve
1113 2383 1307 2465 fueritin
1337 2388 1556 2494 premissis,
1593 2390 1644 2467 Jn
1673 2389 1791 2469 onius
1834 2390 1905 2468 Rei
1931 2390 2063 2468 testim·

316 2506 448 2598 nium,
477 2499 650 2605 sigillum
680 2515 880 2592 nostrum,
919 2495 1182 2576 Presentihus
1224 2513 1285 2575 est
1313 2526 1548 2603 appensum.
1609 2500 1770 2598 Datum,
1802 2499 2075 2609 upsalie,ama.

315 2617 485 2709 domini,
518 2614 592 2708 Μ’,
621 2609 757 2704 CCC‘,
785 2610 955 2711 Quarto.
994 2607 1114 2686 ‚XV⁰.
1146 2604 1303 2698 kalend.
1334 2608 1443 2714 lllaij.

712 2751 781 2812 Den
802 2768 841 2811 ur
863 2748 984 2811 brelvet
1006 2747 1126 2830 llippte
1150 2768 1267 2811 remsnu
1290 2748 1460 2811 bortrilten
1483 2750 1576 2830 jemte
1594 2750 1714 2832 sigillet.

46 2972 54 2981 ·
123 3171 128 3182 Ι
323 3035 491 3182 1426.
936 3036 1085 3161 1304
1133 3032 1180 3136 d.
1231 3033 1303 3136 30
1349 3032 1508 3180 April.
1577 3141 1581 3144 ,
1908 2977 2085 3154 Aranii¹

393 3255 574 3335 Her-tigerne
596 3254 681 3316 Esus
703 3253 762 3319 och
784 3253 982 3315 Wstnsusss
1005 3253 1161 3316 lorstlran
1184 3254 1231 3314 till
1254 3251 1388 3334 Konnng
1411 3254 1534 3332 Birger,
1557 3262 1602 3315 att
1624 3253 1691 3314 icle
1722 3255 1762 3316 be
1785 3255 1846 3318 ilva
1869 3257 1911 3336 sig
1933 3251 2064 3316 utamlmlt

443 3340 470 3418 ei
494 3337 591 3398 heller
611 3349 684 3396 utun
708 3337 747 3420 pt
769 3334 896 3396 lallelse
918 3337 1029 3396 inlinna
1052 3338 1094 3415 sig
1118 3336 1172 3395 hos
1195 3335 1378 3415 Kooungrn,
1400 3335 1479 3396 docl
1501 3337 1568 3397 icle
1590 3336 1716 3418 tattitjde
1748 3275 1784 3398 ni
1812 3337 1950 3415 llere-tn
1970 3337 2063 3397 lionun·

444 3443 501 3501 gen
524 3419 724 3496 loreslrifvit,
746 3431 823 3480 samt
845 3420 854 3478 i
875 3419 985 3498 iistigt,
1008 3429 1052 3479 stt
1074 3418 1212 3482 hvarlen
1246 3419 1328 3478 inam
1357 3419 1434 3480 eller
1461 3427 1546 3480 ntem
1571 3419 1675 3481 landet
1696 3423 1827 3504 stampla
1851 3432 1915 3482 mot
1935 3420 2064 3499 Konunget

443 3503 503 3566 oth
526 3505 593 3564 dess
612 3502 678 3562 hus.

1756 3583 1971 3655 hmmnss

423 3721 629 3800 Unive-rsis
660 3717 873 3828 praesentes
903 3719 1057 3797 litteras
1086 3719 1344 3826 inspecturis,
1391 3719 1541 3799 Ealcus
1570 3717 1787 3815 Sueorum,
1821 3739 1862 3800 et
1890 3721 2066 3798 Vatusiu-

310 3856 383 3912 ath
413 3828 648 3924 Finlandiae‚
677 3832 751 3908 Dei
781 3832 929 3938 gratia,
959 3832 1108 3920 Duces,
1138 3831 1305 3908 salutem
1337 3829 1379 3907 in
1408 3830 1582 3908 Domino
1611 3831 1905 3937 sempiternam.
1946 3829 2065 3930 Tenon

308 3949 565 4050 praesentium
595 3959 778 4021 constare
808 3943 991 4020 volumus
1020 3941 1247 4036 evidenter,
1285 3968 1357 4019 nos
1386 3940 1599 4045 Magnifica
1628 3942 1807 4048 Principi
1839 3971 1884 4020 ae
1913 3941 2066 4028 Domino,

303 4057 354 4146 D.
382 4055 562 4162 Birgero,
594 4053 668 4131 Dei
700 4050 953 4162 providentis
978 4052 1180 4142 Sueommr
1211 4053 1522 4161 Gothormuqne
1544 4054 1642 4158 Regi
1657 4081 1815 4158 semper
1839 4052 1987 4145 illustri,
2011 4049 2065 4128 fra·

306 4169 359 4246 tri
390 4185 529 4246 nostro
559 4163 810 4257 charissime,
843 4187 893 4241 ex
926 4190 1030 4241 mera
1062 4179 1102 4240 et
1131 4161 1259 4242 libera
1310 4164 1516 4241 voluntate
1552 4162 1720 4243 firmiter
1755 4166 1990 4274 promisisse,
2014 4153 2067 4236 lide

300 4269 482 4386 prestita
512 4275 734 4382 corporali,
765 4272 876 4382 qnod
906 4301 979 4353 nos
1009 4290 1123 4351 extra
1157 4270 1328 4380 reignum'
1354 4300 1469 4352 snum
1496 4265 1707 4382 nunquam
1733 4277 1992 4366 movebimus,
2016 4291 2066 4346 net

109 4399 112 4406 '
166 4418 173 4426 ·
306 4392 561 4497 aliquatenus
590 4385 897 4480 transferemus,
924 4387 1010 4464 sine
1039 4385 1162 4490 ipsius
1194 4383 1354 4466 Domini
1385 4387 1513 4466 nostri
1542 4385 1662 4491 Regis
1685 4386 1948 4495 ‘requisitione
1972 4378 2065 4489 speci·

307 4501 381 4591 ali,
410 4519 448 4580 et
479 4500 636 4601 lieentia
665 4499 790 4603 petita
821 4513 860 4574 et
890 4498 1042 4604 pariter
1071 4497 1247 4575 obtenta.
1298 4497 1573 4575 Promittimus
1603 4498 1747 4590 etiam,
1786 4497 1897 4605 quod
1923 4493 1968 4574 ad
1992 4515 2065 4599 pre·

305 4613 471 4693 sentiam
502 4593 627 4718 ipsius
656 4608 817 4688 Domini
848 4609 975 4685 nostri
1005 4606 1125 4710 Regis
1155 4606 1384 4686 nullatenus
1414 4610 1637 4701 veniemus,
1678 4611 1751 4686 nisi
1783 4637 1856 4714 per
1885 4607 1996 4714 ipsius
2020 4599 2064 4677 lit·

303 4731 430 4814 teias,
460 4737 709 4801 anteertum
740 4718 971 4800 mandatum
1003 4717 1052 4798 ad
1072 4715 1393 4798 'determinatum
1412 4719 1535 4800 nobis
1556 4717 1680 4811 diem,
1715 4735 1755 4806 et
1784 4719 1978 4800 inlocum
2002 4711 2064 4790 sue·

301 4836 427 4916 rimm
455 4835 606 4913 vocati:
636 4833 805 4912 Etcum
835 4830 970 4909 taliter
1000 4830 1130 4910 vooati
1162 4829 1373 4922 laesimus,
1407 4825 1468 4911 'ad
1497 4828 1585 4935 ejus
1614 4833 1869 4936 presentiam
1895 4829 2062 4906 venenu

302 4973 394 5026 cum
422 4960 483 5024 tot
514 4945 693 5052 personis
721 4957 761 5020 et
790 4943 1051 5049 equitaturis,
1085 4959 1241 5020 tantum
1276 4956 1378 5048 quot
1406 4939 1491 5046 ipse
1521 4941 1718 5022 Dominus
1746 4956 1883 5022 noster
1909 4939 1982 5018 llex
2007 4933 2061 5040 ptr
