4317 5975
1004 389 1061 412 ...
1173 347 1254 452 704
1364 387 1421 410 .-

329 619 498 739 ¹77¹·
569 653 573 662 -
936 581 1126 725 Borjan
1164 577 1225 686 af
1269 575 1564 690 riloortalet.

397 800 572 884 Fragment
589 797 630 861 af
643 808 692 861 ett
718 796 794 862 bref
818 798 892 863 fria
913 801 997 865 Cras
1021 801 1229 880 Osmrrssnn,
1244 819 1292 861 m.
1312 796 1348 860 fl.
1370 799 1420 861 till
1440 795 1587 862 Thorkel
1617 798 1826 884 Clemensson,
1845 805 1954 874 τδηιιᾶε
1969 813 2040 906 Philip

450 883 633 967 Bliirnssons
654 883 753 946 trieri.
1901 910 1930 963 A,

457 1035 596 1117 Nobili
641 1036 774 1132 militi,
817 1038 992 1118 Domino
1037 1034 1232 1144 thirgillo
1278 1032 1503 1130 clementis,
1545 1035 1730 1119 Ksnon.
1765 1045 2042 1134 ....ltn0us

318 1170 559 1244 onnsrssors,
588 1147 765 1228 Salutem
793 1167 834 1229 et
862 1147 913 1229 ad
941 1151 1028 1228 eius
1048 1145 1359 1253 beneplacitase
1376 1162 1581 1251 paratum,
1610 1207 1620 1228 .
1649 1207 1658 1226 .
1687 1212 1697 1231 .
1725 1149 1915 1262 philippus
1939 1157 2044 1242 blorns

316 1284 391 1338 son
420 1261 535 1337 cuius
563 1260 752 1340 noticiam
782 1259 885 1338 bane
914 1259 1091 1353 habetis,
1127 1257 1348 1361 consangui
1379 1315 1388 1334 .
1418 1316 1429 1335 .
1455 1317 1465 1336 .
1494 1317 1503 1336 .
1532 1259 1573 1335 ni
1601 1257 1680 1338 sibi
1724 1266 1822 1368 petit
1862 1266 2042 1354 maruan.

317 1384 358 1448 et
388 1371 484 1478 quia
512 1370 599 1450 eius
627 1370 835 1451 consilium
866 1387 946 1448 tam
974 1369 1017 1446 in
1046 1393 1099 1446 ro
1129 1429 1137 1447 .
1166 1427 1175 1448 .
1205 1367 1465 1448 ..connatis
1494 1371 1699 1466 consistit,
1742 1369 1830 1452 idso
1857 1380 2001 1484 petimus
2020 1403 2044 1464 rt

316 1479 435 1670 ophis
463 1507 585 1588 super
614 1481 691 1562 boc
722 1499 880 1589 prout.
909 1541 918 1559 .
947 1539 996 1560 ..
1030 1477 1215 1560 scribatis
1253 1477 1511 1567 voluntatem.
1569 1481 1711 1562 Valete
1738 1483 1781 1562 in
1805 1483 1950 1569 domino
1972 1491 2044 1574 ihesu

316 1617 338 1670 e
371 1592 478 1672 risto.

596 1733 781 1816 Fragment,
801 1731 938 1819 fastsydt
959 1733 1106 1816 omkn'ng
1128 1729 1246 1814 sigillet
1267 1729 1310 1816 pt
1330 1730 1541 1814 sdrutgdende
1562 1734 1646 1816 nnat,
1674 1736 1735 1798 Nto
1761 1733 1843 1798 1563.

228 2123 233 2132 ’
330 2133 499 2241 177-2·
1055 2095 1479 2253 1307-1317.

397 2319 510 2400 Hertig
535 2317 634 2382 Erras
654 2317 847 2404 skyddsbref
861 2317 913 2382 fsr
934 2315 1171 2398 Wfflruberga
1192 2315 1312 2378 kloster
1334 2316 1396 2379 orb
1420 2317 1463 2400 pt
1484 2315 1554 2378 dass
1574 2315 1654 2399 gods
1674 2313 1797 2378 boenda
1818 2335 1960 2400 personer.

1907 2431 1935 2484 b
1950 2434 1968 2486 3.
1982 2431 2024 2496 bl)

456 2535 656 2617 Omnibus
684 2555 889 2645 presentes
916 2537 1072 2617 litteras
1101 2535 1361 2642 inspecturis,
1395 2535 1543 2618 Entcus
1557 2534 1622 2618 dei
1637 2536 1772 2643 gracia
1802 2531 1880 2615 dux
1900 2561 2051 2628 sweorun,

316 2645 482 2728 salutem
513 2648 554 2728 in
582 2643 748 2730 domino
779 2651 1062 2757 sempiternam
1105 2644 1265 2726 Tenore
1308 2648 1560 2757 presencium
1590 2662 1778 2728 constare
1819 2645 1982 2726 volumus
2001 2648 2052 2726 eui·

202 2775 211 2792 '
316 2757 478 2851 denter,
511 2753 634 2862 Quod
665 2786 736 2838 nos
766 2759 921 2840 nobiles
949 2776 989 2839 et
1026 2756 1247 2866 Religiosas
1278 2783 1480 2866 personas,
1511 2758 1712 2842 dominam
1743 2756 1992 2864 konegundin
2012 2759 2055 2836 ab

315 2869 503 2950 batissam
532 2871 897 2950 sanctimonialium
927 2873 969 2951 in
999 2885 1135 2949 monte
1165 2867 1281 2948 beate
1318 2868 1485 2974 virginis
1512 2870 1801 2976 strenginensis
1830 2867 2000 2977 dyocesis,
2018 2884 2055 2946 to

314 2998 485 3090 tumque
512 2999 758 3063 conuentum
788 2981 949 3079 ibidem,
973 2993 1078 3077 oum,
1100 2980 1287 3061 omnibus
1304 2981 1518 3063 bonissnis
1534 2980 1825 3077 mobilibus,et
1841 2978 2055 3070 inmobilibus,

313 3094 557 3201 ubicumque
585 3090 766 3173 locorum
795 3095 968 3190 situatis,
994 3092 1157 3187 villicis,
1193 3092 1368 3187 colonis,
1398 3090 1576 3202 familijs,
1618 3110 1659 3173 et
1687 3093 1871 3202 personis
1898 3094 1933 3172 in
1958 3090 2054 3170 eisden

314 3202 433 3283 bonis
460 3204 812 3285 commorantibus
832 3206 909 3287 sub
944 3219 1080 3285 nostre
1125 3204 1384 3312 protectionis
1428 3208 1650 3301 munimen,
1691 3222 1733 3284 et
1779 3203 1900 3284 tutele
1937 3202 2055 3309 gratian

313 3316 528 3423 recipimus
556 3316 788 3422 specialem,
816 3319 1081 3426 Quapropter
1111 3314 1344 3395 mandamus
1372 3314 1560 3397 omnibns
1596 3315 1828 3397 bominibus
1856 3314 1999 3405 nostris,
2018 3310 2056 3387 fir·

312 3428 429 3507 miter
457 3441 498 3507 et
526 3422 727 3522 districte,
753 3444 795 3510 et
822 3430 1027 3536 Rogamus
1052 3452 1192 3509 ornnes
1227 3441 1270 3505 et
1310 3424 1509 3529 singulos,
1547 3454 1682 3507 amore
1730 3428 1862 3507 nostri
1901 3424 2058 3535 quicquan

313 3536 444 3618 facere
488 3535 550 3614 vel
578 3538 763 3619 omittere
793 3540 994 3632 volentes,
1023 3538 1133 3617 omni
1162 3564 1326 3641 precum
1371 3540 1562 3619 instancia
1605 3566 1684 3647 qua
1716 3564 1940 3646 possumus,
1964 3534 2058 3633 Quu-
2100 3600 2101 3603 κ

313 3673 409 3740 nus,
437 3643 490 3725 ad
520 3646 723 3753 predictas
751 3647 1089 3741 sanctimoniales,
1119 3660 1161 3725 et
1202 3647 1381 3753 ipsarum
1425 3650 1529 3728 bona
1559 3650 1715 3744 omnia,
1743 3676 1836 3729 cunr
1867 3644 2019 3755 personis
2035 3642 2058 3718 ir

313 3756 461 3839 eisdem
491 3754 604 3837 firme
641 3759 749 3865 pacis
778 3758 1126 3869 tranquillitatem,
1154 3772 1195 3836 et
1224 3758 1372 3866 quietis
1400 3756 1675 3839 tolleranciam
1704 3756 1882 3839 babeant
1908 3784 1949 3837 ac
1971 3777 2057 3833 anon

316 3869 446 3951 nostri
476 3867 765 3949 inuiolabiliter
795 3868 1014 3951 obseruare
1034 3865 1224 3948 studeant
1252 3926 1418 3950 .....
1447 3870 1625 3949 sinentes
1652 3871 1760 3976 ipsas
1776 3883 1818 3947 et
1848 3868 1947 3949 bona
1964 3888 2059 3946 earun-

314 3977 417 4072 dem,
445 3978 496 4057 ab
526 3979 759 4089 iniquorum
804 3979 1019 4086 molestiis,
1047 3978 1111 4059 rel
1155 4004 1374 4085 prauorum
1419 3976 1825 4087 perturbacionibus,
1868 3979 2059 4089 aliquatenus

312 4088 559 4196 perturbari,
590 4088 660 4171 sed
706 4093 849 4198 pocius
877 4120 943 4174 eas
982 4119 1075 4171 cnm
1118 4088 1236 4171 bonis
1282 4090 1363 4169 suis
1398 4088 1624 4171 defendatis
1653 4090 1835 4199 consilijs
1873 4106 1913 4171 et
1950 4143 2058 4169 .....

312 4202 526 4309 oportunis
553 4202 678 4303 Quod
705 4230 800 4309 erga
829 4230 967 4284 omnes
995 4201 1126 4283 facere
1155 4199 1335 4282 volentes
1370 4262 1378 4281 .
1409 4262 1419 4281 .
1449 4262 1457 4279 .
1486 4199 1758 4283 vissisitudine
1802 4201 1976 4284 volumus
2002 4220 2059 4305 pro

312 4313 473 4407 mereri,
503 4313 653 4395 Datum
699 4370 1441 4395 ............
1471 4314 1576 4421 petri
1608 4312 1793 4394 martiris.
2097 4268 2100 4407 l

709 4488 836 4571 sigillet
856 4487 1022 4551 bortiallet
1042 4487 1115 4550 frdn
1136 4484 1198 4549 den
1220 4505 1260 4548 ur
1280 4484 1407 4551 brefvet
1428 4487 1554 4575 klippta
1576 4508 1708 4551 remean·
1797 4477 1808 4497 Ι

1014 4908 1401 4953 ..n-..-

353 4671 378 4747 *)
399 4668 528 4732 Bresvet
547 4670 682 4735 skadadt
700 4670 740 4736 ot
754 4672 828 4756 fugt
848 4673 892 4759 ps
913 4671 992 4736 flcra
1011 4672 1137 4735 stallen.
1605 4754 1609 4761 ¹
2088 4616 2099 5123 ⁴

2096 5232 2098 5323 l
