4317 5975
749 323 1064 514 fmus
1168 417 1225 440 .-

106 623 216 692 rum,
243 596 442 706 recipiant
468 595 647 706 precium
679 593 816 692 suum,
844 592 1030 678 videlicet
1057 595 1232 708 quilibet
1260 611 1468 703 vectorum
1497 596 1607 680 VIII.
1636 595 1769 708 capita
1797 629 1903 684 mar·

60 791 63 799 ,
106 725 286 792 tarorum
317 727 359 789 et
382 737 505 791 vnum
527 734 603 818 par
625 732 852 814 maparum,
878 709 961 804 vel,
989 707 1082 791 loco
1111 737 1338 819 maparum,
1368 709 1437 790 III.
1461 713 1593 820 capita
1619 727 1905 815 memororum,

105 835 147 902 et
175 817 321 903 deinde
348 820 494 930 hospes
523 819 677 928 absque
704 816 785 900 ulla
816 846 926 899 mora
955 820 1203 929 expediatur.
1856 907 1861 920 ,
1899 821 1905 836 “

216 933 318 1012 Cum
354 949 489 1036 autem
523 931 946 1037 hospitesmemorati
981 931 1219 1014 devenerint
1254 930 1303 1012 ad
1343 929 1497 1029 locum,
1529 932 1625 1042 qui
1647 931 1797 1016 dicitur
1834 965 1908 1046 ge·

107 1043 269 1139 steuelt,
297 1043 478 1153 quelibet
506 1042 622 1122 nauis
649 1041 842 1124 honerata
873 1040 991 1122 bonis
1010 1043 1234 1125 teloneabit
1263 1071 1381 1124 ruam
1414 1069 1586 1124 marcam
1610 1055 1751 1125 einen.
1781 1049 1907 1129 Nauis
1991 1091 1995 1097 ·

104 1156 298 1236 honerata
327 1155 538 1262 grauibus,
570 1169 713 1259 utpote
733 1153 941 1252 carnibus,
971 1152 1121 1250 farina,
1148 1155 1306 1263 siligine
1328 1154 1389 1234 vel
1415 1155 1549 1236 brasio
1570 1153 1822 1238 theloneabit
1844 1158 1907 1242 di·

104 1266 264 1348 midiam
296 1293 468 1346 marcam
499 1264 653 1364 hinem
682 1266 924 1345 nauis-uero
952 1265 1150 1345 honerata
1178 1264 1419 1349 victualibus
1447 1264 1721 1358 adnichilum
1749 1269 1906 1377 obliga·

104 1396 183 1460 tur.
237 1376 527 1468 Thelooearius
556 1375 703 1457 ibidem
733 1376 984 1457 scrutabitur
1018 1379 1145 1473 hona,
1184 1403 1262 1486 pro
1291 1375 1441 1484 quibus
1469 1375 1644 1457 dandum
1681 1395 1742 1459 est
1775 1381 1906 1462 thelo-

105 1516 247 1585 neum,
278 1516 353 1570 nec
379 1485 545 1569 dabitur
570 1486 803 1568 theloneum
835 1505 1050 1598 antequam
1079 1487 1200 1582 bonav
1217 1491 1259 1568 iu
1288 1485 1520 1596 nogardiam
1550 1489 1725 1571 veniant.

66 1601 72 1606 ’
215 1597 393 1705 Quando
416 1599 592 1709 hospites
626 1600 812 1682 estiuales
840 1602 1027 1680 venerint
1054 1616 1150 1679 ante
1177 1616 1418 1696 torrentem,
1460 1601 1534 1709 qui
1563 1596 1711 1679 dieitur
1737 1603 1906 1696 vorsoh,
1988 1667 1995 1684 .

105 1714 236 1798 statim
267 1713 422 1819 absque
451 1738 563 1791 mora
591 1726 773 1790 vectores
800 1709 1031 1792 conducent
1067 1737 1137 1792 eos
1166 1709 1215 1792 ad
1247 1709 1476 1790 tabernam
1495 1713 1760 1824 piscatorum,
1800 1742 1906 1822 quo,

86 1823 490 1932 'dumpervenianu
525 1821 706 1931 quelibet
736 1821 842 1905 lodia
870 1817 987 1904 dabit
1013 1822 1244 1916 vectoribus
1273 1821 1362 1901 IIII.
1394 1849 1516 1932 panes
1544 1837 1585 1900 et
1613 1849 1732 1902 vnam
1760 1824 1907 1904 scutel-

107 1937 189 2015 lam·
213 1935 361 2034 butiri3
402 1936 436 2014 si
466 1961 594 2042 panes
619 1933 769 2016 habere
798 1934 1020 2031 noluerint,
1042 1933 1258 2014 dabuntur
1287 1935 1344 2013 eis
1373 1959 1450 2040 pro
1478 1930 1664 2043 quolibet
1693 1961 1797 2041 paule
1826 1932 1908 2016 dese

105 2073 256 2141 evuen,
299 2061 454 2152 et‘pro
489 2045 628 2126 butiro
664 2046 735 2127 III.
770 2047 905 2154 capita
947 2061 1227 2127 martarorum.
1276 2043 1462 2129 xCuilibet
1502 2045 1654 2124 vectori
1698 2043 1908 2126 dabuntur
1997 2101 2001 2108 ·

43 2173 48 2185 ’
105 2158 214 2239 VIII.
245 2158 379 2264 capita
408 2172 676 2236 martarorum
705 2173 746 2237 et
774 2185 897 2238 vnum
923 2185 997 2266 par
1022 2184 1249 2266 maparum‚
1278 2156 1340 2235 vel
1370 2154 1459 2236 loco
1490 2181 1720 2262 maparum,
1748 2157 1820 2236 III.
1841 2163 1935 2240 ea?

105 2271 189 2378 pita
217 2284 498 2349 martarorum.
554 2259 665 2348 Idem
695 2269 757 2348 ius
784 2269 997 2350 habebunt
1023 2266 1203 2374 hospites
1235 2265 1420 2348 estiuales
1449 2266 1500 2348 de
1529 2264 1667 2347 dando
1696 2267 1907 2370 theloneo,

105 2409 228 2490 quam
257 2396 295 2459 et
324 2375 504 2486 hospites
532 2377 754 2486 hyemales,
783 2398 831 2461 ut
858 2378 1164 2490 supradictum
1191 2397 1264 2462 est.
1899 2436 1904 2454 .

44 2571 53 2584 ,
213 2494 316 2572 Cum
346 2491 490 2598 hospes
519 2490 647 2571 lodias
676 2491 867 2573 conducit
895 2495 937 2572 in
967 2489 1180 2600 nogardia,
1223 2493 1255 2571 si
1292 2489 1397 2571 lodie
1440 2491 1693 2572 occurrerint
1734 2491 1909 2574 nauibus

106 2607 146 2686 in
178 2631 250 2700 nv,
290 2602 470 2713 quelibet
498 2601 604 2682 lodia
635 2606 806 2712 accipiet
834 2604 1013 2714 precium
1044 2595 1160 2684 suum
1190 2620 1232 2684 et
1262 2630 1427 2711 pernam
1455 2603 1519 2682 vel
1548 2605 1596 2683 V.
1626 2627 1749 2684 marc.
1779 2601 1909 2686 cvneu

106 2739 183 2824 pro
212 2742 349 2823 perna.
407 2712 450 2793 si
486 2715 644 2795 venerit
681 2715 788 2797 lodia
826 2718 869 2796 in
903 2742 1115 2796 occursum
1150 2714 1441 2796 mercatoribus
1478 2715 1520 2792 in
1556 2712 1727 2822 aldagen
1747 2714 1826 2794 'rel
1863 2716 1907 2795 in

104 2825 301 2908 wolcowe
337 2825 492 2922 minue,
536 2828 703 2936 recipiet
738 2827 992 2909 medietatem
1028 2829 1156 2934 precii
1193 2843 1245 2908 et
1267 2825 1472 2906 dimidiam
1509 2851 1696 2932 pernam,
1740 2825 1804 2906 r'el
1833 2826 1906 2920 ΙΙΙ.

105 2965 201 3022 mre.
230 2965 378 3047 cvnen,
428 2939 682 3049 Quecunque
710 2939 817 3021 ludia
846 2968 937 3021 cum
965 2939 1052 3019 aliis
1081 2937 1200 3021 lodiis
1228 2935 1430 3020 conducta
1454 2964 1538 3018 non
1567 2938 1741 3034 uenerit,
1769 2938 1908 3047 precio

104 3075 177 3130 suo
204 3052 357 3130 carebit
384 3066 569 3159 tempore
597 3050 804 3161 deputato.
863 3053 1129 3159 Quacumque
1159 3049 1265 3131 lodia
1294 3046 1499 3131 conducta
1520 3072 1618 3127 non
1646 3063 1793 3128 tamen.
1810 3076 1939 3143 one·¹

104 3177 191 3252 rata
222 3163 263 3240 in
292 3159 466 3241 decensu
494 3161 697 3242 confracta
728 3162 871 3258 fuerit,
901 3162 965 3243 uel
993 3164 1241 3271 periclitata,
1271 3159 1453 3258 similiter
1482 3160 1620 3268 precio
1642 3186 1718 3257 suo
1739 3154 1907 3243 carebit.

105 3274 208 3353 Cum
236 3289 478 3353 mercatores
506 3300 597 3353 cum
626 3272 745 3354 lodiis
773 3274 996 3355 ascendunt
1022 3289 1064 3353 et
1094 3300 1144 3354 ex
1164 3270 1400 3381 ¹infortunio
1429 3270 1564 3379 aliqua
1586 3269 1781 3351 dissensio
1801 3246 1907 3353 ibter

107 3401 349 3465 mercatores
384 3400 437 3465 et'
461 3401 643 3465 vectores
678 3401 769 3465 orta
801 3384 945 3482 fuerit,
996 3385 1063 3463 uel
1100 3386 1306 3493 percussio
1340 3382 1645 3478 interuenerit',.
1674 3397 1715 3460 et
1751 3381 1800 3463 lis
1833 3410 1908 3491 per

59 3534 64 3545 ·
107 3496 443 3605 composicionem
491 3492 627 3574 sedata
676 3494 801 3575 fuerit
850 3524 932 3576 non
984 3495 1106 3578 debet
1154 3494 1295 3575 eadem
1342 3492 1536 3575 dissensio
1588 3491 1778 3599 amplius.
1809 3520 1907 3585 ven·
1995 3498 1997 3506 ’

105 3608 226 3689 tilari.
284 3608 384 3686 Cum
416 3622 657 3687 mercatores
685 3604 910 3687 ascendunt
938 3607 1141 3687 woleowe
1177 3622 1219 3687 et
1255 3607 1425 3687 ve'niunt
1461 3603 1511 3683 ad
1550 3605 1697 3683 veritin
1733 3606 1908 3711 ritsagen
2005 3642 2008 3649 ·

106 3722 232 3828 prima
262 3716 326 3797 die
355 3718 493 3796 famuli
521 3733 791 3796 mercatorum
820 3739 905 3797 non
934 3718 1147 3797 intrabunt
1174 3718 1368 3825 ritsagen,
1397 3714 1466 3793 sed
1496 3712 1673 3793 secunda
1696 3711 1760 3793 die
1781 3716 1906 3795 intra·

103 3832 209 3912 bunt
236 3848 276 3910 et
303 3828 494 3921 exibunt,
523 3854 614 3907 cum
642 3822 830 3907 venerint
858 3826 1154 3907 dhrelleborch.
1207 3827 1308 3905 Cum
1339 3823 1486 3929 hospes
1507 3850 1571 3901 res
1591 3850 1682 3901 suas
1705 3825 1840 3931 posuit
1862 3826 1905 3905 in

103 3940 240 4037 Iodiis,
286 3957 327 4019 et
354 3968 405 4021 er
433 3937 658 4030 infortunio
686 3937 822 4048 aliqua
852 3936 959 4017 lodia
990 3936 1213 4047 periclitata
1250 3935 1375 4015 fuerit
1409 3932 1474 4011 vel
1497 3931 1758 4027 confracta,
1783 3934 1906 4016 nichil
1989 3954 1996 3970 '
2108 3974 2113 3983 ·

37 4085 40 4090 ·
105 4053 157 4136 de
184 4053 263 4133 hoc
290 4048 342 4130 ad
370 4050 591 4159 hospitem,
632 4048 702 4130 s'ed
737 4076 812 4157 pro
848 4048 986 4157 precio
1024 4044 1287 4155 respondebit
1316 4072 1392 4153 pro
1422 4042 1678 4151 longitudine
1707 4045 1791 4140 vie,
1825 4072 1905 4155 qua

15 4213 20 4225 =
104 4191 170 4247 res
198 4162 335 4259 duxit,
366 4179 409 4241 et
434 4163 582 4269 hospes
608 4160 823 4241 sustinebit
850 4158 1087 4267 dampnum,
1116 4157 1229 4268 quod
1257 4153 1402 4237 exinde
1431 4156 1624 4283 percepit.

217 4271 393 4379 Quando
422 4298 547 4353 naues
583 4288 848 4354 mercatorum
886 4286 982 4351 sunt
1016 4272 1059 4349 in
1097 4298 1168 4365 nv,
1209 4266 1428 4363 secundum
1464 4286 1672 4375 antiquam
1709 4266 1904 4347 iusticiam
2018 4343 2023 4353 ,
2087 4332 2092 4339 ,

107 4386 233 4470 libere
262 4400 434 4493 possunt
462 4382 664 4491 negociari
695 4382 875 4491 hospites
907 4407 999 4463 cum
1027 4381 1170 4461 caralis
1205 4396 1245 4461 et
1273 4378 1444 4483 angeris.
1501 4378 1604 4457 Cum
1634 4378 1811 4485 hospites
1839 4404 1907 4459 ve·

108 4501 229 4580 niunt
257 4499 298 4577 in
329 4492 563 4602 nogardiam
593 4491 743 4573 debent
772 4493 923 4575 vehicla
953 4520 1037 4575 esse
1064 4507 1206 4601 parata
1236 4489 1289 4571 ad
1320 4487 1555 4572 deferendas
1588 4513 1651 4567 res
1678 4488 1906 4596 hospitum,

106 4626 149 4691 et
176 4607 343 4690 cuilibet
371 4606 479 4687 lodie
507 4604 714 4686 dabuntur
733 4606 822 4687 XV.
842 4605 993 4706 ernen3
1021 4600 1247 4711 predictum
1273 4599 1448 4709 precium
1471 4598 1637 4683 dabitur
1655 4597 1763 4700 inira
1784 4602 1906 4712 quin·
2007 4695 2009 4702 .
2106 4618 2109 4627 ¹

57 4752 61 4760 ’
108 4719 264 4804 denam.
322 4718 520 4799 Gotenses
547 4716 597 4796 X.
624 4743 746 4796 cvnas
775 4716 935 4798 dabunt
961 4742 1039 4825 pro
1068 4715 1189 4795 rebus
1216 4715 1298 4793 suis
1327 4708 1583 4793 deserendis..
1895 4780 1900 4794 ,

221 4829 411 4939 Hospites
438 4854 530 4908 cum
557 4828 731 4908 exierint
757 4856 779 4909 a
809 4830 921 4911 curia
951 4826 1305 4911 theuthonicorum
1333 4820 1491 4945 dabunt
1519 4820 1638 4904 lodiis
1666 4822 1710 4905 iu
1731 4818 1905 4906 docensu

109 4940 313 5028 dimidiam
340 4965 514 5020 marcam
543 4966 693 5024 cvnen,
949 5005 952 5010 .
1166 4993 1170 5001 .
1228 4993 1233 5004 .
1296 4990 1307 5007 ,
1370 5002 1371 5007 t
1421 4996 1424 5003 .
1511 5046 1514 5049 Ι
1786 5004 1789 5011 ,

268 5062 511 5140 summere
874 5113 883 5134 ,
1038 5070 1089 5121 .·
1180 5108 1295 5124 ,,,
1691 5056 1796 5133 aa
1899 5054 1926 5074 ν·
