4317 5975
801 424 892 496 „J
961 312 1022 503 '73¹
1088 425 1190 494 Ι...

102 592 271 733 dicippis
299 596 420 679 serics
447 594 686 684 deuenisset.
715 586 818 729 on
846 601 1004 724 audito,
1027 601 1295 737 gruprpdicps
1336 618 1420 685 tres
1457 630 1614 686 marcas
1650 606 1808 715 argenti
1834 597 1926 687 ⁴se-⁸

99 682 234 818 'pbiato
257 723 398 789 arturo
427 738 552 823 nsque
581 710 633 793 ad
662 712 992 795 teimin‘acione'm
1012 686 1181 823 'n'cgb'crj
1192 714 1495 800 ‘custodiendas
1523 717 1704 797 commisi
1730 688 1899 800 exilrilsri

101 821 307 901 memorati
327 819 493 904 domini
521 822 641 932 Regis
669 824 878 934 pacienter
895 843 1129 935 'expectare'
1146 851 1412 935 proponens,¹
1433 829 1564 934 sciens
1589 826 1898 938 'ipsumrdomi-

100 958 190 1011 num
223 932 374 1041 Regem
402 932 446 1017 in
475 937 603 1017 causis
632 934 896 1018 deciudendis
924 936 1012 1019 fore
1045 940 1269 1020 iustum..
1298 1000 1308 1018 .
1336 998 1383 1035 .,
1420 940 1593 1020 necnon
1609 932 1799 1048 'personis
1833 968 1900 1021 ec·

100 1040 326 1150 clesiasticis
355 1049 395 1122 8(
425 1048 617 1155 precipue
635 1048 850 1157 ¹religiosis
892 1044 1157 1130 fauorabilem
1198 1049 1366 1131 existere
1407 1053 1448 1129 in
1491 1048 1609 1131 licitis
1636 1056 1677 1130 8(
1705 1051 1896 1151 honestis.

98 1152 236 1263 quj&
266 1153 521 1267 quandoque
541 1156 735 1240 fratribus
765 1158 912 1247 nostris
950 1158 1277 1271 supplicantibus
1314 1165 1354 1240 &
1387 1161 1898 1273 necessitatem‘intiltipli·

97 1290 178 1345 cem
208 1264 545 1374 pretendentibus
574 1261 841 1379 probabeudo
869 1296 919 1351 ex
947 1299 1020 1352 sua
1053 1272 1190 1379 gracia
1240 1271 1285 1350 'r'
1317 1304 1342 1351 .·
1381 1332 1392 1351 .
1449 1340 1459 1362 ,
1517 1270 1747 1378 oinf't’llla
1769 1267 1894 1382 isepe-⁵

95 1372 199 1455 dicta
243 1376 417 1485 benigne
461 1368 620 1479 vendit,
663 1379 774 1491 quod
818 1408 907 1462 cum
952 1380 1101 1463 fundos
1138 1384 1216 1462 iam
1243 1380 1334 1489 alijs
1370 1381 1610 1464 contulisset
1640 1376 1805 1481 saberet
1823 1411 1896 1466 no-

94 1484 152 1567 bis
182 1489 217 1567 si
246 1516 322 1597 per
350 1492 424 1569 nos
454 1516 660 1599 possemus
688 1492 860 1606 aliquem
890 1494 1085 1602 optinere.
1114 1494 1221 1576 Sane
1249 1488 1475 1601 sepedictus
1503 1485 1805 1575 dominiis'‘'.li.'
1822 1495 1897 1577 bec
1973 1536 1980 1558 r

93 1596 167 1678 sibi
213 1628 287 1708 per
331 1628 393 1680 me
435 1600 562 1683 relata
608 1626 814 1713 respuens,
858 1608 898 1683 8(
940 1605 1156 1686 immutans
1197 1602 1468 1716 proponendo
1509 1605 1593 1684 sive
1642 1606 1896 1711 expectando
1928 1611 1931 1614 ’
1979 1621 1981 1633 ’

94 1708 264 1791 iudicem
295 1710 449 1792 domini
479 1712 611 1822 Regis,
639 1714 841 1824 sepedicte
875 1714 1036 1797 domine
1065 1743 1140 1825 per
1167 1714 1383 1796 suffectum
1428 1742 1544 1795 suum
1585 1706 1794 1807 m'andauit
1830 1716 1895 1797 ‘di-
2009 1766 2012 1768 ‡
2115 1812 2129 1834 Ι

15 1836 20 1853 ·
94 1819 230 1901 stricte
259 1824 403 1905 &sub
434 1852 537 1932 pena
567 1826 790 1906 amissionis
820 1826 989 1935 manerij
1022 1825 1191 1921 venditi,
1218 1845 1263 1908 rt
1297 1825 1420 1907 michi
1454 1832 1661 1908 recessuro
1699 1827 1751 1913 de
1789 1834 1896 1909 'stoc-

93 1930 200 2012 bolm
229 1961 324 2012 mox
347 1961 478 2013 arram
508 1940 737 2018 restitueret
765 1966 886 2047 quam
915 1938 1078 2047 recepit
1117 1935 1230 2047 quod
1260 1996 1427 2020 .....
1456 1936 1527 2017 (Ἠο
1555 1946 1738 2047 temp0re
1767 1937 1898 2019 lacere

95 2046 307 2138 recusauit,
336 2073 515 2127 asserens
543 2076 585 2131 se
612 2046 839 2129 vendidisse
856 2078 950 2145 rem,
966 2046 1084 2156 cujus
1099 2053 1327 2159 proprietas
1340 2047 1417 2127 sibi
1433 2046 1559 2129 libere
1575 2049 1813 2158 pertinebat.
1843 2052 1896 2130 ln
1940 2081 1944 2092 ·

96 2158 269 2239 crastino
298 2174 433 2237 autem
464 2157 567 2241 idem
595 2158 781 2241 dominus
810 2160 868 2241 .R.
904 2158 1110 2239 dominam
1146 2160 1255 2240 illam
1297 2160 1530 2239 accersitam
1561 2188 1640 2271 per
1676 2162 1897 2240 commina-

95 2270 228 2349 ciones
256 2269 484 2349 consimiles
513 2270 719 2381 prioribus
747 2270 944 2380 conpulit,
974 2286 1017 2351 vt
1046 2298 1176 2352 arram
1206 2273 1440 2381 sepedictam
1464 2272 1507 2349 in
1530 2299 1672 2350 manus
1686 2270 1895 2352 cuiusdam

96 2381 326 2459 mereatoris
355 2376 485 2476 daret,
514 2410 587 2490 per
615 2387 747 2493 ipsum
778 2382 898 2463 michi
927 2381 1227 2478 restituendam,
1255 2380 1320 2461 vel
1349 2385 1494 2462 sicam
1529 2381 1678 2462 nollem
1714 2382 1895 2490 recipere

94 2490 185 2572 fisco
215 2491 344 2599 Regio
373 2486 657 2600 deputandam.
685 2488 837 2575 Verum
865 2522 941 2603 ego
970 2496 1131 2575 nomine
1163 2493 1333 2573 fratrum
1363 2502 1402 2574 8(
1432 2520 1519 2573 meo
1546 2492 1639 2575 ioro
1674 2494 1750 2573 rite
1785 2493 1895 2574 facto

92 2602 268 2683 finaliter
300 2602 392 2681 initi
420 2603 572 2697 rolens,
607 2635 652 2687 ae
681 2604 840 2687 eosdem
871 2606 1015 2687 iratres
1046 2668 1055 2689 .
1084 2669 1093 2687 .
1122 2658 1133 2685 «.
1163 2666 1173 2685 .
1204 2603 1409 2685 otabiliter
1438 2610 1477 2684 8(
1512 2599 1705 2686 indebite
1729 2606 1895 2710 grauari

94 2717 280 2809 sentiens,
310 2714 352 2795 in
382 2741 430 2793 eo
459 2718 640 2813 maxime,
671 2719 885 2828 quiscum
914 2746 990 2825 ego
1027 2743 1105 2825 pro
1141 2716 1285 2797 domus
1322 2734 1458 2797 nostre
1494 2715 1674 2824 negocijs
1702 2716 1895 2807 misissem

91 2822 237 2907 iratres
256 2824 316 2935 *ad
347 2824 479 2905 villam
509 2828 841 2909 stocholmcnsem
870 2826 1107 2936 predictam,
1136 2834 1175 2907 8(
1203 2828 1280 2935 ipsi
1316 2829 1427 2907 iuxta
1465 2828 1783 2907 conuencionem
1819 2854 1894 2935 per

91 2961 152 3018 me
182 2935 333 3016 iactam
362 2932 619 3020 diuertissent
649 2938 700 3021 ad
731 2940 893 3022 domum
925 2936 1096 3018 fratrum
1247 2998 1257 3018 .
1299 2936 1545 3047 deputatam,
1590 2936 1742 3018 exclusi
1797 2951 1893 3019 sunt

88 3065 264 3158 propter
294 3045 496 3130 districtas
524 3051 788 3133 inhibiciones
817 3041 962 3158 prelati
991 3047 1145 3128 domini
1183 3049 1239 3129 Β.
1273 3047 1355 3156 'qui
1398 3046 1566 3128 eandem
1611 3051 1776 3157 insuper
1817 3050 1893 3131 do·

88 3187 196 3241 mum
226 3159 269 3240 in
303 3157 566 3267 preiudicium
596 3190 681 3242 non
707 3159 910 3244 modicum
940 3160 1117 3241 fratrum
1151 3173 1383 3240 nostrorum
1428 3187 1492 3239 ac.
1517 3186 1649 3240 meum
1692 3161 1773 3241 suis
1814 3161 1897 3262 iam

90 3268 309 3352 commodis
339 3269 558 3380 adaptauit,
587 3273 638 3353 ab
663 3271 746 3382 bijs
768 3278 815 3353 8(
844 3271 934 3380 alijs
968 3258 1300 3383 quibusqumque
1348 3269 1652 3377 grauaminibus
1692 3299 1767 3380 per
1793 3299 1892 3352 eun·
1997 3278 1999 3285 '

90 3381 176 3464 dem
207 3380 417 3462 dominum
446 3383 557 3477 Rath
586 3385 751 3466 militem
777 3389 821 3463 8(
843 3383 1114 3465 castellanum
1151 3381 1487 3462 stocholmensem
1523 3381 1645 3463 illatis
1675 3410 1752 3472 ‚seu
1789 3381 1854 3462 inf
1873 3427 1892 3445 ·

91 3491 222 3575 remiis
251 3495 295 3572 in
325 3492 401 3574 bac
430 3514 558 3603 parte,
586 3495 850 3610 apostolicam
879 3493 1009 3578 sedem
1034 3496 1081 3576 in
1111 3493 1189 3600 hijs
1217 3492 1377 3599 scriptis
1402 3491 1554 3601 apello,
1583 3521 1647 3573 me
1675 3497 1714 3572 8(
1739 3521 1891 3574 memo·

91 3622 221 3688 ratum
252 3608 474 3712 empcionis
502 3609 715 3715 negocium
744 3635 816 3715 per
845 3635 908 3686 me
952 3622 1224 3714 procuratum,
1268 3600 1445 3686 eiusdem
1492 3602 1596 3683 sedis
1643 3605 1891 3714 protectioni

91 3716 341 3797 submittens.
372 3720 519 3798 Actum
547 3718 657 3827 apud
681 3717 925 3827 karlsbergb
968 3742 1077 3796 anno
1117 3723 1161 3796 8(
1200 3717 1265 3795 die
1307 3713 1558 3822 supradictis,
1602 3717 1651 3794 ln
1677 3718 1890 3824 presencia
1995 3715 2001 3731 '

89 3824 316 3909 Reuerendi
345 3829 470 3936 patris
505 3857 551 3909 ac
593 3828 746 3911 domini
789 3827 954 3935 Dominj
996 3827 1132 3936 Magni
1174 3823 1238 3906 dei
1287 3827 1415 3934 gratia
1461 3826 1683 3934 vpsalensis
1719 3826 1890 3909 ecclesie
2028 3860 2031 3864 ⁸
2121 3863 2123 3872 ·

91 3935 204 4020 electi
233 3943 471 4035 consecrati,
500 3957 686 4048 presente
714 3968 880 4050 quoque
914 3941 1085 4019 honesto
1127 3935 1252 4017 milite
1293 3934 1458 4016 domino
1502 3935 1714 4018 benedicto
1757 3937 1889 4021 boson

91 4053 246 4132 rterino
276 4049 403 4130 fratre
431 4052 556 4158 ipsius
583 4048 735 4132 domini
770 4051 898 4145 electi,
941 4051 1119 4129 Domino
1163 4050 1384 4132 Ernwano·
1426 4047 1632 4128 Canonico
1676 4049 1911 4156 rpsalensi,¹

90 4162 265 4244 Domino
295 4162 492 4242 Niebolao
521 4169 689 4244 rectore
707 4161 871 4243 ecclesie
899 4159 1156 4268 skeptunum,
1187 4162 1362 4238 Domino
1388 4157 1542 4240 Thoma
1575 4173 1731 4238 rectore
1760 4158 1886 4241 eccle·

89 4275 154 4354 sie
173 4271 377 4371 schanald,
405 4275 580 4356 Domino
608 4274 852 4358 Tborberno
889 4288 1047 4352 rectore
1090 4272 1253 4352 ecclesie
1297 4285 1536 4366 aesetunum,
1578 4286 1619 4350 ct
1661 4269 1752 4377 alijs
1795 4270 1885 4381 plu·

85 4385 210 4480 ssibus.
1128 4491 1132 4499 A
1445 4472 1447 4477 .
1530 4473 1535 4485 .

307 4529 453 4611 Sigillcn,
479 4549 491 4594 r
516 4530 609 4612 bigot
629 4528 775 4606 siadrdn
798 4528 835 4588 al
852 4547 881 4604 a,
903 4529 934 4606 d,
955 4525 976 4590 5
997 4527 1124 4608 stycleu
1146 4545 1243 4608 qvam,
1264 4526 1283 4586 3
1303 4524 1405 4585 blotta
1431 4543 1551 4584 remsau
1578 4542 1664 4605 qrar.

185 4645 424 4724 ramiridem
446 4646 629 4734 Appellucio
650 4643 784 4732 quedam
805 4664 900 4726 quam
920 4663 1015 4726 super
1035 4662 1110 4702 area
1131 4639 1264 4724 quadam
1286 4637 1460 4703 Stokbolm.
1476 4639 1675 4702 iecitF'ratcr
1696 4639 1783 4704 bau·
1815 4664 1819 4677 ·

696 4729 839 4791 'centius
861 4738 934 4815 tunc
950 4729 1043 4814 prior
1064 4724 1252 4788 riktuucusis.

232 4847 287 4906 aiv.
304 4847 432 4920 ,orpora
458 4845 500 4906 11.
781 4931 787 4936 ⁵
1531 4805 1535 4812 Ι
1640 4831 1686 4881 ’9
