4317 5975
909 434 1025 465 --w
1131 392 1210 477 138
1319 438 1377 498 ·.·

180 666 184 673 ·
267 622 425 708 doti'in
445 618 594 705 eadem
624 619 835 727 prouincia
862 614 1068 703 dimidiam
1096 616 1300 697 marcham
1327 613 1421 697 den.
1450 613 1616 695 ecclesie
1657 614 1782 722 pstby
1823 614 1885 695 in'
1906 620 2049 705 walen.

264 734 502 817 dabundaeri
530 757 647 811 unam
678 727 878 811 marcham
914 727 1006 811 den.
1044 728 1210 808 ecclesie
1245 724 1454 833 sudherby
1490 726 1532 805 in
1561 722 1809 835 Lybundaeri
1835 722 1928 810 dim.
1955 761 2051 815 mnf.

264 846 380 929 cham
409 845 500 927 den.
528 841 626 950 jtem
655 840 980 947 karlunxiryrkiu
1008 837 1103 919 dim.
1135 839 1337 919 merebam
1366 837 1458 919 den.
1485 838 1664 918 iohanni
1690 842 1948 949 procuratorj
1970 872 2053 928 men

261 982 332 1037 sex
366 956 546 1036 marchas
576 954 697 1033 vxori
718 980 789 1033 sue
806 952 956 1061 gyridb
972 956 1156 1063 quinque
1171 951 1352 1031 marchas
1364 948 1456 1032 den.
1487 949 1662 1030 iohanni
1691 948 1864 1045 itarlsoni
1874 980 1944 1033 sex
1959 984 2055 1037 mar·

233 1066 357 1149 obas
385 1066 476 1151 den.
505 1080 603 1173 gnta
631 1062 819 1173 dyacona
848 1082 1024 1173 quatuor
1054 1064 1236 1145 marchas
1263 1061 1353 1143 den.
1382 1060 1547 1143 domino
1568 1059 1791 1142 hennikino
1812 1064 2063 1151 iubatuuum

263 1180 512 1261 breuiarium
528 1192 660 1255 meu'm
672 1175 811 1256 Testes
826 1175 946 1255 huius
976 1202 1060 1255 mee
1089 1174 1365 1256 ordinacionis
1394 1189 1501 1268 sunt,
1517 1172 1704 1255 dominus
1718 1172 1972 1285 hemmingus
1983 1178 2056 1259 Ca·

263 1291 434 1370 monicus
464 1288 696 1403 rpsalensis,
730 1286 855 1369 irater
878 1289 957 1367 boo
984 1293 1177 1395 supprior
1192 1285 1362 1367 fratrum
1378 1283 1678 1393 predicatorum
1706 1285 1847 1366 ricton
1877 1287 2056 1375 dominus

261 1400 421 1481 haenika
449 1399 635 1483 sacerdos
662 1397 716 1479 de
743 1398 951 1495 batianum,
980 1395 1167 1478 dominus
1190 1396 1290 1477 bero
1311 1396 1362 1477 de
1384 1397 1625 1504 giristum&
1642 1395 1877 1504 parochiani
1894 1400 1973 1507 mej
1987 1398 2055 1482 soi·

142 1614 146 1621 Ι
263 1510 358 1599 iicet
386 1507 563 1593 finuidus
592 1508 641 1590 de
669 1508 876 1597 bruunstae
913 1526 1000 1589 atto
1023 1510 1087 1591 de
1115 1507 1314 1617 kyninge,
1332 1510 1561 1590 laurencius
1599 1505 1650 1636 de
1690 1506 1915 1607 karubium,
1952 1512 2055 1593 hem·

152 1752 160 1771 κ
262 1620 1372 1845 titipltiiiiiii-¹:²⁸isitiiffltiitiil
1385 1644 1612 1811 attilii
1639 1624 2056 1844 immitit}
2136 1678 2140 1685 ’

262 1848 449 1935 canonici
477 1844 700 1954 upsalensis
730 1844 988 1925 dominorum
1017 1843 1229 1926 hennikini
1257 1842 1310 1923 de
1344 1843 1541 1923 batunum
1582 1848 1624 1923 &
1664 1842 1829 1924 beronis
1870 1842 1925 1925 de
1965 1846 2078 1953 girl·

262 1972 370 2056 stum
394 1957 534 2037 'fratris
563 1958 645 2037 boo
673 1955 724 2036 de
753 1958 921 2037 sictonia
951 1976 1031 2036 rna
1059 1983 1154 2037 oum
1178 1955 1311 2070 sigillo
1339 1980 1430 2035 meo
1466 1972 1564 2062 peto
1599 1954 1855 2064 presentibus
1892 1956 2054 2039 firmiter

259 2070 415 2177 apponi
443 2073 587 2149 Actum
613 2090 724 2148 anno
753 2066 905 2149 domini
935 2066 1084 2177 il'GC’
1114 2070 1379 2175 nonagesimo
1404 2064 1584 2147 secundo
1609 2080 1724 2147 sexto
1751 2064 1843 2147 idus
1871 2070 2019 2151 marcii.
2133 2086 2139 2097 “

272 2377 462 2497 1065.Ι
884 2313 1129 2524 1299 ε1.
1180 2411 1246 2484 21
1300 2378 1448 2482 Mars
1944 2376 2057 2486 Sko.

343 2566 476 2628 Macros
496 2566 609 2628 Jouirs
629 2586 696 2627 sons
717 2562 824 2645 tilitigg
846 2564 892 2624 till
915 2564 981 2626 dess
1003 2565 1088 2626 iiirut
1108 2564 1216 2646 gion-da
1236 2565 1442 2627 Testamenta
1722 2643 1759 2699 Δ·
1774 2646 1800 2698 ἀ
1817 2662 1841 2698 ι
1858 2661 1890 2699 ²
1907 2646 1934 2699 5·

371 2748 581 2830 Uniuersis
608 2762 816 2854 presentes
846 2746 998 2827 litteras
1033 2748 1300 2855 inspecturis·
1327 2747 1504 2828 Missus
1548 2750 1776 2843 iosussott,
1805 2746 1988 2830 Salutem
2016 2750 2054 2830 in

260 2860 439 2955 omnium
470 2859 681 2937 saluatore.
711 2858 895 2937 Humane
926 2860 1069 2939 mentis
1098 2858 1253 2939 obliuio
1282 2857 1497 2939 multarum
1527 2860 1570 2939 in
1600 2859 1676 2939 hoc
1713 2860 1876 2940 mortali
1915 2888 1985 2975 cur

256 2997 301 3055 re
343 2997 531 3052 curarum
575 2968 837 3050 incommodis
880 2982 1095 3078 occupate,v
1135 2996 1216 3051 ‘nec
1261 2995 1347 3048 non·
1379 2970 1615 3080 inopinatus
1656 2969 1866 3053 hominum
1903 2992 1981 3054 cx'
2035 2990 2056 3054 c
2137 3016 2144 3026 -

258 3084 341 3165 vita
370 3085 577 3176 transitus,
606 3081 754 3160 in1=biis
782 3074 1018 3188 sciamque
1053 3081 1131 3159 rite
1167 3096 1376 3188 geruntur,
1411 3108 1497 3162 non
1532 3108 1751 3192 numquam
1788 3082 1964 3166 deiicere
1999 3083 2054 3164 f·
2107 3181 2112 3188 ι

151 3257 155 3264 ι
258 3195 371 3278 ciunt
397 3192 626 3274 testimonia
656 3192 749 3269 viue
778 3193 900 3271 vocis.
931 3189 1113 3299 ideoque
1142 3194 1445 3272 rememoratiua
1476 3193 1701 3274 litterarum
1738 3198 1962 3276 munimina
1997 3224 2055 3276 sa·

257 3307 411 3414 gaciter
438 3303 555 3382 simul
585 3301 803 3382 &utiliter
836 3319 931 3380 sunt
960 3305 1139 3381 inuenta.
1171 3304 1400 3411 Eapropter
1430 3305 1681 3413 presencium
1718 3323 1862 3388 tenore
1900 3324 2055 3388 consta·

257 3443 301 3497 re
334 3414 425 3494 volo
454 3413 642 3494 omnibus
671 3411 893 3508 euidenter,
927 3410 1063 3516 Quod,
1094 3414 1198 3493 sicut
1228 3440 1314 3492 meo
1344 3412 1421 3493 feci
1450 3417 1572 3495 inseri
1611 3432 1864 3515 testament0‚
1903 3419 2054 3515 Dilecte

257 3521 373 3607 vxori
404 3532 489 3605 mee
512 3522 744 3634 'J'ngiburgi
774 3525 805 3603 si
833 3525 959 3640 ipsam
992 3540 1085 3630 post
1113 3553 1175 3604 me
1203 3526 1457 3632 superstitem
1495 3527 1669 3636 relinqui
1705 3530 1939 3637 contigerit,
1969 3529 2055 3639 lego

256 3631 300 3717 δι’
326 3629 514 3719 confero
535 3635 696 3720 Curiam
728 3662 854 3714 meam
899 3639 940 3716 in
984 3633 1156 3714 fredawi
1198 3662 1288 3717 cum
1331 3639 1562 3717 attinenciis
1605 3639 1794 3722 omnibus
1836 3640 2068 3746 mobilibus·

230 3777 234 3782 ’
257 3747 297 3828 si
326 3747 599 3851 inmobilibus,
629 3746 667 3827 8(
698 3745 931 3826 molendina·
954 3747 1200 3855 pertinentia
1224 3745 1281 3827 ad·
1298 3749 1473 3844 Curiam,
1487 3747 1744 3860 baldingstad
1760 3778 1924 3834 necnon
1939 3739 2066 3862 quin-³

18 3879 21 3892 ¹
143 3940 154 3960 x
257 3885 344 3969 que,
367 3857 522 3940 solidos·
542 3876 648 3939 terre
678 3886 769 3940 cum
799 3855 964 3937 dimidio
993 3860 1033 3937 in
1062 3857 1239 3953 mistum,
1267 3887 1323 3938 ac·
1341 3856 1546 3941 dimidiam
1576 3878 1688 3941 oram
1718 3879 1826 3943 terre
1855 3866 1902 3944 in
1930 3861 2055 3964 Sebi.

257 3973 457 4068 Ceterum,
487 3974 581 4083 quia
612 3971 776 4054 Curiam
807 3997 944 4064 meam,
974 3969 1106 4063 bodir‚
1134 3971 1250 4049 sitam
1282 3974 1320 4049 in
1352 3969 1562 4081 Niudungi
1590 3999 1710 4083 quam
1740 3971 1872 4060 eidem
1910 3975 2055 4056 dilecte
2085 4017 2089 4026 ·

223 4107 227 4191 s
254 4085 370 4162 uxori
402 4112 486 4163 mee
516 4110 593 4193 pro
622 4081 844 4163 donacione
874 4100 1044 4190 propter
1071 4083 1244 4190 nupcias
1265 4083 1573 4189 assignaueram‘,
1593 4085 1873 4192 postmodum
1912 4071 2055 4168 contu·

253 4191 292 4273 ii·
313 4191 466 4278 ismido
488 4191 597 4289 mec,
626 4189 773 4301 Magno
790 4191 913 4274 'dicto
941 4192 1068 4289 entia,
1084 4192 1175 4273 idco
1191 4193 1282 4294 lopo
1296 4195 1381 4273 eius
1395 4194 1561 4274 Curiam
1582 4207 1708 4276 meam
1733 4198 1908 4296 lineabis
1923 4197 2055 4293 areoli,

158 4359 165 4368 ,
258 4333 348 4385 cum
380 4305 610 4385 attinenciis
640 4305 838 4408 omnibus·
857 4305 932 4412 ipsi
962 4307 1077 4384 vxuri
1107 4332 1193 4384 mee
1229 4305 1394 4385 confero
1436 4311 1475 4385 a
1517 4307 1688 4414 assigno.
1732 4307 1929 4406 Viterius,
1959 4312 2054 4420 quia

253 4417 419 4497 Curiam
448 4414 641 4516 Midalhir,
670 4414 862 4499 cuiusad
890 4415 1133 4526 sepedictam
1163 4415 1351 4494 dilectam
1379 4443 1546 4500 uxorem
1582 4429 1728 4516 m'eam,
1763 4420 1861 4499 olim
1899 4437 2080 4531 spectac

252 4527 594 4638 bat‘proprictas,
627 4525 677 4608 de
704 4528 829 4634 ipsius
858 4552 1053 4607 consensu
1085 4525 1249 4616 contuli·
1268 4528 1442 4607 Domine
1483 4529 1688 4636 Ragniidi,
1730 4534 1849 4612 uxori
1886 4531 2082 4642 *domini

252 4635 453 4731 benedicti
485 4639 623 4736 boson,
653 4635 802 4719 idcirco
831 4639 992 4730 Curiam
1023 4664 1151 4717 meam
1177 4638 1287 4746 egby}
1318 4667 1339 4718 a
1369 4637 1539 4739 thorsni,
1579 4661 1674 4746 cum
1703 4641 1897 4726 omnibus
1926 4643 2073 4726 eidem·

252 4745 527 4832 attinentibus
549 4747 837 4831 refundendam
867 4751 966 4833 duxi
995 4749 1214 4858 prediiejcte
1243 4750 1358 4847 exori
1389 4777 1474 4832 mee
1487 4753 1622 4860 sepius
1633 4765 1865 4847 memorate:
1907 4757 2061 4865 ¹Super

248 4855 401 4972 quilius
420 4853 630 4960 omnibus,
661 4889 711 4942 ne
734 4859 777 4942 in
808 4879 1013 4971 posterum
1042 4862 1178 4973 aliqua
1206 4865 1365 4942 oriatur
1392 4861 1652 4974 callumpnia‚
1681 4865 1869 4974 Sigillum
1884 4867 2068 4949 Domini

120 5021 126 5030 ·
246 4975 337 5068 mei,
389 4959 573 5081 Dominj,
622 4973 788 5084 Birgeri,
841 4973 1051 5056 Sweorum
1092 4975 1402 5086 Gothorumque
1443 4976 1565 5086 Regis
1605 4977 1785 5077 illustris,
1800 4983 1871 5060 ³&
1909 4977 2054 5090 Sigilla
2104 5032 2106 5035 -
