4317 5975
773 319 1021 484 ..u-a,
1135 355 1306 424 ...-

74 601 226 670 statuta
259 582 464 664 homiuum
497 584 620 664 etiam
651 583 816 676 variari,
848 608 923 661 nos
946 579 1064 662 sacri
1106 581 1260 664 concilii
1288 580 1552 690 provincialis
1599 579 1879 666 deliberatione
1940 585 1951 608 ‘

79 695 314 808 praehabita,
343 692 393 776 de
420 692 536 775 dictis
563 695 721 776 statutis
748 688 926 803 quaedam
953 692 1007 772 ob
1035 695 1210 803 ipsorum
1244 694 1419 800 rigorum
1453 691 1705 788 evidenmam-
1726 698 1880 802 mitiga-

10 812 12 815 “
79 809 200 890 tionis
226 807 386 888 licentia
411 803 595 888 duximus
621 800 848 884 mollienda:
881 801 1060 915 quaedam
1095 833 1191 887 vero
1227 823 1392 914 propter
1420 808 1479 888 sui
1506 805 1787 888 obscuritatem
1814 805 1881 886 de·

79 916 278 1013 claranda,
305 937 350 999 ut
382 918 487 1000 infra
513 916 669 1026 patebit
696 917 774 996 suis
788 916 892 996 locis.
949 917 1009 993 De
1037 917 1355 999 Concubinariis:
1385 919 1506 1001 Zelus
1534 921 1672 1002 domus
1700 923 1782 1002 Dei
1808 924 1880 1014 &a
1981 931 1986 938 '

78 1058 202 1142 usque
229 1029 324 1110 ibiza
346 1032 459 1114 Utule
484 1031 608 1136 bajas
635 1029 756 1110 Sacri
788 1029 957 1108 Consilii
991 1035 1264 1140 corastitutioue
1299 1032 1565 1138 prohibemus,
1612 1059 1660 1112 ne
1687 1036 1882 1140 quispiam

78 1147 128 1226 de
154 1161 294 1240 cetero,
310 1142 583 1249 cujuscunque
609 1159 739 1221 status
766 1143 837 1217 &c
865 1154 911 1217 ut
945 1136 1049 1220 intra
1076 1140 1210 1218 statim
1244 1139 1455 1222 habentur..
1507 1143 1566 1222 De
1595 1142 1883 1228 Proernationi·

77 1253 177 1334 bus:
199 1259 409 1335 Ammonet
437 1281 538 1332 cura
566 1257 649 1332 &o'
664 1276 789 1360 usqve
816 1248 892 1329 ibi:
922 1251 1202 1332 Declaramus..
1254 1251 1313 1332 De
1348 1251 1465 1333 rebus
1501 1253 1741 1332 Clerioorum
1770 1249 1881 1332 dece·

79 1362 257 1446 dentium
267 1395 282 1444 z.
319 1369 429 1446 Fecit
464 1365 575 1444 Deus
610 1365 801 1443 homiaem
835 1365 908 1453 dte,
944 1387 1067 1469 usqve
1094 1362 1137 1440 in
1158 1360 1294 1442 linem.
1367 1365 1425 1440 De
1455 1363 1617 1443 Clericis
1635 1365 1881 1471 peregrinis:
2001 1379 2002 1382 ‘

76 1477 294 1560 Sacrorum
321 1479 391 1553 &a
421 1473 560 1582 nsqve:
601 1473 689 1583 Qui
721 1501 823 1552 uero
851 1473 1011 1552 obtenta
1038 1475 1200 1554 licentia
1227 1479 1297 1553 &a
1343 1511 1345 1516 v
1369 1469 1621 1578 indulgemus
1649 1490 1782 1555 tamen
1810 1501 1882 1559 no-

75 1586 225 1668 bilibus
261 1585 439 1695 personis
465 1586 591 1664 curias
618 1610 707 1665 suas
732 1581 1004 1678 visitantibus,
1040 1600 1085 1662 ut
1112 1584 1230 1663 semel
1257 1584 1321 1665 vel
1349 1583 1429 1680 bis,
1473 1585 1507 1664 si
1548 1612 1703 1664 neeesse
1745 1586 1881 1683 faerit,

19 1743 23 1746 ·
76 1696 130 1783 ad
156 1701 264 1807 ipsos
291 1696 471 1778 Ecclesiae
497 1691 728 1776 indumenta
754 1691 994 1774 deferantur.
1037 1690 1153 1774 Unde
1180 1695 1295 1803 hujus
1323 1697 1422 1776 sacri
1450 1697 1604 1776 concilii
1633 1700 1882 1804 provincialis

77 1810 361 1892 constitutione
402 1807 687 1888 consultissima
728 1803 1002 1914 prohibemus,
1044 1833 1096 1885 ne
1138 1807 1334 1916 quispiam
1373 1804 1422 1885 de
1457 1823 1588 1888 cetero
1615 1808 1881 1920 ottiusounqve

77 1939 222 2016 status,
251 1917 413 2026 gradus,
447 1915 683 1998 conditionis
716 1915 778 1997 vel
813 1917 1032 1996 eminentiae
1068 1915 1206 2011 fuerit,
1251 1947 1409 2027 poenam
1437 1920 1701 2026 pecuniariam
1730 1920 1781 1999 ab
1810 1922 1882 2000 eis-

77 2032 170 2115 dem
198 2029 503 2112 fornicatoribus
536 2029 757 2139 aliqualiter
790 2029 966 2137 accipere
993 2045 1223 2135 praesumat,
1267 2025 1335 2108 sed
1370 2058 1460 2110 cum
1493 2031 1669 2139 ipsorum
1697 2032 1814 2140 culpa
1841 2028 1884 2111 id

75 2145 264 2250 exegerit,
290 2142 402 2250 juxta
417 2142 646 2251 qualitatem
667 2141 887 2236 criminum,
919 2140 1047 2249 poenis
1074 2141 1272 2220 eanomois
1299 2141 1343 2222 in
1366 2142 1452 2248 jure
1480 2144 1672 2250 expressis
1686 2146 1881 2251 punicam.

11 2254 13 2263 ’
80 2257 125 2338 Si
180 2257 242 2343 nis
268 2280 363 2333 vero
391 2250 505 2333 famae
531 2281 610 2333 suae
637 2269 679 2330 et
706 2250 840 2332 salutis
867 2252 1073 2332 immemor
1108 2267 1299 2334 statutum
1334 2253 1427 2347 hoc,
1471 2254 1677 2360 pecuinam
1705 2257 1769 2335 vel
1813 2255 1881 2334 ali·
1936 2309 1940 2314 ι

54 2374 64 2396 ·’
77 2285 191 2480 qudd
218 2362 469 2447 commodum
496 2364 713 2472 temporale
747 2359 974 2471 recipiendo
1001 2363 1152 2442 occulte
1180 2363 1243 2442 vel
1271 2364 1475 2444 manifeste
1517 2365 1665 2444 violare
1697 2394 1883 2474 praesum·

74 2484 221 2590 pserit,
249 2475 417 2586 duplum
441 2477 524 2585 ejus
552 2473 659 2587 quod
685 2476 878 2584 receperit
904 2475 962 2553 illi
990 2473 1181 2571 Ecclesiae,
1210 2504 1233 2554 a
1259 2476 1372 2583 cujus
1400 2493 1553 2556 rectore
1580 2476 1643 2556 vel
1672 2477 1831 2558 Clerico-
1840 2473 1882 2558 id

74 2608 286 2699 receptum
322 2588 461 2687 fuerit,
503 2591 610 2670 infra
650 2616 824 2669 mensem
854 2584 1021 2668 reddere
1048 2604 1245 2669 teneatur.
1314 2587 1508 2697 Alioquin
1536 2605 1586 2667 en
1615 2607 1711 2670 tunc
1739 2591 1797 2671 ab
1821 2591 1882 2669 in·

73 2697 218 2812 gressu
249 2699 435 2782 Ecclesiae
462 2703 624 2782 noverit
651 2727 693 2780 se
721 2727 974 2808 suspensum,
1004 2725 1218 2807 quousque
1246 2695 1412 2807 duplum
1443 2701 1575 2806 ipsum
1612 2699 1807 2808 plenarie,
1837 2717 1884 2781 ut
1984 2739 1994 2748 ,

77 2814 362 2922 premittitur,
409 2811 535 2894 fuerit
572 2814 820 2911 restitutum,
866 2811 976 2892 nulla
1018 2795 1086 2890 eis*
1112 2811 1155 2890 in
1184 2812 1261 2891 hoo
1290 2809 1603 2917 persolventium
1632 2814 1882 2908 remissione,

73 2925 321 3007 liberalitate
355 2951 426 3005 seu
468 2927 597 3032 gratia
638 2925 829 3006 valituris.
899 2925 959 3003 De
988 2921 1350 3005 Procurationibus
1378 2923 1672 3031 Episcoporum
1702 2939 1883 3032 temporo

70 3037 317 3119 visitationis
346 3038 588 3144 recipiendis
616 3037 735 3143 hujus
762 3038 904 3117 statuti
932 3064 1051 3143 poena
1079 3038 1157 3117 erit
1185 3062 1374 3143 suspensa
1404 3032 1453 3115 ad
1481 3038 1883 3142 sequensconcilium

69 3147 339 3259 provinciale.
409 3157 619 3230 Ammoaet
645 3178 716 3228 nos
742 3179 843 3228 cura
869 3156 1041 3255 suseepti
1074 3154 1280 3256 regiminis
1308 3154 1391 3241 &a
1409 3173 1538 3253 usque
1566 3144 1617 3225 ad
1647 3144 1709 3226 id:
1740 3147 1884 3229 Decla-

70 3290 218 3341 ramus
245 3262 352 3367 quod
378 3261 611 3341 Sacerdotes
638 3265 681 3339 ia
707 3262 816 3343 ruello
843 3276 1058 3339 teneantur
1073 3263 1253 3361 famulis
1267 3260 1553 3369 Episcoporum
1574 3262 1883 3356 transeuntibus,

70 3378 154 3453 &a
183 3370 268 3451 vid.
292 3369 394 3477 Sup.
419 3387 460 3449 ct
487 3396 646 3479 conseq.
719 3369 840 3473 Qvod
875 3385 1072 3453 statutum
1110 3372 1166 3449 sie
1202 3369 1480 3477 intelligimus,
1522 3368 1736 3478 taliterque
1765 3370 1884 3476 hujus

66 3486 180 3565 sacri
209 3481 374 3561 concilii
396 3476 910 3589 approbationeduximus
939 3479 1239 3577 declarandum,
1268 3481 1379 3591 quod
1407 3482 1649 3589 quicunque.
1669 3482 1803 3563 animo
1824 3483 1885 3561 in·

66 3590 266 3704 juriando
308 3592 479 3672 fundum
521 3593 710 3671 Ecclesiae
743 3593 974 3688 intraverit,
1017 3608 1058 3672 et
1096 3590 1242 3673 ibidem
1272 3592 1502 3672 violentiam
1532 3620 1602 3671 seu
1631 3594 1751 3674 etiam
1779 3592 1886 3700 inju·
1929 3594 1930 3597 ’

67 3709 182 3787 riam
211 3702 350 3783 lecerit
379 3704 420 3780 in
450 3703 572 3782 rebus
600 3701 850 3811 quibuslibet
878 3702 941 3779 vel
977 3705 1178 3810 personis,
1220 3730 1344 3809 poena·
1370 3703 1492 3809 bajus
1522 3704 1668 3779 statuti·
1692 3720 1887 3783 teneatur.
1926 3767 1929 3773 .

21 3902 34 3911 ,
65 3817 160 3922 Qvi
191 3815 359 3894 veroin
389 3841 507 3921 pace,
537 3840 611 3893 nec
641 3814 774 3891 animo
803 3812 1024 3918 injuriandi
1054 3811 1225 3891 fundum
1256 3812 1443 3891 Ecclesiae
1460 3812 1683 3906 intraverit,
1712 3828 1753 3891 et
1776 3832 1886 3917 post·

62 3923 243 4011 modum
278 3954 372 4004 casu
409 3924 547 4033 aliquo
588 3924 848 4029 contingente
886 3933 987 4001 eum'
1015 3922 1227 4003 violentias
1257 3923 1409 4032 aliquas
1437 3950 1507 4002 seu
1537 3921 1706 4029 injurias
1736 3922 1884 4004 ibidem

51 4026 213 4122 'faeere
240 4037 479 4142 contigerit,
505 4034 575 4113 tali
604 4030 836 4141 hujusmodi
864 4034 1005 4114 statuti
1033 4062 1155 4139 poena
1186 4035 1347 4114 minime
1377 4033 1576 4115 credimus
1600 4062 1672 4115 nec
1700 4034 1786 4114 fore
1815 4060 1886 4115 vo·

65 4138 215 4235 lumus
243 4146 478 4256 obligatum.
549 4147 608 4225 De
638 4144 758 4225 rebus
794 4145 1040 4225 Clericorum
1077 4143 1376 4225 decedentium:
1421 4149 1532 4227 Fecit
1559 4134 1669 4225 Deus
1697 4148 1887 4227 bominem
2023 4188 2028 4197 ·

63 4271 154 4346 &o
184 4259 389 4368 usquead
421 4259 554 4339 finem.
607 4258 667 4335 De
705 4256 870 4336 Clericis
905 4257 1147 4363 peregrinis:
1183 4256 1395 4337 Sacrorum
1434 4259 1636 4362 Praecepta
1674 4258 1886 4336 Canantm

63 4384 154 4457 &a
185 4366 410 4480 usquead:
440 4373 511 4477 qui
536 4397 636 4447 acro
664 4368 826 4447 obtenta
853 4368 1012 4449 licentia
1032 4398 1109 4477 per
1143 4370 1369 4476 ltomagium
1406 4370 1536 4447 Laicis
1566 4370 1701 4449 taliter
1718 4374 1887 4469 suerint
1920 4459 1925 4467 ¹

56 4487 267 4589 obligati,
299 4484 526 4562 nullatenus
555 4480 611 4559 ad
636 4478 923 4583 inofficiandas
957 4478 1157 4559 Ecclesias
1185 4482 1472 4574 admittantur,
1514 4483 1590 4562 &a
1661 4480 1762 4559 Cum
1793 4507 1888 4559 vero
2007 4515 2010 4527 ·
2091 4474 2096 4483 ’

58 4591 313 4701 hujusmodi
342 4591 486 4671 Clerici
516 4590 699 4668 Dominis
728 4591 809 4667 suis
838 4587 900 4666 vel
931 4590 1243 4697 quibuscunque
1274 4590 1470 4697 personis,
1501 4588 1680 4683 licentia,
1710 4609 1755 4668 ut
1786 4615 1887 4698 praa·

59 4708 275 4798 mittitur,
305 4703 492 4795 obtenta,
523 4702 563 4779 in
592 4699 769 4807 Capellis
796 4698 860 4779 vel
892 4701 1078 4779 Ecclesiis
1107 4702 1368 4779 Dominorum
1399 4726 1563 4780 suorum
1594 4702 1728 4781 missas
1750 4703 1885 4786 taliter

55 4817 277 4914 dixerint,
321 4812 371 4893 de
415 4812 687 4893 oblationibus
715 4839 798 4891 uno
832 4827 990 4891 tanturn
1021 4810 1185 4891 denario
1214 4814 1295 4890 sint
1324 4812 1522 4905 contenti,
1565 4810 1760 4922 reliquam
1790 4843 1885 4896 vero
1997 4814 2009 4825 ’

56 4928 330 5015 oblationem
359 4924 463 5004 infra
492 4925 605 5005 vul.
629 4922 713 5003 dies
742 4924 896 5002 Curato
924 4922 1005 5004 loci
1031 4922 1198 5003 reddere
1227 4938 1465 5019 teneantur,
1507 4938 1546 5001 et
1576 4916 1609 5002 si
1638 4921 1886 5006 contrarium
