4317 5975
809 423 869 444 -
970 335 1060 486 557
1159 423 1230 520 ⁴¹⁸.

117 613 216 684 sunt
243 601 328 698 isti,
356 596 544 681 videlicet
572 594 734 680 discreti
769 597 871 707 virj,
911 600 1065 682 scilicet
1105 597 1259 684 domini
1300 596 1546 700 sacerdotes,
1588 600 1836 689 thorbernus
1859 605 1915 694 ele
2034 575 2042 623 '¹

121 712 348 811 tbwaerritt
393 703 577 793 officialis
624 708 779 791 domini
808 714 1028 808 scarensis,
1069 711 1229 818 haelgbo
1256 709 1307 793 de
1335 712 1532 820 langhem.
1562 743 1701 822 gunuo
1729 716 1779 798 de
1810 721 1916 802 houe
1981 755 1983 760 ·

43 829 53 844 ’
113 843 161 906 et
190 844 327 932 petrus
355 821 407 903 de
434 822 701 930 eresbiaergb,
730 823 784 902 Et
813 823 903 902 laici
931 823 1194 928 gotmundus
1222 821 1406 920 suerlser,
1436 815 1655 908 asmundui
1682 824 1733 906 de
1762 835 1915 937 magni·

118 937 307 1020 stabbum
359 933 484 1015 frater
523 930 806 1014 dicti'domiui
848 932 1070 1039 baelghoni's
1100 951 1140 1014 et
1168 935 1347 1016 thorirus
1388 934 1545 1016 villicus
1575 938 1617 1015 in
1644 941 1916 1048 arexbiaergh,

112 1076 199 1128 rna
227 1075 319 1126 cum
350 1042 516 1128 domiuo
543 1047 594 1125 .b.
626 1045 835 1152 preposito
868 1060 1100 1125 memorato.
1158 1047 1408 1154 Exequtores
1437 1065 1569 1130 autem
1600 1047 1720 1132 huius
1750 1054 1826 1132 mei
1856 1070 1916 1132 te·

112 1159 322 1250 stamenti,
359 1155 463 1238 facio
491 1165 537 1235 et'
559 1156 764 1260 constituo
790 1154 984 1236 discretos
1012 1157 1142 1250 viros,
1170 1155 1449 1264 jngimundum
1480 1158 1531 1240 de
1560 1159 1720 1264 langha.
1750 1161 1915 1244 bertlrc·

110 1298 210 1354 ·rum
237 1269 524 1348 consobrinum
554 1267 685 1348 meum
716 1264 773 1347 de:
796 1267 1004 1376 brysmini
1032 1285 1073 1346 et
1102 1266 1425 1348 fratremmeum
1461 1269 1681 1367 bultonem,
1708 1297 1918 1383 aequem·

113 1382 221 1463 -libet
250 1407 388 1459 eorum
411 1377 455 1488 jn
486 1377 679 1473 solidum,
707 1379 764 1457 ita
792 1375 906 1486 quod
918 1377 1115 1486 quicquid
1139 1407 1212 1484 per
1241 1380 1524 1485 omnesipsos,
1553 1380 1666 1479 duos,
1695 1383 1760 1464 uel
1781 1415 1916 1482 vnum,

119 1495 265 1575 Iactum
296 1489 438 1589 luerit,
474 1489 601 1570 robus
628 1489 812 1571 obtineat
840 1489 1039 1569 firmitatis
1066 1488 1172 1569 siin
1201 1516 1323 1572 vnum
1353 1489 1559 1570 noluerint
1573 1489 1833 1576 concordare.
1863 1501 1917 1576 Jn

111 1603 403 1715 premissorum
432 1603 556 1682 ceiam
586 1599 836 1682 euideneium
866 1600 1114 1708 pleniorem,
1143 1599 1272 1706 sigilla
1303 1599 1569 1684 discretorum
1592 1602 1846 1687 dominorum
1864 1609 1915 1688 .b.

119 1714 316 1826 prepositi
343 1712 557 1809 seniensis,
586 1710 806 1819 thorbernj.
831 1710 881 1791 de
915 1708 1204 1817 thuaerryttum.
1248 1710 1433 1818 helgonis
1475 1710 1525 1792 de
1569 1713 1765 1822 Iangbem.
1813 1747 1950 1823 gun-⁴
2049 1737 2051 1742 ’

117 1828 235 1908 nonis
263 1823 322 1904 do·
341 1825 536 1905 boue.'et.
558 1824 664 1931 petri
692 1821 744 1902 de
773 1822 1043 1928 erexbiaergb,
1072 1849 1120 1902 ac
1148 1821 1398 1928 jngimundi,
1429 1820 1724 1928 predictorum,
1747 1855 1918 1934 presen-
2057 1913 2064 1935 -.
2103 1907 2108 1911 .

118 1941 227 2022 tibus
254 1935 306 2017 ad
343 1963 466 2016 meam
489 1933 728 2041 instanciam
743 1951 838 2014 sunt
852 1959 1040 2044 appensa.
1068 1935 1227 2015 Aottun,
1255 1959 1373 2016 anno.
1412 1932 1639 2018 loooetdIe
1665 1940 1919 2045 supradictis.

10 2262 12 2267 Ι
123 2259 297 2468 rubeo.
749 2323 899 2430 1308
948 2323 995 2430 d.
1045 2363 1117 2471 29
1157 2325 1286 2430 Dec.
1786 2256 1919 2487 Tipt.
1985 2469 1999 2486 ἡ

199 2513 368 2590 heroas»,
394 2509 545 2590 Holmger
569 2507 705 2570 Ulsssoos
736 2509 830 2572 enkos
851 2508 1037 2572 skuldebrel
1055 2511 1103 2571 till
1125 2510 1277 2592 Ragwold
1310 2507 1533 2591 Bjiirnwidsson
1557 2509 1597 2591 ps
1620 2508 1659 2585 24
1680 2508 1768 2570 marli
1791 2513 1920 2592 pennin-

252 2617 317 2676 gar,
338 2605 385 2656 att
406 2596 521 2658 betalas
543 2594 590 2653 till
613 2600 697 2654 uasta
719 2593 938 2674 Michaelidcg,
966 2592 1162 2669 tommanae,
1196 2597 1205 2654 i
1228 2605 1321 2655 annet
1342 2593 1409 2673 fall,
1430 2591 1490 2654 deu
1511 2592 1547 2652 sl
1565 2593 1678 2656 bennes
1699 2611 1770 2654 man
1793 2596 1804 2654 i
1826 2605 1918 2678 paut-

250 2691 328 2742 satte
349 2679 418 2759 jord
441 2678 556 2741 mellan
578 2676 652 2760 Tipt
671 2675 732 2737 och
754 2676 916 2762 Toketorp
935 2688 983 2740 att
1004 2677 1195 2759 langiIvareo
1219 2676 1355 2748 tillbb'ra.
1676 2756 1693 2808 J
1719 2761 1775 2813 5.,

230 2860 434 2942 Omnibus
461 2887 635 2968 praesens
649 2862 845 2969 scriptum
867 2859 1146 2954 cernentibus,
1176 2859 1432 2937 lustunsmss
1448 2857 1585 2940 relicta
1600 2859 1763 2938 Domini
1778 2859 1919 2939 Holm-

119 2974 205 3086 geri
235 2972 433 3067 Vllisons,
460 2969 636 3051 Salutem
667 2973 709 3051 in
739 2973 915 3053 Domino
944 2971 1240 3079 sempiternam.
1279 2969 1478 3048 Noverint
1502 2969 1698 3064 vniuersi,
1728 2971 1943 3079 perprae·'

119 3104 270 3182 sentes,
301 3112 362 3163 me
392 3082 539 3164 dilecto
567 3086 675 3179 viro,
704 3083 930 3192 Ragwaldo
952 3080 1244 3177 Biarwidsson,
1274 3082 1314 3159 in
1344 3080 1515 3159 XXIIII.
1539 3079 1711 3159 marchis
1734 3080 1920 3162 denario·

120 3227 210 3285 rum
238 3195 398 3277 Vsualis
433 3210 602 3275 monetae
631 3198 758 3274 teneri
787 3193 1023 3303 obligatam,
1054 3194 1095 3271 in
1126 3194 1228 3278 festo
1259 3190 1365 3271 beati
1395 3191 1597 3270 Michaelis
1629 3192 1813 3299 proximo
1843 3195 1921 3273 iam
2031 3244 2034 3249 -

67 3396 72 3405 ,
120 3312 260 3393 futuro
290 3305 587 3414 persoluendis,
617 3334 693 3413 pro
721 3305 1002 3414 redemptione
1038 3320 1176 3397 terrae,
1220 3331 1340 3412 quam
1371 3317 1515 3381 terram
1547 3302 1724 3381 Dilectus
1753 3304 1921 3383 Maritus

122 3421 251 3517 meus,
279 3418 476 3497 Dominus
505 3416 767 3525 Holmgerus,
793 3419 898 3496 inter
926 3416 1026 3523 Tipt
1053 3430 1094 3493 et
1123 3412 1334 3523 Tobatorp
1369 3414 1506 3508 sitam,
1553 3412 1679 3492 eidem
1709 3414 1920 3522 Ragualdo
1978 3480 1980 3485 .

58 3538 62 3545 ’
119 3532 417 3641 inpignorauit,
457 3554 548 3636 quae
576 3545 683 3609 terra
712 3531 745 3609 si
774 3545 873 3607 tuuc
916 3524 1124 3633 redempta
1170 3552 1251 3603 non
1282 3524 1425 3618 fuerit,
1455 3525 1607 3631 absque
1645 3525 1921 3633 quorumlibet
1970 3566 1974 3572 r

120 3642 390 3753 impetitione,
418 3638 588 3745 praelato
615 3637 848 3746 Ragualdo,
880 3634 997 3717 cedat
1025 3638 1334 3744 inperpetuum
1364 3632 1614 3743 possidenda.
1645 3636 1691 3713 In
1723 3638 1836 3715 ouius
1864 3638 1923 3717 rei

117 3752 413 3837 Testimonium
439 3748 621 3853 Sigillum
651 3776 783 3828 meum
814 3748 1077 3857 praesentibus
1107 3762 1167 3823 est
1196 3772 1433 3852 appensum.
1484 3746 1636 3823 Datum
1665 3745 1773 3854 Tipt.
1801 3751 1921 3829 Anno

121 3864 308 3958 Domini,
337 3861 388 3942 Μ.
416 3859 529 3939 CCC.
557 3859 675 3954 VIII,
703 3859 750 3936 In
781 3858 884 3937 festo
913 3850 1025 3936 beati
1048 3856 1212 3934 Thomae
1243 3856 1432 3961 Episcopi
1463 3870 1503 3933 et
1532 3856 1733 3961 Martyris.
1829 3898 1836 3905 ·

256 3972 363 4053 Enligt
383 3968 580 4050 terkcingen,
602 3966 660 4029 bor
680 3967 807 4048 sigillet,
834 3968 926 4050 jemte
947 3966 1007 4027 den
1029 3986 1066 4027 ur
1087 3962 1212 4025 brelvet
1232 3962 1352 4047 ktipspts
1374 3984 1511 4042 remson,
1534 3966 1614 4025 verit
1634 3964 1735 4025 horta.

134 4341 290 4449 1601.
816 4330 958 4477 1309
1006 4328 1157 4435 caat.
1526 4273 1536 4291 ‘
1622 4276 1922 4483 najenrorp.

177 4576 181 4581 -
205 4527 319 4612 Bislop
341 4524 496 4588 Barnous
516 4519 526 4582 i
545 4518 646 4584 Stare
667 4518 742 4582 bref
759 4539 811 4581 om
831 4516 1018 4599 Ethtastogs
1040 4517 1239 4598 tltrssmlings
1261 4514 1413 4599 Itggsnde
1435 4518 1486 4579 till
1507 4518 1763 4667 D⁰mpr⁰ff¹4²¹⁵3t⁰
1891 4566 1895 4570 .

981 4616 1001 4636 ·‘
1686 4642 1694 4661 .
1737 4622 1792 4663 Α.

236 4722 436 4807 Omnibus
452 4746 615 4830 presens
636 4710 830 4857 scripppm
852 4717 1131 4814 cernentibus,
1160 4716 1445 4815 Baiuluuruus
1474 4716 1540 4797 dei
1568 4719 1702 4825 gracia
1732 4716 1925 4797 soanensis

116 4839 365 4953 Episcopus,
420 4830 597 4915 Salutem
632 4833 674 4913 iu
710 4828 878 4939 dpmino
910 4828 1204 4938 sempiternam,
1261 4829 1367 4933 Quia
1405 4827 1587 4911 redditus
1621 4844 1662 4911 et
1700 4842 1925 4939 prouentus

223 4959 455 5033 ,δοκοίη
476 4959 521 5014 11.
1249 4975 1252 4979 ν
1323 5010 1326 5015 ,
1692 4980 1694 4987 ,
1751 4958 1789 5021 qr
