4317 5975
596 380 601 390 ·
729 261 894 430 ³3·-
1003 281 1080 418 bor
1176 311 1323 464 3--'

107 623 110 629 ,
145 546 378 661 predicare,
406 567 446 632 et
473 538 571 633 illuc
598 567 698 633 tunc
726 550 865 634 venire
892 524 1019 634 eciam
1045 580 1129 636 nou
1158 554 1293 638 vocati
1320 553 1553 651 teneantur,
1582 566 1624 632 et
1646 551 1944 636 inPentecostc
1980 588 1984 596 ·

28 754 31 760 ,
86 694 96 704 ·
145 678 188 743 et
215 661 375 760 sinodo
403 663 590 744 intersint
628 658 801 773 collegio
836 665 1118 747 conuiuarum.
1186 667 1291 746 Jtem
1335 657 1503 775 quando
1546 661 1693 744 fratres
1734 662 1944 752 dormiunt

143 775 188 855 in
218 770 397 882 predicta
427 774 549 856 domo
577 772 714 854 dicant
737 776 899 856 missam
929 775 973 856 iu
1007 775 1163 885 capella
1201 760 1369 872 ibidem,
1411 771 1633 858 dummodo
1672 772 1798 856 velint
1840 771 1944 857 cele·
2064 797 2067 805 ’

23 915 31 925 ·
142 883 265 965 brare
292 883 358 965 die
388 884 481 983 illo,
523 885 610 967 Nisi
648 887 778 992 rogati
806 886 886 970 sint
928 887 1083 968 missam
1122 886 1235 996 aliby
1277 884 1428 984 dicere,
1469 885 1534 968 vel
1576 887 1694 968 aliter
1734 913 1787 967 ex
1825 899 1943 980 vote,

16 1074 20 1080 ,
144 993 212 1075 uel
240 993 328 1075 aliis
355 998 485 1077 causis
512 993 831 1078 racionabilibus
858 997 1082 1095 voluerint,
1111 999 1164 1078 Et
1192 1000 1225 1079 si
1254 999 1412 1080 missam
1446 998 1625 1082 uotiuum
1665 994 1871 1078 celebrant
1898 999 1942 1077 in

141 1105 296 1213 capella
322 1106 571 1188 oblacionem
601 1109 643 1185 in
672 1133 765 1188 rsus
792 1135 887 1190 suos
914 1123 1133 1205 assumant,
1162 1107 1424 1216 EgoFrater
1442 1131 1596 1192 isarna.
1623 1123 1666 1191 et
1693 1107 1943 1188 Conusnrus
2038 1169 2047 1178 .
2088 1143 2091 1150 ·

141 1217 397 1320 sictunieosis
425 1217 717 1326 promittimus,
743 1218 855 1326 quod
883 1220 1001 1300 annis
1036 1215 1205 1325 singulis
1240 1246 1317 1327 pro
1356 1217 1544 1302 omnibus
1571 1220 1760 1300 conuiuis
1798 1217 1944 1309 domus

141 1325 205 1410 dei
234 1328 387 1437 rpsalie
429 1356 548 1410 vnam
576 1329 733 1409 missam
763 1325 961 1412 debeata
990 1329 1168 1437 virgine,
1210 1347 1253 1410 et
1278 1328 1446 1411 alteram
1482 1357 1558 1437 pro
1603 1329 1802 1411 defunctis
1849 1355 1943 1436 per·

144 1454 271 1551 petuo
297 1433 592 1522 celebrabimus
618 1440 661 1519 in
690 1457 918 1532 conuentu,
946 1455 988 1523 et
1022 1439 1197 1549 quilibet
1232 1438 1359 1522 srater
1392 1438 1580 1521 sacerdos
1622 1467 1742 1524 vnam
1783 1441 1943 1521 missam

144 1548 341 1632 ‹lc-beata
368 1552 527 1659 virgine
553 1566 595 1639 et
626 1549 746 1632 aliam
776 1579 852 1661 pro
880 1548 1080 1631 defunctis
1106 1549 1286 1632 dicemus
1312 1551 1432 1634 annis
1458 1547 1628 1660 singulis
1661 1578 1738 1659 pro
1773 1547 1941 1648 eisdem,
1982 1589 1988 1600 ·

142 1679 184 1742 et
213 1663 422 1770 premissas
450 1660 709 1743 condiciones
735 1661 966 1744 curabimus
996 1657 1169 1770 fideliter
1194 1661 1423 1765 obseruare.
1456 1663 1509 1745 Jn
1538 1661 1826 1772 premissorum
1854 1688 1942 1742 om·
2045 1757 2052 1768 ι

142 1772 256 1854 nium
281 1774 414 1856 robur
441 1788 482 1852 et
508 1773 758 1855 euidenciam
787 1771 1010 1883 pleniorem
1039 1768 1092 1853 ad
1121 1798 1248 1856 meam
1277 1771 1513 1856 instanciam
1545 1767 1739 1880 sigillum,
1774 1769 1951 1854 renerass

142 1881 238 1964 bilis
264 1886 391 1994 patris
420 1885 583 1966 Domini
612 1883 769 1966 Nicolai
795 1881 861 1964 dei
890 1883 1025 1991 gracia
1060 1883 1375 1994 archiepiscopi,
1403 1885 1684 1966 auctoritatem
1719 1881 1816 1964 huic
1851 1909 1940 1964 meo

10 2044 12 2090 5
138 1993 248 2076 lacto
273 1996 513 2105 prestantis,
553 2023 602 2080 ac
628 1995 807 2103 Capituli
843 1993 1081 2104 upsalensis,
1108 1995 1355 2105 ‘Meumqum
1399 2021 1448 2078 ac
1487 1993 1620 2076 fratris
1648 1991 1800 2074 israelis
1829 1995 1941 2104 prio-

139 2107 216 2202 ris,
242 2121 284 2189 et
311 2125 541 2190 conuentus
566 2108 823 2187 sictuniensis
850 2103 980 2215 sigilla
1011 2105 1267 2212 presentibus
1297 2123 1393 2189 sunt
1420 2133 1606 2216 appensa.
1650 2106 1800 2186 Datum
1827 2105 1939 2214 apud

9 2272 13 2315 2
137 2217 348 2346 antiquam
376 2218 584 2330 upsaliam.
610 2245 719 2301 anno
748 2217 900 2330 domini
927 2215 991 2305 Mt
1019 2215 1155 2301 000⁰.
1185 2214 1357 2316 decimo,
1387 2210 1724 2324 Quartodecimo,
1767 2213 1937 2314 kalend„

9 2383 45 2450 :¹
139 2327 292 2438 MarciJ.

636 2437 686 2506 Pr
695 2437 891 2523 fratricidam:
911 2437 961 2503 Dc
982 2435 1129 2525 hospicio
1144 2435 1289 2522 ¹l'ratrum
1309 2435 1443 2524 rpmlie.

431 2555 565 2642 sigium
585 2555 625 2621 li.
650 2577 683 2639 r,
704 2575 741 2639 ο,
761 2555 779 2618 3
801 2551 957 2640 stadales
976 2555 1000 2636 4
1018 2552 1084 2621 och
1103 2550 1125 2618 5
1145 2551 1339 2636 bortfellua,
1360 2571 1524 2622 remearat
1545 2575 1637 2644 quar.

9 2876 13 2998 j
150 2871 303 2979 1653.
762 2869 910 2983 1310
952 2867 1001 2975 d,
1046 2867 1112 2978 18v
1144 2864 1295 2979 Febr.

9 3067 14 3112 e
164 3118 167 3135 ,
220 3060 500 3231 Piapi&
521 3054 586 3127 om
605 3058 782 3126 amomo
798 3060 815 3154 r
835 3056 1019 3124 munim
1039 3056 1228 3126 erumnas
1248 3058 1288 3125 ar
1302 3054 1426 3127 rum
1445 3058 1623 3147 angono
1643 3060 1718 3127 urs
1736 3060 1828 3129 tum
1848 3062 1886 3127 ar
1902 3065 1934 3130 a.
2006 3034 2009 3045 ‘

9 3199 14 3226 ²
136 3247 139 3253 ,
382 3187 391 3206 '
493 3184 540 3266 '.
1678 3226 1714 3283 n.
1732 3228 1757 3283 a.
1774 3231 1800 3284 s.
1908 3212 1946 3283 .’

9 3305 13 3336 ⁵
110 3397 113 3401 Α
247 3326 447 3411 Omnibus
477 3356 639 3438 presens
665 3330 860 3436 scriptum
885 3326 1161 3412 cernentibus.
1190 3329 1414 3411 Aruernos
1448 3330 1561 3437 prior
1597 3330 1813 3443 Ceterique
1852 3330 1936 3413 fra·

10 3518 14 3530 1.
138 3455 220 3521 tres
247 3437 392 3535 domus
419 3440 627 3550 hospitalis
654 3440 764 3523 beati
791 3440 987 3521 lobannis
1030 3438 1347 3549 ierosolymitani
1376 3440 1417 3521 in
1445 3438 1725 3523 Eskilstunum
1766 3442 1936 3546 salutem

9 3535 46 3657 ,¹5
137 3552 181 3631 in
210 3549 377 3633 domino
404 3555 709 3661 sempiternam,
737 3566 1013 3662 protestamur
1042 3576 1118 3631 nos
1145 3570 1288 3632 tenore
1322 3553 1516 3660 presentis
1552 3552 1701 3635 habere
1741 3550 1936 3662 quasdam

9 3669 14 3752 ᾗ
98 3683 102 3689 “
139 3660 297 3743 litteras
322 3665 363 3742 in
392 3662 466 3743 bec
494 3665 631 3747 verba.
656 3664 894 3744 Gneooarus
922 3660 1138 3770 episcopus
1165 3666 1240 3743 &c
1268 3660 1321 3741 Sc
1334 3664 1487 3772 [breg.
1514 3666 1597 3747 Neo
1618 3663 1709 3771 839.
1738 3665 1792 3745 Jn
1819 3666 1935 3747 cuius

10 3787 11 3792 '
193 3774 449 3854 otestacionis
477 3776 751 3853 testimoninm
774 3769 953 3877 sigillum
982 3770 1150 3878 capituli
1181 3774 1308 3852 nostri
1339 3772 1594 3878 presentibus
1616 3790 1678 3854 est
1699 3800 1933 3891 appensum,

182 3900 292 3974 ,tum
322 3910 427 3964 anno
457 3882 622 3965 domini.
651 3883 726 3965 ΜΟ.
754 3880 876 3962 CCC⁰
904 3879 978 3963 X0.
1005 3880 1097 3976 XII,
1132 3878 1222 3976 lral,
1251 3882 1400 3963 marcii.

225 4028 275 4095 Pr
283 4024 483 4109 frinsidan:
501 4027 625 4091 Littera
645 4044 743 4112 super
763 4024 896 4088 ecclesia
916 4022 1019 4088 thuna
1039 4020 1131 4109 quod
1152 4022 1193 4085 sit
1212 4041 1363 4089 concaua
1378 4022 1533 4089 tratribus
1553 4026 1586 4089 in
1601 4000 1845 4093 annuntie.

187 4128 193 4139 ’
405 4142 453 4209 tt
468 4140 588 4226 sigillet
608 4142 707 4209 fiune·
727 4142 816 4208 blctt
834 4150 885 4208 ett
903 4140 1066 4225 hument
1086 4137 1129 4227 pl
1150 4158 1191 4205 en
1211 4160 1253 4203 ur
1272 4138 1400 4207 brefrm
1419 4142 1527 4233 klippt
1548 4162 1661 4207 remea.

71 4390 310 4591 '1654
534 4486 577 4587 J
754 4456 906 4567 1310
953 4455 1107 4563 d.'a1
1152 4451 1301 4564 Febr.

225 4648 336 4718 herro
356 4645 569 4712 Svrmrom
588 4663 717 4711 mmm
737 4642 1000 4731 mdfsnclsapt
1019 4642 1083 4718 den
1115 4642 1211 4725 gtlra
1241 4646 1279 4709 af
1299 4638 1433 4726 uagus,
1466 4664 1535 4712 torn
1565 4644 1686 4712 beonet
1715 4644 1807 4713 leder
1839 4647 1932 4731 gihit

267 4729 386 4793 munes
406 4740 526 4815 synar,
545 4728 741 4796 Abbetlismn
761 4727 952 4808 canona,
973 4726 1036 4789 och
1059 4726 1175 4792 Wreta
1195 4725 1326 4793 kloster·
1677 4811 1714 4870 Α,
1730 4813 1756 4867 t
1773 4830 1798 4871 ι

158 4946 162 4955 ·
246 4915 447 4997 Omnibus
489 4911 654 5022 presens
689 4915 887 5022 scriptum
902 4938 907 4946 ’
922 4908 1183 4994 cernentibus
1229 4902 1411 4994 tronum
1451 4909 1603 5006 domini
1644 4936 1932 5000 suturarutcn

135 5024 308 5111 condam
337 5025 436 5124 filia,
462 5023 633 5110 salutem
661 5028 705 5109 in
729 5024 909 5119 ‚domino
935 5021 1229 5135 sempiternam.
1280 5020 1443 5111 'l'enore
1472 5025 1719 5139 presentium
1745 5041 1932 5145 constare
1985 5138 1994 5159 ἱ
