4317 5975
802 454 811 464 .
932 309 1239 429 'asmo
1350 381 1405 404 -

298 601 399 682 ciam
428 606 607 675 nostram
635 585 802 696 diligere
830 574 1040 660 uolueritis
1067 565 1320 652 inoffensam.
1392 559 1541 688 Datum
1577 553 1739 686 dfaebro
1775 579 1888 638 anno,
1918 551 2039 640 domini

298 712 342 793 Μ
367 768 379 790 .
407 705 545 792 0000.
571 703 643 784 X⁰.
672 699 772 781 feria
800 685 977 774 secunda
1007 684 1190 793 proxima
1219 692 1312 756 aute
1340 669 1547 754 scolastice
1576 689 1756 774 uirginis.
1791 712 1794 721 ·

747 834 874 923 sigillet
893 827 1046 912 stadam,
1066 827 1110 914 pt
1130 841 1171 888 en
1192 841 1234 885 ur
1252 815 1380 884 breluet
1399 811 1507 898 klippt
1528 829 1640 876 remsa.

237 1265 243 1278 ·
313 1212 477 1327 1652.
910 1195 1062 1302 1310
1108 1187 1157 1293 d.
1212 1183 1279 1290 16
1326 1175 1476 1288 Febr.
1664 1167 1849 1278 Gamla
1889 1121 2049 1312 Upsala.

372 1359 1674 1562 ‘certarunemuauaarensavana,
1696 1352 2052 1503 statueras

424 1571 554 1632 tommo
574 1571 624 1624 att
644 1555 803 1620 antiades
823 1554 875 1615 fiir
895 1549 1084 1620 Scholarcr3
1107 1544 1200 1625 jemte
1221 1559 1261 1632 en
1283 1533 1415 1602 strskild
1434 1529 1625 1595 liirbindelse
1646 1529 1684 1590 af
1699 1523 1816 1586 Priora
1837 1521 1897 1584 och
1913 1523 2052 1590 mnium

431 1654 443 1713 i
464 1639 808 1715 Predikarebriidcrnes
828 1635 949 1699 kloster
970 1633 982 1693 i
1002 1630 1145 1720 Sigtuna.
1882 1685 1917 1741 Δ.
1931 1703 1956 1754 ᾗ

413 1831 626 1914 Vniuersis
668 1837 875 1934 presentes
921 1815 1078 1898 litteras
1120 1806 1374 1919 jnspccturis.
1393 1890 1397 1898 ,
1419 1803 1607 1922 Anus-ras
1624 1790 1876 1919 'prepositus‘
1923 1788 2099 1934 ecclesias.

304 1945 534 2058 vpsalensis,
592 1935 771 2023 Salutem
803 1935 845 2016 in
874 1929 1040 2012 domino
1069 1925 1355 2032 senpiternam.
1386 1905 1583 1983 Donamus
1618 1901 1754 2009 Jbesus
1789 1899 1957 1982 chrrstus
1990 1928 2056 2008 per·

280 2077 446 2252 ‘petuas
474 2053 690 2166 pollicetur
718 2051 761 2128 iu
789 2041 1002 2127 celestium
1020 2041 1244 2098 ¹⁰³¹¹⁸¹⁰¹¹0⁵
1274 2014 1350 2094 hiis
1379 2015 1451 2123 qui
1481 2041 1558 2123 pro
1587 2015 1750 2094 nomine
1776 2013 1862 2092 eius
1891 2039 2055 2120 pauperes

252 2167 256 2176 ·
335 2198 379 2251 05
410 2169 489 2250 icio
515 2161 609 2248 copi
640 2176 715 2242 unt
743 2159 784 2230 5„
799 2127 997 2236 presenti,
1027 2125 1114 2206 Hac
1142 2123 1469 2207 consideracione
1499 2124 1646 2205 ductus
1674 2127 1763 2234 Ego
1787 2121 1963 2203 Andreas
1987 2151 2057 2230 pre·

305 2200 438 2358 mli„
485 2262 617 2344 »psate
648 2263 701 2316 sas
744 2239 787 2317 in
824 2237 1098 2319 remissionem
1140 2263 1319 2318 meorum
1364 2239 1638 2344 peccaminum
1666 2252 1708 2317 et
1746 2233 1892 2343 premij
1932 2232 2057 2316 celestis

283 2345 562 2453 augmentum,
582 2346 807 2454 Religiosos
835 2349 956 2443 uiros,
984 2347 1145 2428 Fratres
1174 2343 1327 2427 ordinis
1358 2345 1653 2454 predicatorum
1684 2349 1755 2456 qui
1782 2343 1913 2426 diuini
1941 2347 2057 2426 amoris

283 2455 479 2540 instinctu
508 2456 752 2565 ewangelice
781 2460 1032 2567 paupertatis
1059 2459 1281 2566 elegerunt.
1310 2459 1506 2538 sarcinam
1538 2473 1710 2568 propter
1751 2456 1896 2552 deum,
1936 2455 2057 2537 uictum

110 2557 117 2640 Ϊ
191 2650 197 2664 ,
285 2584 328 2651 et
355 2567 582 2677 hospicium
610 2565 883 2652 mendicantes
910 2567 1050 2652 uolens
1078 2569 1269 2678 prosequi
1299 2561 1493 2650 beneficio
1521 2567 1705 2680 speciali,
1746 2567 1849 2678 jpsis
1884 2567 1928 2675 jn
1963 2565 2057 2682 dono

283 2678 354 2761 dei
380 2707 503 2791 quam
535 2681 687 2791 upsalie
715 2677 898 2762 edificaui
928 2699 1128 2790 perpetuo
1157 2697 1197 2760 et
1227 2679 1551 2760 irreuocabiliter·
1579 2678 1734 2788 deputo
1769 2693 1812 2760 et
1843 2681 1995 2788 assigno
2028 2681 2058 2758 in

246 2895 251 2905 ,
283 2787 417 2872 medio
445 2791 670 2874 intersticio
696 2789 841 2876 domus
869 2819 991 2874 uuum
1021 2791 1246 2900 hospicium
1276 2807 1369 2872 ante
1397 2789 1521 2874 Cuius
1559 2790 1735 2872 hostium
1771 2787 1920 2872 beatus
1959 2787 2059 2869 doni·
2120 2837 2121 2842 Ν

284 2903 401 2984 nicus
429 2917 491 2983 est
532 2901 739 3013 depictus,
783 2906 889 2986 Jtem
930 2931 1055 2986 uuum
1096 2900 1354 2987 Cubiculum.
1395 2905 1497 2982 Jtern
1542 2918 1724 3011 stupam,
1768 2900 2003 3011 Coquinam.
2030 2919 2059 2980 et
2119 2961 2121 2970 .

152 3102 157 3109 ,
211 3070 217 3085 ·
283 3014 417 3095 Cellas
445 3014 614 3112 ibidem,
644 3013 767 3119 Quod
796 3018 829 3096 si
859 3018 1074 3125 contigerit
1103 3042 1166 3095 me
1196 3014 1482 3123 personaliter,
1510 3031 1582 3093 aut
1610 3014 1674 3097 Me
1691 3030 1842 3094 uocato
1865 3012 1916 3095 de
1939 3008 2062 3110 medio,

283 3125 555 3208 uenerabilem
586 3142 743 3234 patrem
772 3124 977 3208 dominum
1006 3124 1353 3233 archiepiscopum
1384 3125 1651 3232 upsalensem,
1679 3152 1727 3207 ac
1755 3126 1939 3233 priorem
1966 3128 2060 3204 sicto·
2121 3188 2122 3223 ,

286 3240 465 3317 niensem
502 3240 574 3347 qui
604 3264 681 3346 pro
708 3252 891 3345 tempore
921 3238 1071 3319 luerint
1099 3233 1143 3346 ju
1173 3237 1280 3317 dicta
1310 3236 1431 3317 domo
1465 3236 1637 3319 scolares
1671 3260 1849 3345 ponere,
1892 3233 1996 3318 Celle
2024 3235 2060 3317 ad

283 3349 456 3431 scolares
486 3350 738 3457 pertineant,
779 3348 833 3431 Et
861 3366 959 3430 tunc
987 3364 1105 3455 stupa
1129 3364 1171 3427 et
1199 3347 1385 3456 Coquina
1414 3344 1608 3428 fratribus
1645 3364 1686 3429 et
1723 3346 1951 3429 scolaribus
1983 3345 2062 3455 jnibi

281 3460 425 3569 positis
448 3460 533 3539 siut
560 3486 809 3556 communes,
836 3458 1098 3541 Transierens
1129 3460 1168 3537 in
1199 3460 1376 3567 priorem
1404 3473 1445 3541 et
1458 3474 1706 3539 conuentum
1721 3460 1898 3541 sictonie
1922 3460 2061 3539 fratrum

283 3566 436 3652 ordinis
465 3566 785 3677 predicatorum,
815 3598 926 3650 usum
956 3566 1233 3679 predictorum
1264 3569 1463 3666 locorum,
1506 3568 1563 3677 jta
1606 3587 1741 3651 tamen
1785 3568 1905 3679 quud
1948 3594 2062 3652 eoruu

282 3682 512 3791 proprietas
539 3676 588 3759 ad
618 3706 818 3789 pauperes
846 3684 1046 3791 pertineat
1073 3678 1117 3759 in
1145 3675 1252 3759 dicta
1279 3675 1399 3762 domo
1429 3679 1637 3788 degentes,
1666 3679 1736 3760 sed
1765 3672 1872 3763 dicti
1899 3682 2060 3761 iratresa

282 3789 557 3903 predictorum
587 3791 768 3873 locorum
798 3815 870 3873 vsu
905 3819 980 3901 per
1021 3788 1230 3873 nemiuem·
1248 3789 1407 3873 ualeant
1451 3789 1661 3901 jmpediri,
1704 3792 1790 3874 Nisi
1836 3790 2064 3903 temporibus

283 3902 435 4014 quibus
465 3900 635 3993 ibidem,
662 3904 704 3982 in
733 3905 981 3999 Pentecoste,
1008 3921 1049 3984 et
1076 3897 1233 4009 synodo
1262 3903 1496 3997 conuiuium
1526 3900 1775 4001 celebratur,
1803 3904 1929 3987 Prior
1955 3923 2063 3984 auten

281 4014 534 4095 sictuniensis
561 4028 603 4093 et
631 4012 777 4094 fratres
805 4012 977 4122 predicti
1004 4029 1218 4093 teneantur
1253 4012 1469 4095 sollicitare
1510 4014 1754 4123 principales
1797 4032 2064 4123 procuratores

282 4141 325 4206 et
351 4124 550 4206 conuiuas
575 4122 682 4204 dicte
709 4123 853 4206 domus
882 4124 935 4206 de
961 4122 1205 4205 utilitatibus
1232 4138 1273 4202 et
1300 4121 1650 4207 consolaciouibus
1688 4154 1922 4236 pauperum
1952 4145 1989 4207 et
2018 4126 2065 4203 iu·

281 4236 489 4318 firmorum
518 4236 559 4316 iu
589 4233 714 4316 domo
740 4233 978 4343 degencium
1007 4233 1225 4317 memorata
1254 4232 1344 4341 jura
1373 4234 1498 4343 ipsius
1524 4250 1565 4315 et
1593 4262 1658 4317 res
1690 4264 1767 4344 pro
1803 4264 1927 4345 posse
1962 4239 2064 4318 eciam

282 4347 506 4441 defensari,
531 4346 585 4426 Et
611 4344 831 4429 eorundem
862 4372 1086 4455 pauperum
1115 4346 1156 4425 in
1190 4346 1438 4425 testamentis
1465 4372 1513 4427 ac
1542 4346 1631 4427 aliis
1659 4348 1739 4455 piis
1771 4348 1971 4457 operibus
2002 4346 2064 4427 uti·

282 4459 414 4539 litates
442 4458 660 4539 efficaciter
686 4475 969 4565 promoucant,
998 4482 1047 4540 ae
1064 4458 1132 4561 eis
1158 4456 1379 4565 spiritualia
1409 4454 1553 4537 solacia
1582 4455 1795 4539 karitatiue
1838 4457 2063 4567 impendant

282 4571 419 4651 Eciam
449 4568 614 4679 quando
644 4568 795 4677 upsalia
824 4569 974 4649 fuerint
1001 4596 1093 4649 cum
1122 4566 1332 4649 commode
1364 4582 1583 4677 potuerunt
1613 4570 1861 4651 visitacionis
1891 4572 2064 4680 frequen·

283 4682 346 4763 eia
375 4680 614 4789 corporalis,
642 4678 802 4790 licique
829 4696 871 4763 et
897 4680 1069 4763 aliorum
1097 4679 1363 4777 conuiuarum
1399 4676 1508 4759 dicte
1549 4677 1692 4760 domus
1733 4682 1814 4764 siut
1849 4683 1969 4761 anuis
1998 4683 2064 4761 sin·

283 4790 390 4903 gulis
418 4814 608 4871 memores
641 4792 751 4901 apud
781 4793 913 4873 deum.
970 4792 1075 4872 Jtcur
1104 4788 1250 4869 fratres
1278 4785 1329 4869 de
1356 4788 1529 4872 munia
1557 4790 1600 4869 in
1629 4791 1834 4901 sepedicta
1859 4790 1979 4873 domo
1998 4788 2064 4881 dei,

224 4910 228 4922 '
283 4919 428 5017 quarta
457 4902 523 4984 die
550 4919 821 5013 pentecostes,
846 4920 889 4987 ct
915 4900 1281 5013 sollempnitatibus
1309 4899 1425 4985 beate
1451 4896 1657 5001 katerine,
1682 4920 1724 4989 et
1750 4906 1886 4987 sancti
1924 4898 2064 4989 Nicolai
