4317 5975
816 452 871 474 ..
981 393 1064 520 6³5}
1116 428 1118 435 ·
1176 458 1231 473 ..

136 642 302 777 1458.
344 618 355 801 θ’
462 674 466 681 ’
606 651 612 661 ’
778 644 926 757 1305
974 642 1097 751 (1.8
1139 562 1288 751 bdars.
1438 604 1443 618 Ι
1581 604 1922 793 tomberg,

201 842 319 929 oreos
339 865 453 927 anors
473 862 663 927 efllrllsud
685 813 806 927 Gdfso·
826 863 886 928 och
908 865 1093 929 stmesbret
1108 865 1147 949 pt
1181 866 1247 928 dess
1271 858 1431 952 'Grelsiap
1463 864 1511 927 till
1539 860 1711 946 Kounngen
1742 868 1923 949 illorrige,

185 990 191 999 ·
254 951 305 1033 111(
325 948 380 1012 det
400 946 521 1020 bitrlde
542 948 604 1011 beu
623 950 751 1015 crtttttt
774 949 821 1014 till
844 950 1042 1035 Grefslspcts
1062 949 1189 1013 liirsrsn
1441 972 1445 979 ¹

1604 1030 1787 1121 00001).
1834 1080 1838 1093 ,

86 1264 91 1271 .
238 1166 441 1251 Omnibus
469 1192 634 1275 presens
661 1171 856 1279 scriptum
892 1167 1155 1249 cernentibus
1180 1171 1355 1248 lacones
1403 1170 1493 1265 Deis
1513 1170 1645 1277 gracia
1677 1190 1810 1247 eomes
1839 1163 1926 1247 lml·¹
2004 1174 2038 1269 J

66 1313 72 1324 *
127 1277 283 1388 laridie,
310 1282 480 1361 salutem
509 1280 553 1359 10
581 1277 747 1361 (10111100
778 1282 1073 1390 sempiternam.
1125 1279 1469 1387 Recognosoentes
1498 1280 1708 1387 magnilica
1737 1296 1778 1358 et
1806 1304 1923 1388 qvam

127 1394 296 1503 plurimu
328 1390 518 1473 beneficia
551 1392 987 1475 Excellentissimorum
1016 1391 1247 1500 principum
1277 1392 1530 1471 dominorum
1558 1388 1783 1469 nostrorum
1815 1389 1937 1471 vides

125 1506 218 1586 licet
248 1504 575 1617 bonememorie
602 1506 808 1612 qvondam
838 1510 943 1612 regis
974 1502 1084 1581 Erici
1112 1520 1152 1582 et
1182 1503 1356 1611 Haqvini
1387 1530 1493 1581 (11100
1524 1504 1726 1610 regnantis
1753 1530 1925 1582 consan-

121 1619 361 1726 guineorum
392 1632 622 1696 nostrorum
658 1618 953 1696 carissimorum
982 1609 1101 1693 uobis
1130 1630 1171 1694 et
1202 1615 1349 1693 nostris
1378 1616 1524 1721 saepius
1564 1612 1739 1693 exhibita
1770 1629 1852 1692 tam
1881 1617 1938 1705 in,
1994 1686 2004 1699 ,
2073 1630 2077 1637 “

123 1730 320 1810 comitatu
349 1742 488 1809 nostro
516 1742 557 1805 et
585 1731 703 1807 terris
730 1747 872 1810 contra
896 1752 1033 1831 regem
1064 1726 1443 1805 Dacieetsuiscum
1472 1726 1674 1804 excercitu
1704 1740 1744 1803 ct
1773 1727 1926 1833 mugnis
1991 1748 1997 1757 “

42 1842 51 1849 ’
101 1841 325 1933 ,sumtibus
354 1828 609 1919 defensandis
637 1840 679 1919 iu
707 1842 847 1922 castris
885 1838 1001 1918 hunae
1040 1835 1126 1916 hals
1159 1852 1197 1914 et
1226 1836 1442 1943 Vardberg
1488 1834 1770 1915 construendis
1798 1850 1927 1915 etve-

122 1944 361 2035 xscionibus
404 1951 571 2059 proprie
602 1964 842 2059 persone'et
868 1974 1053 2042 suorum,
1095 1974 1178 2027 non
1209 1947 1361 2057 absque
1391 1948 1543 2053 magnis
1575 1945 1763 2053 periculis
1791 1963 1831 2025 et
1860 1974 1927 2025 ex-

124 2066 259 2175 pensis
288 2062 437 2171 pluries
465 2059 516 2140 ad
545 2060 817 2170 placitandum
849 2089 925 2169 pro
962 2058 1079 2139 nobis
1108 2058 1219 2139 dicto
1248 2060 1346 2166 llegi
1377 2060 1499 2137 Dacis
1528 2058 1772 2155 occurendo,
1808 2083 1926 2167 qvam

125 2178 385 2284 inpromptu
419 2174 590 2281 pecunia
620 2173 696 2253 sub
726 2192 862 2257 nostra
894 2167 1168 2278 fidejussione,
1210 2167 1288 2250 dua
1321 2170 1442 2249 millia
1477 2169 1739 2259 ‘marcharum
1768 2171 1927 2251 sterlin-

122 2315 267 2397 garum
295 2284 407 2367 dicto
437 2285 612 2365 Domino
647 2284 894 2393 Suderjucioe
921 2298 962 2363 ct
991 2279 1069 2360 alia
1114 2283 1230 2365 nobis
1266 2280 1372 2363 done
1415 2280 1567 2389 pluries
1598 2279 1930 2363 coneedendo-et

125 2400 226 2486 alias
246 2394 492 2494 ,multimode
518 2396 562 2476 iu
598 2400 748 2478 nostris
791 2394 1092 2477 necessitatibus
1120 2408 1160 2471 et
1189 2393 1387 2500 arigustiis
1428 2391 1716 2473 succurrendo.
1775 2393 1858 2473 Nos
1885 2393 1926 2473 in

128 2509 549 2618 recompensacionem
579 2506 865 2617 praedictorum
896 2504 1179 2589 beneficiorum
1207 2522 1249 2591 et
1278 2504 1590 2613 potissimeque
1608 2520 1748 2589 contra
1776 2506 1929 2585 instan-

128 2641 209 2705 tem
239 2638 462 2703 castrorum
492 2638 747 2717 nostrorum,
773 2650 797 2701 a
826 2618 936 2701 dicto
956 2616 1121 2699 domino
1150 2644 1243 2722 rege
1274 2616 1762 2725 Decieimpugnacionem
1791 2631 1833 2695 et
1860 2641 1930 2695 co·
1959 2670 1966 2686 ·

126 2737 292 2816 mitatus
320 2732 568 2813 invasionem
598 2758 683 2811 non
709 2731 933 2813 sufficimus
957 2728 1134 2837 propriis
1163 2728 1317 2809 viribus
1353 2728 1537 2808 resistere
1565 2728 1611 2807 et‘
1634 2744 1763 2808 eastra
1791 2722 1930 2807 eedem

129 2876 176 2927 uc
205 2844 388 2926 homines
416 2846 457 2924 in
485 2842 635 2923 eisdem
665 2844 880 2925 existentes
909 2840 1100 2933 liberere,
1132 2836 1324 2919 tradimus
1353 2838 1474 2945 pleno
1502 2837 1592 2944 jure
1621 2834 1732 2919 dicto
1761 2837 1929 2917 domino

127 2976 269 3043 nostro
295 2956 383 3064 iegi
412 2953 616 3062 Norvegie
644 2953 811 3052 illustri,
852 2952 1005 3035 dictum
1035 2952 1269 3033 comitatum
1314 2967 1497 3038 nostrum
1535 2945 1712 3033 Hellend
1741 2974 1833 3032 cum
1863 2975 1930 3028 ca·
2028 2986 2033 3001 =

128 3067 457 3176 stris,.praediis‚
487 3065 827 3173 possessionibus,
856 3063 1116 3158 molendinis,
1144 3063 1253 3142 silvis
1283 3062 1475 3172 piscariis,
1504 3064 1725 3168 portubus,
1754 3061 1930 3156 colonis,

63 3179 69 3185 ’
106 3219 112 3225 ·
126 3180 290 3291 juribus
318 3195 360 3258 et
388 3178 648 3286 pertinenciis
676 3178 984 3287 qvibuscunqve
1016 3192 1057 3254 et
1088 3176 1374 3282 proprietatem
1423 3175 1603 3254 omnium
1646 3170 1930 3280 praedictorum

127 3297 170 3377 iu
199 3285 351 3372 dictum
380 3289 586 3370 dominum
622 3305 803 3370 nostrum
846 3315 979 3396 regem
1023 3286 1224 3393 Norvegie
1253 3300 1293 3366 et
1321 3311 1414 3367 suos
1455 3311 1704 3368 successores
1733 3283 1931 3370 010010-

128 3433 221 3494 nam
250 3401 364 3509 regui
394 3401 596 3507 Norvegie
634 3418 835 3510 perpetuo
864 3394 1168 3493 transferendo,
1210 3413 1256 3478 et
1281 3400 1320 3476 iu
1350 3398 1508 3505 signum
1538 3395 1686 3477 tradite
1715 3386 1952 3504 possessio-¹

126 3518 192 3618 nis
219 3514 462 3607 scotavimus
490 3514 617 3594 eidem
650 3511 816 3594 domino
844 3514 928 3618 regi
959 3508 1111 3590 dictum
1153 3509 1385 3592 comitatum
1415 3506 1632 3595 secundum
1672 3506 1934 3588 cousuetudi-

128 3625 537 3736 uemapprobatem,
566 3625 768 3720 volentes,
800 3639 844 3702 ut
872 3619 1063 3729 deinceps
1091 3619 1223 3707 dictus
1265 3622 1480 3700 comitatus
1522 3620 1696 3704 nominis
1737 3617 1932 3725 ejusdem,
1964 3617 1968 3626 ’
2029 3688 2034 3702 ,

128 3754 260 3837 castra
292 3736 440 3867 praedia
469 3750 511 3814 et
545 3739 678 3831 omnia
722 3760 845 3840 supra
893 3731 1001 3814 diota
1047 3748 1280 3826 teneantur,
1324 3729 1607 3838 possideantur
1649 3745 1689 3808 et
1729 3745 1934 3836 regantur.

131 3850 407 3934 Promittuuus
435 3850 600 3954 insuper
627 3847 734 3926 bone
765 3843 843 3926 lide
871 3861 911 3924 et
939 3871 1013 3951 per
1044 3842 1289 3949 solempnem
1333 3841 1639 3947 stipulacionem
1683 3867 1756 3918 nos
1798 3841 1932 3917 omnia

130 3981 174 4042 et
204 3957 621 4068 singulasupradicte
654 3955 826 4038 fideliter
853 3970 1085 4034 servaturos
1115 3981 1187 4032 nec
1218 3980 1393 4062 uuquam
1420 3953 1555 4031 venire
1583 3967 1723 4030 contra
1754 3952 1933 4029 istaver·

132 4074 189 4154 bo
217 4075 280 4153 vel
311 4070 440 4166 ficto,
468 4097 542 4178 per
571 4097 662 4163 rios,
693 4065 871 4146 haeredes
917 4081 1076 4144 nostros
1104 4065 1166 4143 tel
1199 4065 1480 4171 interpositum·
1526 4074 1734 4170 personam
1764 4061 1934 4168 dejure
2054 4129 2056 4134 .

27 4265 37 4273 ,
132 4185 197 4264 ecl
227 4183 278 4264 de
307 4182 446 4278 sacro,
465 4182 747 4268 submittentes
777 4206 849 4256 nos
877 4195 916 4257 et
945 4175 1116 4255 infantes
1146 4191 1304 4255 nostros
1333 4177 1464 4282 gracie
1494 4175 1590 4254 dicti
1619 4172 1772 4252 domini
1803 4173 1933 4276 Regis,

132 4295 426 4390 utsi·diclum
456 4295 690 4372 comitatum
720 4287 866 4371 sibiet
896 4289 1009 4398 regui
1051 4288 1253 4398 Norvegie
1296 4315 1371 4398 per
1411 4286 1711 4396 placituciouem
1741 4283 1803 4365 vel
1834 4285 1933 4362 0110-
2067 4347 2077 4360 „

133 4405 254 4489 modo
286 4407 412 4513 possit
442 4406 636 4504 retinere,
682 4431 756 4482 nos
797 4417 837 4480 et
875 4401 1023 4482 liberos
1053 4417 1212 4481 nostros
1257 4400 1455 4506 respicere
1497 4397 1592 4478 velit
1639 4413 1761 4505 prout
1802 4397 1934 4479 exitus

129 4520 255 4600 buius
282 4545 429 4624 guerre
458 4515 676 4604 feliciorem
708 4513 770 4593 vel
801 4515 1026 4616 graviorem
1056 4527 1246 4591 euentum
1269 4513 1464 4590 sortietur
1491 4527 1531 4586 et
1562 4525 1683 4616 prout
1711 4535 1780 4586 ses
1796 4507 1935 4588 Norici

129 4631 318 4711 meliores
345 4627 398 4708 dc
425 4653 572 4734 regno,
601 4653 703 4738 qvos
732 4621 781 4702 sd
812 4624 888 4702 boc
924 4622 1160 4731 elegerimus
1201 4619 1422 4701 secundum
1451 4619 1569 4699 deum
1600 4637 1639 4698 ct
1668 4621 1937 4698 conscienciae

130 4769 246 4838 suns,
274 4741 309 4820 si
335 4737 446 4820 dicto
473 4737 638 4820 domino
666 4737 766 4842 Regi
797 4735 956 4813 iuterim
991 4735 1202 4842 contingat
1230 4734 1478 4828 humanitus,
1522 4731 1936 4839 recompensacionem

171 4956 204 5029 4)
218 4951 284 5098 Ἀ
293 4972 348 5098 0111ι
353 4951 389 5015 nl
404 4949 593 5036 Bisltepsrne
614 4945 735 5010 Erlsnd
756 4943 922 5028 0011111000
948 4930 1028 5007 sumt
1053 4941 1268 5026 Dominpitlet
1286 4943 1299 5004 i
1322 4942 1438 5022 Res-gen
1471 4939 1501 5001 d.
1528 4961 1559 5004 rr
1585 4943 1670 5010 Mers
1695 4938 1773 5006 1306
1794 4939 1934 5022 bestyrkt

286 5056 311 5096 n
1074 5064 1077 5073 ·
