4317 5975
1145 443 1196 540 a
1306 386 1365 508 -’-

944 666 1015 747 Aa
1040 666 1143 749 idem
1171 669 1214 746 in
1240 666 1397 749 mino.

333 836 338 845 “
377 813 581 899 Omnibus
606 791 814 919 present'es
839 804 1007 901 ,litteras
1034 807 1278 918 inspecturis
1305 805 1483 890 Maerens
1510 806 1561 891 de
1598 807 1735 917 gracia
1765 805 1974 888 Sweorum
2002 833 2079 915 go·

269 948 406 1017 torum
432 957 505 1011 rex
533 924 710 1033 Salutem
739 921 782 1002 in
810 916 975 1005 domino
995 922 1281 1032 sempiternam
1298 919 1563 1029 ¹Admittimus
1591 925 1631 1000 8(
1660 916 1974 1031 volumesquod
2003 917 2079 998 ha·

269 1042 464 1126 bitatores
503 1033 634 1141 insule
674 1032 887 1143 visingxoo
916 1034 958 1114 in
987 1031 1099 1115 siluis
1145 1033 1427 1115 communibus
1455 1047 1562 1113 terre
1604 1031 1785 1140 vesgotie
1814 1032 1876 1111 ius
1900 1030 2082 1116 habeant

270 1154 381 1265 ligna
408 1175 493 1229 non
522 1142 689 1259 glandes
717 1161 790 1225 aut
817 1173 941 1227 nuces
969 1141 1195 1227 deferentes
1210 1142 1262 1228 ad
1286 1146 1423 1227 focum
1451 1138 1572 1225 suum
1598 1146 1867 1225 instrumenta
1895 1141 2082 1253 quelibet

271 1284 341 1347 aut
369 1256 511 1343 domos
539 1260 693 1369 inpune
722 1262 763 1337 8(
791 1252 917 1339 libere
945 1253 1158 1340 excidendi
1186 1264 1228 1339 8(
1254 1253 1465 1338 deferendi
1508 1257 1610 1337 Item
1656 1282 1803 1366 pecora
1837 1283 1907 1335 sua
1953 1254 2082 1362 depa-

271 1367 411 1458 scendi
438 1368 707 1457 prohibentes
734 1370 872 1480 itaque
900 1368 1068 1450 firmiter
1104 1375 1144 1449 8(
1173 1368 1353 1479 districts
1381 1397 1433 1449 ne
1492 1371 1552 1449 uis
1580 1370 1690 1477 ipsos
1726 1394 1851 1476 super
1878 1366 1957 1447 hoc
1987 1392 2083 1476 pre·

215 1532 218 1539 ·
272 1501 404 1572 sumat
437 1480 694 1595 aliquatenus
722 1481 936 1564 molestare
964 1476 1174 1563 Presentes
1202 1482 1299 1591 ipsis
1327 1509 1451 1591 super
1460 1398 1557 1563 lion
1587 1480 1741 1561 litteras
1779 1492 1919 1559 nostro
1946 1475 2083 1587 sigillo

271 1593 478 1683 reddimus
503 1594 695 1705 sigillatas
710 1592 860 1675 Datum
873 1593 1019 1674 alznoo
1047 1598 1170 1675 Anno
1184 1594 1347 1675 Domini
1370 1592 1473 1675 1286
1500 1611 1650 1703 quarto
1667 1589 1859 1674 kalendas
1882 1589 2083 1671 octobris.

271 1812 415 2005 ²951.
825 1932 827 1939 a
935 1852 1086 1960 1286
1131 1852 1181 1959 a
1229 1894 1258 1997 7
1306 1850 1422 1958 oa
1905 1772 2086 1955 naas.

320 2116 323 2124 ,
357 2044 495 2125 Konung
515 2038 649 2105 Maurus
670 2038 710 2102 las
730 2032 909 2103 Gdfvobrel
924 2037 973 2103 till
996 2040 1206 2105 Svartbrddra
1227 2042 1358 2108 llostret
1379 2046 1389 2107 i
1412 2040 1596 2107 Stoclbolm
1618 2040 1659 2128 pl
1680 2052 1798 2105 vattnet
1831 2041 1944 2104 mellan
1969 2040 2087 2105 stock-

409 2122 512 2189 bolms
533 2125 610 2189 sud
630 2122 691 2187 och
712 2120 969 2203 Riddarbolmen,
991 2125 1211 2206 jernteliirbud
1233 2134 1291 2204 att,
1312 2130 1542 2191 utanllostrets
1552 2124 1904 2189 Provincial·ll1inisters
1930 2124 2087 2203 rittsrtnd,

363 2245 370 2257 ·
412 2232 456 2296 up
505 2208 818 2358 'rssllygggudeqtpd
838 2207 1085 2273 Ridelarbolmcn
1114 2208 1195 2273 cller
1214 2211 1225 2271 i
1244 2211 1353 2275 staden
1386 2212 1493 2295 lingna
1523 2220 1560 2273 ut
1581 2213 1592 2273 i
1613 2208 1772 2275 bentldtc
1803 2218 1927 2303 ratleo,
1947 2203 1988 2271 δυ’
2017 2228 2088 2271 som

411 2316 446 2357 re
469 2316 509 2357 an
566 2314 620 2356 ru
676 2312 737 2377 ης
776 2337 785 2355 .
1691 2374 1853 2444 ΜΝ
1874 2374 1949 2439 μ’).

372 2472 561 2559 ‘bleonus
589 2466 656 2557 dei
684 2475 820 2584 gracia
849 2472 1058 2557 Sweorum
1073 2474 1399 2587 Gothorumque,
1427 2476 1527 2573 Rex,
1552 2476 1764 2558 Uninersis
1793 2500 1957 2585 presens
1984 2477 2087 2569 scri·

276 2606 393 2701 ptum
420 2588 579 2685 visuris,
607 2586 778 2669 salutem
806 2586 850 2667 in
878 2584 1063 2685 domino,
1102 2589 1255 2671 Notum
1284 2614 1368 2669 esse
1385 2578 1592 2697 Jc'upimus
1619 2590 1875 2699 presentibus
1904 2590 1945 2668 8(
1974 2585 2089 2667 lutu-

275 2704 350 2801 ris,
378 2729 454 2785 nos
497 2698 653 2781 dedisse
683 2704 723 2779 8(
770 2702 989 2808 assignasse
1018 2698 1112 2781 loco
1154 2706 1194 2781 8(
1234 2700 1365 2782 insule
1407 2698 1580 2781 fratrum
1627 2700 1829 2782 minorum
1870 2697 2089 2781 Stokholm

274 2832 410 2910 totum
437 2810 612 2893 fundum
640 2839 745 2921 aque
774 2811 940 2891 iacentis
977 2814 1083 2892 inter
1111 2812 1317 2894 ciuitatem
1346 2816 1386 2891 8(
1418 2811 1591 2893 insulam
1634 2811 1928 2922 supradictam,
1968 2810 2090 2914 dnbi-

275 2924 419 3008 bentes
448 2951 497 3006 ex
525 2932 633 3004 nuno
660 2918 737 3003 sub
766 2938 939 3030 optentu
963 2926 1098 3030 gracie
1125 2940 1278 3021 nostre,
1306 2952 1357 3005 ne
1372 2923 1519 3033 aliquis
1548 2922 1599 3005 de
1627 2940 1764 3007 cetero
1791 2952 1815 3006 a
1846 2940 1961 3034 parte
1986 2922 2089 3006 ciui·

275 3039 371 3117 tatis
401 3037 496 3145 quic
527 3062 622 3113 uam
650 3031 820 3126 edificet,
849 3032 956 3111 ultra
987 3032 1130 3113 domos
1159 3027 1268 3115 nuno
1296 3035 1659 3117 edificatascontra
1689 3036 1859 3118 insulam
1888 3061 2089 3116 memora-

276 3165 382 3243 tam,
414 3063 692 3224 Simili-etiam
721 3139 844 3222 modo
873 3141 1114 3240 inhibemus,
1138 3147 1419 3256 nequisquam
1436 3147 1602 3228 domum
1629 3146 1806 3257 aliquam
1833 3147 2005 3250 edificet,
2019 3148 2090 3229 vel

277 3256 455 3342 edificari
483 3269 676 3362 procuret
704 3253 748 3332 in
775 3253 907 3332 insula
942 3255 1148 3364 sepedicta
1177 3274 1292 3338 extra
1317 3260 1457 3339 locum
1491 3260 1654 3340 claustri
1684 3261 1769 3340 sine
1800 3258 1960 3341 licentia
1989 3286 2090 3367 pro·

277 3357 461 3452 vinoialis
489 3365 684 3462 Ministri,
727 3364 829 3445 Cum
870 3365 923 3444 sit
948 3381 1035 3446 tota
1066 3361 1238 3449 fratrum
1267 3369 1406 3450 usibus
1436 3376 1475 3452 8(
1502 3368 1750 3452 utilitatibus
1778 3387 1980 3480 perpetuo
2016 3368 2093 3451 de·

279 3496 443 3592 putata,
471 3479 528 3558 Vt
556 3477 680 3584 igitur
707 3474 781 3557 heo
808 3477 1100 3560 inuiolabiliter
1128 3479 1418 3578 obseruentur,
1448 3499 1674 3590 presentem
1718 3486 1909 3593 paginam
1944 3498 2091 3564 nostro
2122 3542 2125 3551 -

278 3592 411 3701 sigillo
440 3589 724 3673 communitam
752 3588 850 3697 ipsis
877 3587 1071 3670 fratribus
1101 3589 1286 3672 dedimus
1315 3593 1368 3675 ad
1396 3597 1626 3675 memoriam
1642 3593 1890 3690 futurorum,
1918 3595 2091 3692 Datum,

279 3703 438 3801 Dafha,
466 3729 573 3783 anno
602 3699 774 3798 domini,
816 3695 890 3783 Μ’.
919 3702 1020 3784 00⁰.
1050 3703 1320 3786 LXXX⁰VI⁰.
1382 3703 1458 3786 Die
1487 3706 1582 3787 lune
1610 3705 1718 3814 jnfra
1753 3725 1938 3788 octauam
1974 3705 2093 3788 Beati

280 3816 484 3899 Francisci
511 3810 760 3896 confessoris.
1964 3834 1970 3842 ›

551 3953 667 4038 Kongl·
686 3953 817 4037 sigillet,
841 3955 853 4016 i
873 3957 965 4038 grdnt
985 3956 1084 4066 vaxld
1107 3957 1180 4040 gula
1201 3955 1263 4022 neh
1283 3957 1362 4022 adda
1382 3907 1599 4042 attenedo,
1625 3969 1659 4023 ar
1680 3958 1820 4055 skcdsdt.

286 4309 420 4424 922.
946 4273 1097 4388 1286
1144 4272 1194 4380 d.
1242 4305 1270 4422 7
1319 4270 1433 4424 Oet
1916 4273 2097 4390 Dauo.

364 4454 501 4538 Konung
523 4457 656 4519 Maurus
677 4455 717 4520 las
736 4453 913 4521 Gsfvobref
929 4461 969 4544 pa
991 4459 1104 4524 lordna
1125 4458 1432 4549 Hospitaletsgrund,
1453 4482 1495 4526 m.
1511 4484 1554 4528 m,
1571 4463 1615 4549 pt
1635 4464 1719 4540 Nom
1729 4463 1828 4529 Malm
1844 4431 1896 4529 till
1911 4462 2096 4546 ,sulliman-

417 4539 458 4604 de
479 4539 518 4603 af
534 4535 578 4602 St.
599 4540 698 4604 Clarae
716 4540 836 4604 kloster
856 4543 866 4603 i
889 4541 1081 4607 Stoclbolm.
1569 4545 1572 4550 ’

247 4761 253 4777 .
286 4755 289 4762 ,
394 4691 571 4774 monus
600 4688 666 4773 dei
688 4695 828 4802 gracia
855 4693 1079 4794 Sweorum,
1109 4695 1420 4810 Gothorumque
1441 4699 1548 4797 Rex,
1573 4626 1788 4780 Uniuersis
1805 4627 1977 4807 3pielielns
1990 4700 2095 4785 scri·

283 4821 402 4916 ptum
428 4804 701 4904 cernentibus,
729 4805 899 4888 salutem
924 4808 969 4893 in
991 4810 1187 4911 Domino,
1215 4811 1339 4894 Geste
1353 4813 1413 4893 rei
1428 4811 1661 4912 antiniana
1675 4836 1867 4922 processu
1888 4811 2095 4922 temporis

327 5049 354 5124 *j
376 5045 489 5110 Finnes
509 5029 599 5114 tlven
620 5048 632 5110 i
651 5069 690 5113 en
711 5050 749 5114 al'
765 5049 948 5136 Hertigarnc
967 5050 1047 5120 Euro
1067 5052 1129 5118 och
1150 5055 1336 5126 warram
1356 5056 1439 5144 (307
1456 5055 1490 5122 (1.
1503 5077 1551 5145 ‘²9
1569 5053 1649 5124 Nos.
1670 5051 1836 5122 bckrtllad
1855 5053 1987 5120 alcuin
