4317 5975
815 427 1063 535 -·407
1171 388 1359 493 μ’

17 746 20 751 ,
121 666 181 733 tes
214 646 492 759 prouiderint‚
521 665 566 731 rt
594 646 902 733 succedentibus
932 668 1100 757 pateant
1129 650 1259 730 vinaci
1289 649 1519 737 testimonio
1549 650 1785 752 litterarum,
1804 654 1943 759 ‘Hinc‘

118 759 321 871 estquod
350 760 401 842 ad
431 764 617 845 noticiam
648 760 902 871 presencium
932 777 974 842 et
1002 760 1231 843 futurorum
1255 761 1466 842 euidenter
1491 770 1677 872 cupimus
1694 772 1919 872 peruenire,

149 875 231 955 uod
262 872 411 955 nobilis
439 891 480 956 et
508 873 688 984 'prudens
716 873 779 952 vir
807 871 1006 980 Dominus
1028 872 1270 984 tbyrghillus
1299 868 1489 973 knutson,
1521 875 1762 957 marslralcus
1786 900 1920 963 noster

116 905 301 1091 dilectus¹
313 1014 364 1067 ex
381 1005 496 1097 purte
511 1014 601 1083 vna,
615 1002 657 1067 et
676 984 862 1093 religiose
876 984 1050 1083 domine,
1066 986 1267 1066 abbatissa
1283 1000 1324 1065 et
1339 1013 1497 1067 sorores
1522 990 1755 1097 monaster-ij
1783 1010 1920 1075 sancte

116 1098 257 1194 Clare,
286 1126 336 1179 ex
364 1114 479 1208 parte
507 1096 655 1195 altera,
682 1095 888 1208 quandam
918 1101 1261 1205 permutacionem
1292 1098 1524 1205 prediorum
1562 1100 1744 1180 fecerunt
1772 1108 1813 1183 in
1845 1132 1918 1185 no·

116 1227 199 1290 stra
228 1211 435 1319 presencia
465 1212 508 1290 in
536 1211 644 1291 bunc
671 1206 859 1305 modum,
900 1205 1086 1291 Tradidit
1129 1236 1302 1319 namque
1344 1211 1540 1291 Dominus
1580 1210 1825 1293 marslraleus
1851 1243 1919 1296 su·

117 1321 347 1430 pradictus,
375 1314 524 1403 eisdem
553 1322 782 1415 sororibus,
821 1339 861 1402 et
888 1348 1027 1401 earum
1072 1322 1334 1417 monasterio,
1378 1322 1488 1401 Duas
1531 1325 1710 1403 marchas
1738 1343 1845 1407 terre
1874 1330 1917 1409 in

116 1432 283 1542 hosaeby
322 1433 524 1516 marehern
562 1462 685 1514 vnum
725 1429 897 1512 solidum
939 1448 1045 1514 terre
1088 1434 1130 1514 in
1161 1431 1351 1528 lundam,
1395 1461 1511 1513 unam
1555 1435 1694 1539 boram
1739 1456 1843 1519 terre
1873 1440 1916 1520 in

111 1545 333 1653 bisergbir‚
361 1560 402 1625 et
430 1561 608 1655 quatuor
635 1544 786 1626 solidos
813 1545 988 1624 terrein
1018 1544 1195 1644 tantist,
1225 1543 1331 1625 villis
1359 1544 1548 1653 videlicet
1577 1547 1633 1627 ibi
1654 1574 1793 1657 prope,
1821 1580 1913 1631 cunr

88 1654 268 1754 tundo,
297 1658 421 1765 agris,
452 1660 598 1765 pratis,
626 1656 759 1753 siluis,
788 1657 912 1751 aruis,
944 1658 1120 1764 pascuis,
1151 1657 1462 1765 piscacionibus,
1492 1652 1761 1755 arundinetis,
1790 1681 1830 1743 et
1852 1690 1916 1743 ce·
1987 1742 1992 1753 ,

113 1773 212 1850 teris
240 1768 470 1876 attinenciis
501 1770 587 1849 sine
615 1769 726 1851 omni
753 1761 1018 1876 empcione,
1042 1786 1246 1875 perpetuo
1261 1766 1539 1876 possidendas,
1568 1770 1744 1878 Recepta
1772 1772 1916 1856 abeis·
2035 1860 2038 1869 ,

111 1880 465 1990 dem-sororibus,
501 1882 577 1962 sibi
606 1897 648 1961 et
682 1880 773 1959 s'uis
798 1875 1032 1977 heredibus,
1061 1881 1102 1959 iu
1135 1881 1420 1989 proprietatem
1450 1896 1491 1959 et
1520 1873 1761 1977 dominium,
1803 1886 1916 1966 curia

112 1989 350 2100 monasterij
378 2018 515 2072 earum
545 1995 585 2071 in
614 1991 755 2089 sembi,
785 1991 826 2069 in
856 1990 1063 2100 parocbia
1093 1989 1297 2089 danaerpr,
1331 2020 1421 2072 com
1450 1992 1639 2073 omnibus
1667 1993 1916 2077 condicioni·

112 2104 192 2186 bus
220 2101 485 2213 supradictis‚·
507 2106 574 2185 cui
603 2104 811 2184 subiacent
847 2102 987 2211 predia
1027 2103 1245 2190 consimilis
1288 2104 1541 2213 quantitatis,
1587 2103 1756 2185 dimidio
1784 2105 1916 2189 solido

107 2231 224 2297 terre
253 2217 397 2297 minus.
427 2216 511 2296 Nos
539 2216 664 2324 igitur
694 2213 917 2323 predictam
938 2214 1300 2321 permutacionem‚
1329 2230 1520 2323 tanquam
1544 2213 1735 2323 legittime
1756 2215 1914 2315 factam,
2031 2212 2034 2223 ’

111 2327 360 2408 ratificamus
388 2342 430 2406 et
457 2328 739 2409 confirmamus
767 2327 1025 2432 presentibus
1052 2326 1213 2419 litteris,
1244 2324 1429 2437 ⁴volentes
1458 2353 1542 2405 eam
1573 2329 1741 2411 existere
1771 2356 1915 2437 perpe·

111 2454 187 2519 tue
214 2438 432 2532 firmitatis,
468 2441 520 2518 Jn
548 2440 663 2518 cuius
694 2437 788 2518 lacti
808 2437 1084 2539 *euidenciam
1112 2436 1288 2543 sigillum
1316 2452 1516 2531 nostrum,
1560 2463 1637 2516 vna
1661 2464 1752 2518 eum
1781 2439 1945 2547 sigillo·

3 2612 10 2625 .
110 2550 241 2657 ipsius
270 2547 500 2645 marshami,
531 2548 783 2658 presentibus
809 2564 907 2630 sunt
934 2576 1123 2657 appensa.
1165 2547 1563 2643 Datnm‘stokholm
1593 2549 1714 2629 Antio
1743 2548 1915 2650 domini,

81 2660 191 2758 tt,
219 2660 354 2758 CCC',
383 2661 501 2757 titt„
524 2661 697 2743 sabbato
724 2675 820 2743 ante
848 2660 1019 2769 primam
1048 2661 1299 2741 Dominicam
1328 2657 1668 2769 quadragesime.'

403 2800 547 2886 sigitur,
569 2800 731 2884 bangande
751 2805 762 2865 i
783 2800 857 2884 gul·
877 2801 938 2865 ocb
959 2802 1037 2866 rb'da
1058 2802 1275 2885 sillssmdreu,
1296 2814 1350 2866 tuo
1371 2804 1464 2885 ulgot
1486 2799 1628 2890 sludatle.
1742 2796 1746 2807 '

67 2976 296 3184 <Im
590 3057 608 3155 .'
721 3052 871 3182 1304
917 3051 965 3158 d.
1007 3049 1041 3160 8
1083 3049 1324 3201 Mars'*).
1426 3067 1487 3152 f
1625 3049 1926 3202 ‘Strengnlis.‚

199 3269 337 3354 Kooung
357 3269 488 3334 Braoms
509 3272 612 3357 b‘ppna
635 3271 711 3334 snt
726 3271 797 3335 med
820 3231 970 3358 t'rirnyade
992 3273 1168 3359 privilegiet
1190 3273 1238 3335 lb'r
1259 3273 1363 3336 llilets
1385 3273 1592 3358 Presterslap.
1639 3239 1640 3247 l
1685 3322 1689 3327 .

1703 3357 1738 3411 A.
1758 3358 1784 3413 3.

226 3490 430 3572 Omnibus
458 3506 664 3600 presentes
706 3490 861 3572 litteras
901 3491 1162 3598 Jnspecturis.
1205 3491 1417 3574 Bracaros
1445 3490 1508 3572 dei
1552 3495 1687 3598 gracia
1716 3521 1915 3578 sweorum

111 3599 428 3713 Gothorumque
459 3603 558 3684 Rex.
587 3601 765 3687 Salutem
794 3604 839 3683 in
869 3598 1034 3683 domino
1063 3603 1368 3710 sempiternam,
1398 3604 1595 3708 Quamuis
1623 3622 1807 3687 creatura
1836 3637 1918 3713 non

112 3714 267 3794 babeat
294 3710 396 3826 quid
426 3741 500 3822 pro
529 3711 680 3794 meritis
709 3711 955 3823 respondeat
985 3716 1158 3794 creatori
1187 3715 1342 3796 solicite
1363 3734 1497 3796 tannen
1530 3719 1827 3822 precauendum
1858 3739 1918 3802 est

113 3854 171 3907 ne
199 3825 302 3908 lilios
331 3825 538 3906 bominum
575 3827 828 3936 ingratitudo
872 3851 961 3904 reos
1003 3831 1245 3920 constituat,
1286 3854 1390 3934 qnos
1418 3827 1499 3905 snis
1528 3828 1674 3931 graciis
1705 3833 1918 3936 prenenire
2053 3885 2056 3892 -

112 3953 159 4017 et
188 3937 381 4048 prosequi
411 3964 618 4047 nunquam
647 3953 794 4034 cessat,
820 3936 923 4017 Sane
951 3937 1131 4016 inmensa
1152 3935 1182 4049 ¹)
1212 3936 1575 4044 diuinelargitatis
1604 3936 1794 4019 beneficia
1822 3972 1917 4050 erga

115 4074 194 4131 nos
221 4047 315 4129 licet
348 4050 567 4130 immeritos
596 4047 770 4128 felicium
798 4076 955 4155 semper
983 4065 1470 4157 augmentosuceessnum
1488 4049 1682 4129 cumulari
1701 4061 1733 4162 ²)
1762 4051 1917 4134 solicita

112 4158 384 4242 meditacione
411 4159 731 4270 contemplantes
758 4187 1004 4272 quamquam
1034 4158 1172 4240 laudes
1213 4159 1435 4275 condignas
1463 4151 1556 4240 sibi'
1582 4160 1804 4270 rependere
1835 4193 1918 4246 non
2043 4175 2046 4180 ''

156 4377 185 4453 *)
205 4369 253 4434 At
268 4389 387 4431 ummo
408 4367 558 4448 bundling
579 4366 677 4435 dunas
696 4372 707 4431 i
727 4368 870 4449 original
891 4369 979 4430 steen
1001 4386 1071 4432 atne
1081 4369 1255 4454 exemplar,
1278 4391 1346 4432 men
1360 4368 1429 4433 med
1451 4369 1563 4433 drtnlet
1589 4371 1681 4449 130⁵,
1703 4372 1764 4436 ocb
1787 4373 1919 4446 deolil·
1966 4393 1968 4396 ·

200 4453 308 4526 heter,
328 4473 394 4515 sum
416 4451 473 4513 latr
493 4452 608 4527 under,
631 4463 709 4516 tamt
728 4454 770 4535 pl
791 4454 882 4513 derat
903 4454 1004 4527 tttlle4
1025 4454 1063 4514 dr
1088 4453 1165 4516 1305
1186 4454 1216 4514 d.
1238 4452 1277 4514 ss
1299 4457 1383 4516 Mars
1403 4457 1574 4516 anmt'rlas
1606 4457 1673 4516 lien
1696 4456 1791 4518 bones
1810 4458 1919 4519 tiven-

200 4536 285 4600 ledes
305 4537 315 4596 i
335 4556 375 4598 eu
397 4535 519 4612 aielrill
542 4535 611 4597 l'rdu
637 4534 812 4614 tboottalet
843 4536 929 4617 Siga.
950 4536 978 4597 J.
1004 4535 1087 4615 128,
1110 4559 1174 4598 som
1198 4538 1236 4621 pt
1258 4533 1331 4598 llera
1364 4539 1472 4599 sttllen
1495 4539 1576 4616 rbier
1596 4539 1815 4602 ulslril‘mrens
1835 4553 1919 4602 stura

200 4621 345 4699 misstag,
364 4631 445 4681 sumt
466 4617 604 4698 utgifren
626 4618 664 4679 nl'
679 4619 826 4701 Diikma·
845 4619 929 4698 tbnt.
950 4619 1036 4682 Eecl.
1056 4640 1079 4681 t.
1101 4617 1182 4698 285.)
1203 4618 1264 4683 ocb
1286 4620 1434 4682 lludbeck
1467 4621 1588 4700 (Pr-lvii.
1609 4621 1748 4697 Ductor.)
1771 4625 1840 4685 med
1863 4627 1918 4684 tn·-
1961 4617 1964 4624 ’

200 4703 278 4764 talet
301 4701 395 4780 1303,
418 4700 538 4763 buttes
558 4701 595 4762 ir
618 4701 751 4782 Konuug
772 4703 880 4782 Birger
902 4701 942 4784 pt
964 4703 1095 4763 ntmnde
1116 4703 1178 4784 dag
1200 4724 1255 4766 var
1275 4707 1379 4784 (enligt
1401 4701 1441 4764 Κ.
1454 4726 1483 4766 n.
1499 4719 1525 4764 rt
1547 4705 1618 4781 322)
1641 4705 1649 4763 i
1671 4705 1940 4787 Tyrebolmorbx

201 4783 453 4848 underteclnede
474 4783 531 4847 der
552 4805 591 4846 en
612 4785 751 4846 Tractat.
780 4784 951 4846 Aislrillen
974 4787 984 4846 i
1006 4785 1083 4847 cod.
1105 4786 1192 4848 Line.
1214 4789 1247 4848 Β.
1268 4789 1300 4850 3:
1323 4787 1350 4850 3.
1371 4793 1406 4848 tr
1426 4787 1506 4848 ester
1527 4787 1698 4866 Originulet
1721 4789 1756 4849 ai
1773 4791 1808 4850 br
1825 4791 1917 4867 1304,

202 4889 272 4930 nen
296 4868 306 4929 i
327 4866 404 4930 cort
423 4865 500 4949 Ups.
522 4867 555 4929 B.
576 4883 607 4931 at
632 4865 690 4930 115
709 4866 789 4930 ester
810 4865 863 4928 det
883 4866 921 4927 al
936 4867 973 4928 dr
997 4865 1085 4947 1305,
1106 4887 1172 4930 som
1193 4870 1281 4931 arven
1309 4869 1390 4952 legat
1412 4873 1457 4932 till
1480 4869 1580 4954 grand
1603 4869 1655 4932 l‘o'r
1675 4871 1792 4935 Pllren
1815 4871 1915 4935 luban
1947 4930 1950 4938 .

200 4949 322 5014 xxm·
342 4947 418 5013 tert
440 4949 523 5030 gilon
542 4951 738 5012 stadllstelse.

164 5037 194 5113 ι)
215 5035 352 5097 inmense
377 5054 403 5112 r,
423 5032 558 5133 iamenu
581 5053 610 5096 a.
651 5038 682 5115 a)
703 5031 856 5096 cumulari
881 5051 908 5111 r,
930 5031 1116 5116 commutari
1139 5051 1166 5094 a.
