4317 5975
824 400 1240 483 -363-

129 608 188 708 bi
216 608 317 693 duas
348 612 526 697 marchas
553 630 661 696 terre
689 642 781 695 cum
809 645 887 698 voa
912 646 980 701 ora
1021 638 1128 705 terre
1167 626 1288 705 tercia
1333 638 1449 732 parte
1482 621 1601 705 solidi
1633 624 1781 722 minua,
1824 626 1928 707 item
1990 727 1991 730 p
2108 722 2112 747 ι

33 802 41 817 ,
131 723 173 803 in
202 741 348 805 westra
377 726 505 825 sarbia
533 754 656 807 vnum
685 723 856 809 solidum
887 746 1015 829 terre,
1044 737 1148 816 Jtem
1172 736 1215 842 jn
1239 735 1487 845 orberghum
1515 732 1726 820 dimidium
1754 734 1929 819 solidum

127 851 258 931 terre,
287 840 389 918 ltem
419 840 462 947 jn
490 840 654 917 wallum
686 838 788 918 duos
816 841 965 923 solidos
983 861 1099 925 terre
1129 875 1217 927 cum
1248 846 1433 944 dimidio,
1463 847 1778 930 lteminFotsta
1804 856 1928 939 vnum

130 947 461 1043 solidumterrc,
493 953 596 1031 Jtem
624 950 666 1057 jn
699 950 891 1033 billistum
922 974 1073 1062 septem
1104 956 1253 1037 solidos
1269 958 1313 1065 jn
1328 974 1509 1041 torrente
1537 957 1748 1041 dumtaxat
1777 957 1928 1043 ibidem

129 1060 232 1154 ‚ltem
263 1062 304 1139 in
333 1060 538 1168 gildistum
569 1060 779 1141 dimidium
808 1063 980 1145 solidum
1011 1086 1135 1164 terre,
1168 1071 1270 1147 ltem
1308 1071 1349 1148 in
1382 1069 1510 1150 akiste
1554 1086 1636 1152 tres
1679 1096 1793 1167 oras,
1823 1071 1927 1151 Jtem
2004 1171 2007 1181 Ι

67 1202 75 1213 ,
131 1171 174 1247 in
204 1170 346 1251 ballsta
377 1189 557 1282 quatuor
584 1172 736 1254 solidos
764 1190 890 1273 terre,
935 1180 1036 1259 Jtem
1072 1178 1115 1284 jn
1147 1178 1441 1287 billaberghum
1477 1181 1578 1261 duos
1620 1180 1770 1263 solidos
1798 1197 1927 1278 terre,

128 1281 234 1360 Jtem
263 1283 309 1390 jn
338 1284 636 1377 westrauallum
666 1284 873 1367 dimidium
904 1288 1078 1377 solidum
1112 1308 1236 1387 terre,
1279 1293 1381 1373 Jtem
1411 1295 1453 1374 iu
1483 1290 1688 1401 alsengum
1715 1290 1926 1397 dimidiam

128 1419 243 1471 oram
271 1414 397 1490 terre,
426 1398 529 1474 ltem
559 1398 602 1475 in
631 1396 880 1501 Gardlengio
909 1399 1113 1499 dimidiam
1145 1402 1344 1481 maroham
1375 1420 1508 1505 terre,⁸
1546 1406 1648 1483 ltem
1678 1408 1719 1485 in
1749 1402 1835 1483 Else
1864 1402 1925 1485 di·

129 1504 296 1584 midium
326 1506 500 1587 solidum
531 1523 657 1604 terre,
687 1512 788 1589 ltem
819 1512 860 1587 in
891 1512 1091 1610 Nora-acb)i
1121 1511 1223 1592 dnos
1253 1513 1402 1603 solidos
1430 1534 1556 1606 terre,
1586 1516 1687 1598 ltem
1718 1518 1760 1596 in
1789 1513 1926 1599 biura·

129 1642 203 1695 nes
232 1645 349 1695 vnam
380 1646 489 1697 oram
520 1634 627 1698 terre
655 1638 695 1699 et
724 1623 762 1700 in
793 1640 978 1730 quastum
1010 1650 1132 1702 vnum
1162 1624 1335 1704 solidum
1366 1644 1494 1723 terre,
1539 1653 1585 1705 ac
1613 1628 1745 1707 omriia
1775 1640 1815 1704 et
1843 1626 1925 1705 sin·

130 1726 223 1833 gula
252 1728 381 1807 eidem
412 1730 523 1808 curie
551 1733 768 1810 attinentia
800 1734 1042 1841 vbicumque
1070 1739 1143 1815 sita
1175 1752 1215 1815 et
1252 1742 1414 1816 inuenta
1446 1737 1596 1817 luerint
1625 1738 1664 1817 in
1697 1737 1925 1847 agrispra-
1977 1828 1980 1835 ¹

127 1839 181 1916 tis
210 1838 333 1934 siluis,
362 1842 560 1947 pascham,
588 1844 786 1949 piscariis,
816 1844 1056 1925 molendinis
1071 1868 1111 1928 et
1128 1846 1446 1927 molendinorum
1474 1849 1570 1927 locis
1593 1849 1695 1928 inira
1725 1872 1839 1957 sepes
1861 1847 1926 1927 val
2005 1865 2029 1899 ⁸
2073 1952 2085 1973 ‚

83 1996 88 2007 ·
128 1963 244 2029 extra
276 1951 395 2058 longe
425 1950 489 2030 uel
520 1981 648 2061 prope
678 1956 1037 2061 positis,.racione
1075 1959 1136 2039 sni
1167 1957 1291 2037 lidelis
1320 1960 1498 2055 seruicii,
1528 1975 1607 2038 tam
1638 1959 1774 2056 nobis,
1804 1984 1929 2069 quam¹

62 2059 68 2068 ”
129 2056 321 2166 predicto·
344 2060 508 2141 domino
523 2082 664 2145 nostro
694 2068 778 2169 regi
800 2069 981 2174 impensi,
1010 2071 1106 2149 lure
1137 2086 1336 2177 perpetuo
1353 2069 1631 2177 possidendam
1662 2068 1925 2151 Transieran-

127 2188 190 2249 tes
219 2172 418 2280 inripsum
449 2190 488 2252 et
518 2203 611 2255 suos
645 2177 810 2257 heredes
852 2178 1082 2258 facultatem
1131 2182 1298 2271 eandem
1337 2183 1487 2260 curiam
1532 2180 1783 2290 possidendi,
1825 2207 1924 2260 ven·
1986 2244 1990 2256 .
2059 2208 2067 2215 ·

126 2280 272 2377 dendi,
301 2284 593 2381 commutandi,
623 2315 691 2366 seu
722 2316 980 2399 quocumque
1010 2290 1130 2371 modo
1169 2292 1341 2371 voluerit
1386 2290 1613 2389 ordinandi,
1643 2296 1693 2371 ln
1722 2292 1924 2397 ouius'rei
2013 2324 2016 2335 ·

126 2393 401 2474 testimonium
432 2396 605 2503 sigillum
634 2417 815 2497 nostrum
846 2404 1099 2506 presentibus
1129 2416 1189 2481 est
1218 2430 1459 2511 appensum,
1492 2402 1641 2513 quibus
1670 2402 1822 2511 apponi
1851 2429 1924 2511 pe·

127 2506 259 2583 timus,
278 2504 406 2612 sigilla
436 2503 590 2587 domini
621 2512 745 2589 nostri
776 2512 899 2615 regia,
935 2508 1077 2592 dilecte
1109 2515 1245 2592 matris
1276 2531 1412 2594 nostre
1441 2512 1602 2595 donilne
1647 2516 1786 2621 regine
1829 2513 1935 2592 Hel-

114 2616 272 2722 'uighis
301 2615 536 2697 waldemari
558 2620 693 2699 l'ratris
722 2624 849 2702 nostri
878 2621 1024 2718 dilecti,
1048 2622 1199 2704 domini
1228 2623 1412 2733 tburgilli
1443 2623 1618 2726 knutson
1647 2622 1867 2719 marscalci,
1883 2641 1925 2705 et

125 2726 295 2806 aliorum
326 2726 523 2809 nobilium
553 2728 603 2810 de
632 2732 799 2812 consilio
827 2731 1000 2812 eiusdem
1031 2734 1183 2815 domini
1214 2738 1341 2815 nostri
1370 2738 1474 2843 regis
1495 2736 1545 2829 ‚ad
1568 2736 1819 2817 euidenciam
1835 2736 1923 2843 ple·

126 2838 281 2918 niorem
312 2842 457 2919 Datum
486 2840 722 2923 stoahotmis
750 2845 1037 2925 Annodomini
1068 2847 1250 2927 lll'CCC⁰
1282 2850 1459 2929 secundo
1489 2850 1529 2929 in
1559 2849 1769 2929 natiuitatc
1798 2846 1922 2955 virgi·

124 2952 187 3030 nis
216 2950 401 3058 gloriose.

90 3071 99 3078 ⁸
209 3095 335 3175 Sigilleo
362 3116 388 3175 r,
411 3116 440 3173 α,
463 3097 493 3172 3,
514 3095 544 3174 5,
566 3094 597 3173 8,
618 3117 640 3180 9
660 3096 992 3180 sladade,'lrangandc
1014 3101 1054 3185 pa
1075 3101 1158 3162 olila
1181 3101 1306 3184 la'rgade
1327 3101 1543 3184 sillestrddar3
1565 3102 1604 3166 de
1624 3097 1722 3186 dirigo
1744 3099 1841 3165 botta.

136 3371 305 3485 1368.
749 3375 908 3491 1302.
957 3377 1005 3483 d.
1053 3397 1126 3510 24
1174 3380 1311 3529 Sept.
1512 3501 1516 3506 ,

210 3563 344 3642 Konung
367 3563 495 3624 Blaesus
517 3561 658 3645 Slrydds·
678 3563 738 3625 ocb
769 3563 969 3630 tritten-bref
991 3567 1040 3629 liir
1063 3569 1211 3652 Bislopcn
1245 3570 1389 3712 Brpnolss
1420 3572 1429 3631 i
1463 3569 1561 3632 Siara
1596 3539 1765 3648 gudeoch
1797 3569 1816 3631 ἐ
1849 3571 1920 3636 dem

258 3645 378 3706 boende
401 3667 560 3728 prisoner,
582 3646 651 3707 med
675 3647 831 3710 liirstkrao
853 3671 904 3711 om
928 3648 966 3712 de
989 3651 1127 3732 niterer,
1149 3675 1213 3716 som
1237 3653 1283 3714 till
1307 3640 1411 3714 oinmo
1432 3653 1515 3731 dem,
1539 3651 1644 3714 hvillra
1670 3653 1775 3733 gjorde
1789 3652 1921 3718 Koban-

259 3747 316 3808 μη
340 3732 502 3812 rusttjenst.

1668 3816 1705 3886 Λ.Ι
1722 3815 1746 3870 3.
1763 3832 1785 3868 s.

237 3944 438 4026 Bradanus
464 3941 528 4027 dei
556 3949 691 4055 gracia
733 3974 934 4028 sweorum
976 3949 1289 4061 Gothorumqua
1319 3951 1424 4048 Rex,
1468 3950 1668 4032 Omnibus
1712 3965 1919 4058 presentes

122 4057 282 4136 litteras
311 4058 564 4164 inspecturis,
593 4057 768 4139 Salutem
800 4060 840 4138 in
871 4058 1036 4139 domino
1065 4064 1348 4169 sempiternam
1363 4061 1521 4142 Tenore
1538 4063 1790 4170 presencium
1820 4091 1919 4145 con·

126 4188 232 4248 stare
261 4170 444 4250 volumus
473 4169 700 4266 euidenter,
729 4168 853 4273 Quod
883 4199 955 4251 nos
983 4172 1208 4254 Reuerendi
1239 4175 1365 4284 patris
1396 4175 1557 4254 Domini
1586 4173 1830 4281 Briniulphi
1857 4172 1919 4255 di·

125 4284 222 4372 uina
251 4283 508 4360 miseracione
540 4281 729 4390 Episcopi
758 4279 957 4363 slsarensis
997 4285 1130 4364 omnia
1168 4284 1274 4364 bona
1310 4284 1471 4366 mobilia
1510 4302 1551 4366 ct
1578 4283 1806 4382 inmobilia,
1831 4286 1919 4366 ¹vil·

126 4392 225 4471 licos
253 4407 293 4490 et
322 4391 506 4487 colonos,
544 4420 591 4472 ac
621 4420 812 4499 personas
840 4421 979 4476 omnes
1006 4395 1050 4474 in
1078 4394 1227 4475 eisdem
1273 4395 1392 4477 bonis
1433 4395 1650 4476 residentes
1692 4398 1931 4506 recepimus
1989 4423 1992 4428 “
2032 4471 2037 4484 ,

86 4493 96 4502 ’
124 4502 202 4582 sub
231 4518 408 4583 nostram
438 4503 727 4611 protectionem
757 4519 797 4584 et
825 4505 952 4586 tutele
980 4505 1155 4612 graciam
1178 4507 1411 4618 specialem,
1438 4506 1666 4589 Reddeutes
1694 4505 1830 4588 eadem
1842 4509 1918 4614 bo·

124 4642 198 4709 na,
234 4642 322 4693 cum
353 4615 535 4722 personis
578 4615 778 4723 premissis
820 4643 901 4724 que
941 4617 1073 4699 silicet
1109 4645 1186 4727 pro
1227 4616 1440 4699 cotidianis
1484 4620 1566 4698 suis
1608 4619 1744 4700 ssibus
1773 4638 1813 4702 et
1841 4649 1918 4730 pro

125 4751 262 4806 mensa
292 4723 579 4834 deputauerat·,
614 4726 666 4807 ab
694 4723 894 4814 omnibus,
909 4731 1039 4810 causis
1066 4747 1107 4809 et
1135 4730 1292 4809 iuribus
1321 4730 1473 4810 nomini
1502 4747 1642 4811 nostro
1670 4731 1828 4826 debitis,
1858 4731 1918 4812 vi·

124 4836 272 4918 delicet
299 4836 532 4944 gengiaerdh
558 4851 599 4916 et
627 4838 971 4944 almaenntngsmi,
1005 4867 1052 4920 ac
1079 4839 1353 4921 solucionibus
1383 4841 1470 4948 alijs
1497 4867 1566 4921 seu
1599 4841 1917 4950 inposicionibus

124 4948 473 5060 quibuscumque,
514 4951 676 5030 racione
705 4946 830 5031 fidelis
857 4950 920 5030 sui
947 4950 1109 5059 seruicij
1138 4953 1256 5034 nobis
1284 4953 1462 5063 lapsum,
1489 4968 1529 5033 et
1557 4970 1682 5061 prout
1709 4980 1916 5061 speramus
