4317 5975
609 357 615 370 '
807 342 1053 426 eea-661
1169 389 1226 410 -·

17 647 18 650 i
112 603 127 614 -
220 564 422 648 Nouerint
451 561 651 659 vniuersi,
679 559 792 672 quod
829 589 905 644 nos
938 561 1210 671 burgensibus
1244 578 1286 644 et
1322 562 1481 645 ciuibus
1509 563 1696 646 omnibus
1725 567 1785 655 de·
1804 569 1915 652 Cini-

112 675 260 760 tatibus
288 675 474 786 Lybelse,
516 673 715 770 Wismnr,
743 673 995 772 Roosztook,
1015 675 1190 770 ‘Dimin,
1218 673 1473 772 St'ralasund,
1502 675 1756 786 Gripswald,
1786 679 1912 764 Stetin
2007 762 2011 770 ,

112 805 150 871 et
182 786 369 884 Anclem,
404 784 455 869 ad
489 783 695 867 nundinas
728 803 884 867 nostres
920 787 1162 883 scanienses,
1195 784 1262 867 uel
1305 813 1564 898 quocumque
1591 787 1687 869 alibi
1716 791 1914 902 inregno

112 915 250 982 nostro
277 900 416 981 venire
445 896 694 993 volentibus,
723 895 885 1006 plenam
911 899 1167 985 securitatem
1202 914 1244 977 et
1279 895 1447 978 liberam
1476 897 1704 982 facultatem
1734 931 1811 1010 pro
1838 917 1913 985 no·
1980 959 1982 964 .

110 1012 171 1096 bis
197 1027 239 1091 et
266 1009 454 1092 omnibus
481 1008 571 1088 aliis
594 1035 717 1088 causa
752 1008 879 1089 nostri
914 1006 1068 1116 aliquid
1099 1007 1242 1106 lacere,
1271 1008 1336 1088 uel
1367 1010 1552 1090 omittere
1566 1008 1809 1112 volentibus,
1840 1042 1912 1095 an·

111 1151 162 1205 no
190 1124 268 1204 isto
296 1119 554 1204 concedimus
577 1147 650 1228 per
686 1134 910 1227 presentes,
946 1119 1042 1200 illuc
1069 1118 1280 1215 veniendi,
1323 1118 1472 1202 ibidem
1505 1120 1707 1224 morandi,
1734 1125 1912 1225 emendi,

111 1232 310 1315 vendendi
337 1250 379 1316 et
407 1231 663 1314 mercimonia
692 1255 765 1310 sua
801 1226 1036 1326 exercendi,
1072 1244 1198 1336 prout
1225 1247 1519 1312 consueuerant
1551 1231 1608 1312 ab
1639 1235 1829 1347 antiquo,
1864 1265 1912 1326 ac

42 1367 47 1374 ’
111 1347 252 1426 iterum
281 1344 332 1426 sd
363 1343 530 1452 propria
558 1339 768 1431 redeundi.
1944 1381 1945 1388 κ

110 1484 113 1489 ’
219 1457 290 1536 Ne·
309 1456 434 1563 igitur
462 1477 585 1562 snper
615 1450 723 1533 dicta
751 1451 965 1533 securitate
986 1453 1043 1532 eis
1071 1451 1197 1561 possit
1232 1467 1305 1532 aut
1340 1451 1489 1534 debeat
1522 1455 1565 1535 in
1594 1469 1802 1564 posterum
1827 1486 1912 1540 am·
1971 1545 1975 1566 ,

108 1565 312 1674 biguitatis
341 1567 503 1647 materis
531 1563 728 1658 suboriri,
757 1579 961 1672 presentes
990 1562 1145 1644 litteras
1172 1559 1318 1648 eisdem
1341 1565 1607 1664 contulimus,
1634 1565 1754 1676 sigilli
1783 1575 1910 1650 nostri

110 1679 255 1762 robore
282 1677 567 1770 communitas,
597 1677 638 1756 in
666 1674 939 1756 testimonium
964 1689 1007 1754 et
1034 1673 1243 1756 cautelam.
1297 1677 1447 1756 Datum
1467 1675 1772 1786 'Sunderburgh
1799 1680 1909 1781 alste,

108 1797 212 1873 anno
241 1788 405 1870 Domini
433 1787 494 1867 Μο
523 1786 612 1867 CC⁰
639 1787 886 1893 octogesimo
913 1789 1060 1883 tercio,
1088 1779 1202 1867 sento
1229 1783 1300 1866 Kl.
1329 1788 1512 1896 Augusti.
1555 1786 1746 1869 Testibus
1773 1791 1910 1872 Domi·

108 1902 167 1982 nis
200 1900 393 1998 Alberto,
434 1898 590 1980 Comite
618 1897 669 1982 dc
697 1897 877 2006 glichen,
904 1897 955 1978 H.
991 1899 1131 2010 priore
1159 1895 1210 1980 de
1244 1893 1596 2006 Andwartbscogh
1622 1915 1663 1992 et
1693 1901 1811 1984 Petro
1839 1901 1909 1992 dae
1960 1901 1975 1966 s

103 2010 243 2122 pileto.

117 2419 276 2556 1724.
730 2329 975 2535 mttad.
1040 2445 1104 2550 17
1155 2405 1284 2550 Aug.
1458 2467 1460 2472 ·
1607 2401 1905 2514 Withmosa.
2050 2477 2054 2486 ι

74 2676 83 2691 x
187 2592 327 2676 Kouung
349 2589 449 2656 Erus
470 2591 479 2655 i
501 2591 662 2656 Daumarl
682 2589 875 2678 skyddsbrel'
890 2593 941 2655 scir
960 2591 1099 2678 Tydes,
1120 2611 1187 2655 som
1208 2590 1323 2656 bestiis
1346 2589 1607 2730 marluadernsLi
1628 2591 1762 2744 Sluppip3

1063 2714 1090 2723 ..
1598 2691 1683 2734 ,αι
1763 2715 1771 2730 .

216 2776 425 2886 E(n1cus),
468 2776 545 2874 Dei
578 2777 712 2886 gracia
756 2777 961 2858 Danorum
1009 2775 1327 2888 Sclauorumque
1362 2776 1470 2875 Rex,
1498 2761 1711 2878 Omnibus,
1740 2807 1904 2890 presens
1939 2810 1950 2838 ⁸
2054 2808 2058 2824 ·

31 2990 39 2999 ,
108 2890 300 3001 scripturn
328 2887 608 2984 cernentibus,
637 2888 680 2967 in
708 2883 874 2970 domino
902 2889 1091 2972 Salutem.
1661 2960 1665 2971 ,

214 2999 491 3082 Intelleximus
519 2998 569 3081 de
597 2998 756 3081 nunciis
782 3019 1050 3081 mercatorum
1065 2998 1117 3083 de
1137 2999 1174 3081 'l'
1175 2998 1386 3097 euthonia,
1414 2998 1640 3111 quoddicti
1662 3022 1903 3087 mercatores

106 3112 157 3200 ad
186 3111 388 3195 nundinas
417 3127 573 3192 nostras
601 3110 647 3190 iu
672 3110 953 3221 Scanoerboc
981 3117 1102 3191 Anno
1138 3138 1276 3197 secure
1319 3137 1401 3192 non
1432 3128 1594 3219 possent
1622 3114 1776 3212 venire,
1798 3117 1904 3215 sicut

107 3238 409 3309 consueueruut
440 3226 557 3321 annis
585 3222 811 3330 prioribus,
852 3238 1135 3333 quapropter
1169 3224 1274 3305 scire
1301 3220 1496 3315 uolumus
1520 3225 1748 3323 uniuersos,
1790 3225 1901 3337 quod

104 3363 245 3419 omnes
271 3351 314 3417 et
340 3334 487 3443 singuli
517 3348 760 3415 mercatores
787 3330 838 3415 de
860 3333 1083 3431 teuthonia,
1113 3330 1312 3415 nundinas
1340 3332 1515 3415 Scanoer
1531 3337 1691 3419 visitare
1706 3337 1900 3435 volentes,

105 3446 255 3533 ibidem
283 3473 423 3527 secure
451 3447 617 3525 veniant
644 3446 749 3525 sicut
776 3463 1078 3527 consueuerunt
1101 3445 1361 3554 abantiquo,
1389 3458 1431 3525 et
1458 3446 1492 3525 si
1522 3445 1666 3558 aliquis
1693 3451 1902 3557 eosimpe·

104 3563 194 3645 dire
230 3558 424 3654 volucrit,
467 3580 544 3637 nos
570 3554 718 3639 eisdem
747 3555 1038 3639 mercatoribus
1063 3552 1116 3638 de
1144 3554 1354 3637 teuthonis
1383 3555 1612 3641 omnimode
1640 3560 1788 3639 erimus
1817 3562 1900 3670 ple·
1967 3656 1975 3665 ‚

215 3666 439 3749 coadiutor.

101 3698 180 3845 nus
216 3780 258 3859 Si
287 3777 548 3885 vernalique
576 3802 714 3870 causa,
749 3802 844 3856 casu
872 3773 1042 3855 fortuito
1069 3790 1111 3855 et
1138 3800 1219 3855 non
1249 3772 1472 3855 deliberato
1508 3777 1693 3873 consilio,
1729 3778 1900 3861 exhorta

103 3891 248 3986 luerit,
275 3890 381 3971 sicut
409 3888 601 3968 hactenus
631 3884 697 3993 jus
725 3886 768 3965 in
795 3884 948 3964 Scaurir
983 3883 1136 3979 luerat,
1163 3881 1376 3967 iudicetur.
1441 3886 1484 3965 Si
1512 3902 1646 3969 autem
1674 3884 1898 3971 deliberato
2009 3903 2012 3912 '

101 3993 437 4109 consilioaliqua
466 4024 586 4079 cause
614 4012 756 4077 contra
785 3994 961 4105 aliquem
990 4010 1032 4077 et
1058 3993 1217 4107 sliquo's
1246 3993 1368 4077 suerit
1408 3994 1595 4095 exhorta,
1637 4000 1784 4081 erimus
1811 3998 1943 4109 ples¹
1998 4046 2011 4056 ..

103 4142 182 4197 nus
209 4112 360 4195 eisdem
386 4108 602 4190 coadiutor
628 4123 670 4188 et
697 4105 896 4213 defensor.

208 4227 257 4305 In
293 4222 406 4304 cuius
435 4220 493 4299 rei
536 4218 807 4302 testimonium
836 4216 1012 4323 sigillum
1042 4232 1223 4295 nostrum
1254 4214 1397 4298 litteris
1427 4218 1680 4326 presentibus
1709 4218 1939 4317 duximus,
1978 4250 1981 4267 ·

101 4331 403 4449 apponendum.
476 4330 562 4412 Hec
603 4330 736 4412 littera
773 4325 824 4409 ad
861 4325 1063 4409 nundinas
1098 4327 1177 4435 jam
1215 4328 1408 4409 instantes
1436 4328 1569 4409 valeat
1597 4346 1638 4409 et
1667 4358 1749 4411 non
1782 4334 1896 4415 vltra.

99 4454 253 4533 Datum
284 4443 525 4539 Withmosa‚
554 4448 673 4523 Anno
701 4438 854 4523 domini
881 4440 1008 4521 nostri
1036 4437 1099 4521 Μο
1128 4438 1217 4521 CC⁰
1253 4442 1498 4549 octogesimo
1511 4458 1668 4549 quarto,
1696 4460 1811 4527 sexto
1829 4445 1898 4527 dc·

64 4585 69 4591 “
101 4565 210 4645 cimo
238 4554 410 4682 Kalend.
447 4551 704 4663 Septembris.

99 4774 377 4798 m

142 4873 172 4951 ‘)
192 4867 284 4933 Ester
303 4866 467 4951 originalet
488 4866 500 4929 i
520 4862 657 4951 Lybccl.

235 5035 275 5089 sv
297 5033 418 5106 raptos.
451 5032 493 5087 rr.
