4317 5975
121 604 293 699 propter
313 581 517 694 quosdam.
546 611 638 667 suos
650 609 839 665 excessus.
867 581 1063 668 deuolute.
1100 604 1202 697 post.
1231 603 1409 669 mortem.
1437 613 1556 668 suam.
1592 583 1683 666 filiis
1716 585 1799 668 suis
1824 613 1933 668 nunc

125 698 404 807 superstitibus
431 697 672 779 restituimus
700 693 749 775 de
778 698 909 802 gracia
938 701 1107 808 speciali.
1136 695 1306 811 quedam
1334 728 1384 780 ex
1412 699 1507 808 ipsis
1535 696 1650 778 bonis
1677 699 1792 780 nobis
1805 724 1929 780 reser-

124 813 319 891 uauimus.
334 836 421 918 que.
441 838 526 919 pro.
544 805 726 920 quadam.
741 811 905 914 argenti.
925 839 1046 892 suma.
1077 811 1201 894 nobis.
1226 839 1303 919 per
1324 808 1472 892 dictum
1502 806 1716 890 dominum.
1738 808 1929 902 ratrikumr

61 991 64 995 .
129 923 389 1032 inpignorata.
411 921 583 1002 fuerunt.
604 921 720 1002 inter.
735 947 824 1030 que.
854 920 970 1001 bona.
999 926 1159 1005 curiam.
1183 923 1383 1004 kniffstaa.
1404 949 1493 1002 cum
1509 922 1693 1002 omnibus
1708 923 1934 1004 attinenciis
2042 975 2049 990 ·

37 1119 52 1130 ,
109 1030 311 1116 eiusdem.
327 1032 443 1114 nobis
471 1031 711 1114 decreuimus
738 1033 907 1112 retinere
935 1061 1022 1142 que.
1051 1032 1307 1142 postmodum
1335 1037 1452 1115 curia.
1471 1036 1524 1115 in.
1544 1030 1747 1114 diuisione.
1777 1031 1934 1116 heredi·

20 1190 21 1197 κ
82 1185 86 1192 ·
127 1149 221 1226 tatis
234 1161 429 1253 ¹paterne.
466 1146 580 1226 iacta.
608 1145 722 1225 inter.
751 1170 837 1224 nos.
858 1161 918 1248 vet.
948 1141 1113 1225 dilectos
1141 1145 1293 1226 fratres.
1322 1163 1489 1227 nostros
1522 1147 1646 1238 cessit.
1689 1147 1731 1225 in
1766 1163 1930 1252 partem.

130 1257 322 1338 karissimi
351 1256 483 1338 fratris
510 1255 646 1337 nostri.
669 1250 826 1353 'domini
861 1255 967 1335 Erici
996 1253 1106 1337 ducis
1134 1284 1339 1337 sweorum.
1396 1256 1497 1336 Cum
1524 1259 1648 1363 igitur
1675 1251 1781 1336 idem
1809 1256 1930 1338 frater

128 1386 264 1451 noster
291 1365 473 1452 dominus
500 1363 594 1447 dux.
621 1368 770 1447 curiam
798 1362 1026 1474 predictam.
1056 1366 1234 1448 lniffsta.
1263 1395 1353 1448 cum
1381 1366 1564 1450 omnibus
1591 1372 1669 1449 suis
1698 1369 1929 1450 attinneciis.

129 1479 263 1562 nobili.
291 1481 417 1560 militi.
448 1475 609 1560 domino
637 1479 795 1560 eberiso,
824 1479 1055 1560 sixtensson.
1085 1477 1265 1588 dapifero
1292 1508 1364 1560 suo
1392 1477 1608 1586 predilccto
1636 1482 1791 1591 suisque
1817 1481 1931 1582 here·

128 1590 245 1673 dibus
272 1594 483 1673 contulerit
509 1607 701 1700 perpetue
729 1585 1017 1698 possidendam.
1061 1591 1146 1671 Nos
1173 1591 1321 1680 curiam
1348 1589 1542 1700 prefatam
1569 1621 1657 1672 vna.
1683 1619 1784 1673 cum.
1812 1588 1929 1674 dicto.

94 1804 97 1811 Ι
130 1705 261 1785 fratre.
290 1721 436 1785 nostru
466 1700 627 1783 domino
664 1697 776 1782 duce.
804 1698 942 1783 eidem.
969 1700 1142 1784 domino.
1191 1702 1360 1784 Aberno.
1389 1731 1445 1782 ao.
1475 1705 1565 1783 suis.
1602 1701 1821 1784 heredibus.
1860 1731 1932 1812 ap-

56 1851 65 1858 ·
130 1817 385 1924 propriamus.
415 1832 466 1896 et.
494 1812 765 1894 donacionem.
804 1810 1034 1922 predictam.
1086 1815 1176 1895 Rite
1211 1832 1252 1894 et
1287 1815 1478 1920 legittime
1515 1814 1671 1894 factam.
1713 1814 1854 1894 Ratam
1889 1832 1930 1894 et

129 1946 282 2032 gratam
310 1926 455 2007 habere
482 1926 669 2007 volentes.
699 1929 942 2006 auctoritate.
970 1929 1089 2032 regia.
1117 1927 1404 2007 confirmamus.
1460 1925 1512 2004 Jn
1541 1927 1829 2034 premissorum.
1857 1927 1930 2030 igi·

130 2056 204 2119 tur.
231 2041 418 2118 omnium.
475 2034 613 2117 Robur
639 2053 690 2116 et.
718 2032 962 2118 euidenciam
990 2037 1202 2119 firmiorem
1241 2065 1329 2118 vna.
1364 2066 1454 2118 cum
1481 2037 1611 2141 sigillo
1639 2053 1775 2117 nostro
1803 2037 1930 2142 sigilla

133 2142 384 2230 dominorum
414 2151 520 2230 Erici
591 2143 763 2229 uondam
794 2146 825 2261 *)
853 2144 962 2238 ducis
989 2177 1186 2230 sweornm
1214 2144 1470 2229 Waldemari.
1513 2144 1621 2229 ducis
1658 2144 1843 2227 finlandie
1871 2177 1927 2230 ac.

131 2261 307 2342 aliorum.
335 2253 539 2342 nobilium.
562 2177 617 2338 ile
638 2260 791 2338 nostro.
821 2261 985 2341 consilio
1013 2259 1263 2370 presentibus
1291 2276 1392 2340 sunt.
1421 2287 1605 2368 appensa.
1644 2261 1789 2338 Datum
1811 2257 1927 2369 apud.

128 2364 329 2454 ecclesiam
357 2371 496 2456 Wadh
521 2371 566 2481 ju
592 2369 811 2476 vaestgocia.
840 2383 957 2454 Anno
986 2369 1135 2455 domini
1163 2371 1372 2452 Millesimo
1401 2371 1581 2452 CCC:mo
1595 2366 1775 2452 secundo,
1804 2367 1942 2472 domi·¹

131 2487 220 2566 nica
248 2486 369 2567 tercia
397 2483 601 2569 Aduentus
629 2479 791 2601 domini.
847 2485 974 2566 Arno.
1003 2485 1285 2567 coronationis.
1315 2499 1460 2564 nostre.
1490 2483 1630 2592 primu.

142 2709 312 2861 1751.
651 2771 654 2774 ⁴
940 2703 1090 2815 Odat.

213 2861 437 2944 irlebiskopen
458 2865 470 2924 i
490 2857 580 2924 Ldnd
610 2863 696 2925 lsans
727 2861 906 2925 rifflmaticn
936 2863 973 2925 af
996 2881 1063 2925 stne
1089 2863 1206 2926 Pdlven
1239 2857 1404 2927 innocentii
1424 2861 1496 2925 [Vts
1516 2859 1638 2939 Rubor,
1669 2820 1786 2946 utgiina
1807 2861 1866 2925 den
1889 2864 1928 2928 28

253 2950 320 3012 lan.
346 2945 433 3025 1250,
453 2943 608 3029 angiende
628 2945 964 3009 cistersienses-ordene
985 2947 1081 3009 frihet
1101 2948 1171 3011 irin
1192 2947 1376 3032 prelatemes
1396 2944 1633 3029 bannlysningar
1652 2947 1712 3010 sch
1733 2946 1907 3011 domstolar.

1718 3061 1752 3116 Α.
1774 3078 1794 3115 r.

159 3267 161 3270 Ι
223 3163 436 3247 ‘Omnibus
465 3180 667 3270 presentes
694 3154 844 3245 litteras
871 3162 1105 3271 inspecturis
1118 3208 1136 3224 -
1150 3162 1339 3243 Yssnuus
1367 3160 1500 3244 diuina
1513 3163 1766 3243 miseracione
1779 3210 1797 3227 ·
1819 3166 1926 3275 Lun-

130 3279 260 3361 den'sis
288 3277 457 3358 Ecclesia
470 3321 488 3338 -
500 3275 829 3386 Archiepisoopns
848 3318 869 3335 ·
883 3274 1113 3384 Swecieque
1131 3274 1437 3381 primaselectus
1451 3321 1468 3336 ·
1482 3273 1655 3354 Salutem
1669 3291 1709 3354 et
1723 3272 1775 3354 ad
1792 3294 1926 3359 eterne
2009 3361 2014 3367 ,

128 3391 328 3474 felicitatis
370 3388 619 3469 consorcium
655 3387 821 3468 feliciter
857 3387 1094 3495 peruenire·
1109 3386 1308 3466 Noueritis
1342 3414 1415 3466 nos
1443 3386 1649 3493 priuilegia
1664 3382 1859 3495 -dompni
1887 3387 1928 3501 (l)

130 3501 350 3588 innocenci'
379 3524 482 3609 pape
509 3500 640 3607 quarti
654 3544 671 3559 ·
685 3497 815 3607 ordinj
844 3499 1107 3607 Cysterciensi
1120 3526 1182 3576 -a
1210 3493 1300 3576 sede
1329 3497 1543 3604 apostolica
1572 3498 1805 3601 generaliter
1833 3526 1927 3581 cou-

128 3643 235 3698 eessa
248 3660 266 3677 ·
279 3530 421 3693 vidisse
435 3658 453 3673 -
467 3624 509 3688 et
535 3606 744 3714 diligenter
771 3611 984 3719 inspexisse
1011 3604 1061 3686 de
1089 3610 1213 3690 verbo
1232 3604 1460 3689 adverbum
1487 3608 1530 3688 in
1545 3605 1650 3689 hunc
1679 3605 1839 3691 modum
1859 3610 1928 3690 Ju-

127 3747 347 3808 uocnncms
374 3724 592 3829 Episcopus
620 3726 690 3801 &c
748 3723 800 3802 Se
815 3726 962 3823 foreg.
992 3720 1075 3799 Ν.·ο
1106 3720 1184 3821 372
1211 3722 1276 3799 tdl
1300 3722 1391 3799 slut.
1419 3768 1473 3779 -
1501 3715 1615 3796 ldem
1629 3720 1928 3823 -Junocsucrus
1946 3816 1948 3831 ⁴
1966 3746 1986 3779 ·‘

129 3838 349 3947 Episcopus
378 3838 449 3913 &c
505 3833 558 3912 Se
576 3835 720 3937 fdreg.
749 3832 831 3912 Ν.·ο
860 3829 940 3935 373
967 3831 1034 3911 till
1058 3832 1149 3909 slut.
1575 3860 1581 3875 ·

287 3978 302 4041 1
323 3976 417 4039 nedra
437 3976 548 4037 kanten
568 3984 622 4037 tro
643 3974 855 4055 utskfimingar
874 3970 980 4055 gjorda
1000 3971 1050 4032 mr
1072 3989 1139 4033 atne
1160 3968 1371 4053 sigilliemsor,
1403 3991 1471 4033 rnen
1492 3968 1580 4031 desta
1599 3980 1653 4033 aru
1673 3970 1772 4033 horta.

145 4096 304 4323 i752.
781 4168 925 4275 1303
970 4166 1020 4272 a.
1076 4164 1141 4270 ιε
1188 4166 1294 4272 un.
1763 4088 1987 4284 Luna}

215 4329 404 4410 drlrcbiskop
432 4328 510 4390 lsars
531 4326 541 4385 i
562 4322 663 4403 tund,
682 4324 723 4407 pt
744 4320 877 4406 begamn
898 4322 934 4384 af
947 4318 1224 4405 Nydalalllunlren
1247 4322 1368 4388 boetius
1389 4320 1506 4398 Brund,
1538 4317 1676 4383 lemnade
1696 4320 1875 4384 vidimation
1899 4327 1933 4386 al

256 4414 374 4482 Pbsvcn
396 4410 560 4472 Innocentii
583 4408 655 4472 Νη
677 4404 781 4491 llullp,
808 4405 879 4486 dat.
893 4405 951 4467 den
972 4402 1013 4467 28
1033 4404 1099 4477 Ian.
1124 4404 1218 4481 1250,
1239 4406 1393 4487 angiende
1419 4402 1757 4469 cistercienser-ordens
1789 4404 1930 4469 befn'else

131 4513 135 4519 ’
256 4499 326 4579 frtri
347 4494 586 4588 bannlysningar
605 4491 641 4552 af
658 4490 792 4575 kyrkem
811 4489 952 4597 prelater.
1241 4512 1245 4521 ·
1726 4570 1762 4623 A·
1783 4588 1804 4624 ι·

32 4658 36 4670 ¹
132 4733 135 4739 ,
242 4682 434 4765 stnuus
450 4676 702 4787 permissione
715 4671 850 4754 diuina
868 4721 887 4737 ·
901 4668 1122 4753 lundensis
1149 4670 1496 4781 arehiepiscopusa
1509 4668 1657 4751 Swecie
1685 4673 1834 4779 primas
1853 4674 1928 4753 ele·

131 4811 217 4876 ctus
237 4842 255 4857 -
269 4794 473 4873 Vniuersis
499 4804 700 4904 presentes
726 4785 877 4867 litteras
903 4784 1138 4894 inspecturis
1151 4828 1169 4847 ·
1191 4782 1365 4866 Salutem
1392 4783 1434 4862 in
1461 4777 1625 4865 domino
1651 4784 1929 4892 sempiternam

84 5076 94 5084 ,
170 5008 193 5083 ·)
215 5003 313 5066 Ordet
334 5000 488 5088 quondam
509 5010 544 5062 er
564 4997 766 5084 lb’mnodligen
787 4997 878 5058 insatt
899 4992 950 5058 vid
971 4994 1198 5075 aiskrifningen.
