4317 5975
1100 362 1183 467 loa
1291 401 1353 437 .-
1466 446 1468 450 ,
1561 358 1601 401 ¹
1835 440 1842 455 .

140 553 162 623 ’Δ
249 561 476 728 1538.¹
558 712 562 723 ‚
647 608 678 700 ’,
871 594 1011 738 1307
1060 590 1110 699 d.
1159 590 1231 701 28
1280 596 1430 700 Mars.
1551 705 1555 711 ,
1753 594 2001 753 Nylllplng·

319 817 505 901 llertigerue
524 815 607 880 Essa
627 814 688 878 ocb
710 815 909 890 Wstnmrs
929 774 1210 901 uppmaoinqsbrd
1227 812 1273 876 till
1288 816 1456 878 insanusne
1478 815 1487 875 i
1508 808 1549 876 de
1571 824 1618 876 tre
1631 812 1865 897 Folkltnderne,
1886 832 1925 883 att
1943 826 2004 887 len.

372 923 411 966 nc
433 900 549 965 bultten
571 900 609 962 al
623 899 714 963 deras
734 897 939 984 lyrkotionde
951 902 999 961 till
1021 898 1188 961 meumst
1200 898 1320 961 lbrden
1334 898 1511 984 palbrgyote
1527 896 1873 983 bostbmdomlyrlm
1885 904 2005 991 ilipula.

1794 1014 1895 1073 Mra

1079 348 1092 359 ν

1084 500 1088 507 ι

350 1152 500 1234 Enrcus
527 1168 569 1233 et
598 1158 895 1234 wstnsusnus'
914 1149 981 1232 dei
1007 1151 1142 1256 gracia
1176 1152 1308 1233 Duces
1339 1177 1560 1247 sweorum,
1589 1149 1792 1231 Omnibus
1810 1151 1902 1235 Tres
1927 1154 2008 1236 lule·

147 1358 153 1369 ,
218 1258 391 1348 ‘landias
432 1264 805 1373 archiepiscopatus
837 1261 1057 1373 upsalensis
1085 1261 1434 1357 inhabitantibus,
1469 1266 1522 1343 ln
1550 1260 1717 1343 domino
1745 1265 1930 1369 graciam,
1961 1264 2009 1347 di·

239 1377 456 1457 leccionem
486 1381 527 1459 e‘t
554 1376 740 1473 salutem,
768 1379 871 1468 Cum
900 1372 1064 1457 ecclesia
1095 1373 1336 1482 upsalensis,
1364 1402 1443 1484 que
1472 1390 1532 1454 est
1563 1376 1799 1481 metropolis
1827 1376 1947 1483 regni,
1970 1374 2010 1458 sit

236 1487 425 1569 inchoata
455 1486 507 1567 ad
536 1488 731 1569 bonorem
758 1486 849 1581 dei,
879 1510 1003 1594 opere
1032 1483 1133 1567 adeo
1161 1502 1421 1593 sumptuoso,
1450 1483 1561 1595 quod
1590 1483 1719 1565 eidem
1748 1484 1798 1565 ad
1827 1490 1887 1565 sui
1911 1516 2011 1597 opor·

236 1618 374 1683 tunam
403 1614 669 1695 structuram,
697 1599 863 1707 proprie
891 1595 1122 1677 nullatenus
1150 1596 1352 1692 sufficiant
1380 1596 1605 1691 facultates,
1632 1596 1788 1707 absque
1818 1616 2009 1679 vestrarum

198 1711 531 1821 „parochialium
559 1704 817 1793 ecclesiarum
844 1707 1051 1789 adiutorio
1085 1708 1281 1817 speciali,.
1314 1706 1520 1807 volumus,
1563 1708 1809 1809 consulimus
1836 1723 1875 1788 et
1900 1709 2011 1789 horta·

237 1850 351 1918 mur,
380 1824 573 1933 quatinus
603 1820 855 1912 medietatem
887 1817 1135 1900 decimarum
1166 1835 1390 1901 uestrarum
1411 1818 1791 1914 ecclesiasticarum,
1819 1817 2010 1901 sccrrndun

238 1961 401 2017 cursum
429 1950 471 2015 et
497 1930 659 2015 modum
688 1931 907 2015 exhibendi
950 1930 1107 2011 easdem
1143 1948 1394 2011 consuetum
1438 1948 1623 2028 actenus,
1651 1930 1701 2012 ad
1732 1932 2012 2039 requisicionem

83 2058 93 2067 '
128 2108 133 2118 ,
232 2044 560 2143 ᾕοὶιοηοωοωιιι
591 2044 745 2132 fabrice
773 2042 995 2151 upsalensis
1030 2046 1180 2125 curetis
1209 2046 1250 2123 in
1280 2060 1397 2123 antea
1427 2040 1601 2123 fideliter
1630 2041 1832 2124 exbibere.
1886 2044 2010 2121 Datum

98 2201 101 2209 -
241 2156 439 2267 Nicopic.
467 2180 579 2237 auno
607 2153 772 2237 domini.
800 2156 874 2235 Ml.
902 2153 1038 2233 CCC⁰.
1066 2154 1182 2237 Vll⁹.
1211 2155 1336 2235 tercia
1363 2152 1431 2239 dic
1461 2180 1618 2264 pasce..
2109 2151 2110 2154 ‘

633 2298 767 2382 sigilles
784 2294 957 2365 bortlsllna
973 2296 1048 2362 tres
1069 2298 1110 2363 de
1131 2318 1169 2361 ur
1190 2298 1312 2363 brelret
1333 2297 1453 2383 klippts
1473 2316 1642 2361 remsoron.

251 2606 418 2808 1539.
503 2618 509 2632 Ι
589 2577 593 2585 ¹
872 2664 1019 2809 1307
1067 2662 1117 2771 d.
1166 2664 1236 2773 28
1282 2668 1434 2772 Mars.
1750 2636 2016 2811 Nyltbping.

324 2883 509 2963 Her-tigerne
530 2882 614 2944 Earn
636 2884 695 2947 ocb
717 2886 918 2950 Wscnrrrns
938 2884 1077 2949 tillstrlud
1101 2886 1150 2948 ldr
1169 2884 1296 2972 Upsals'
1317 2884 1515 2970 Domlapitel
1547 2892 1591 2943 att
1619 2892 1690 2965 tage
1712 2884 1722 2943 i
1743 2883 1908 2963 besittning
1927 2880 1978 2942 deo
1994 2878 2021 2941 al

323 3026 330 3036 ,
373 2965 487 3030 aflidne
509 2967 706 3033 Marslullcu
727 2968 867 3034 Tborbel
888 2968 1030 3033 Koutsoo
1051 2970 1136 3054 pilea
1158 2970 1273 3053 gdrden
1296 2968 1341 3038 dn
1361 2972 1375 3034 i
1396 2966 1602 3033 Gesnikland.
1790 3049 1816 3104 Α
1842 3051 1899 3104 &¹

348 3185 560 3264 Vniuersis
589 3203 793 3293 presentes
818 3189 1061 3296 inspecturis
1090 3189 1238 3270 Emcus
1265 3205 1307 3270 et
1335 3190 1405 3270 W.
1435 3187 1500 3270 dci
1530 3185 1663 3295 gracia
1679 3183 1804 3266 duces
1832 3165 2046 3266 suecica?

107 3397 114 3410 .
238 3297 365 3377 lutem
391 3298 432 3375 in
461 3294 628 3376 domino
657 3299 769 3378 ihesu
798 3302 950 3381 christo
979 3300 1129 3380 Notum
1159 3299 1324 3382 facimus
1361 3329 1433 3409 per
1463 3313 1669 3409 presentes
1704 3298 1791 3378 Nos
1820 3293 1969 3378 dedisse
1990 3305 2024 3368 et

239 3410 478 3490 concessisse
507 3407 703 3516 Capitulo
732 3411 930 3518 upsalensi
957 3411 1165 3491 licenciam
1195 3408 1371 3494 intrandi
1392 3429 1434 3498 et
1457 3406 1685 3518 occupandi
1711 3410 2021 3492 auctoritatem·

123 3553 126 3560 ·
239 3533 324 3599 stra
353 3518 644 3626 possessionem
673 3519 805 3628 predij
834 3549 902 3602 seu
933 3522 1045 3601 curie
1071 3549 1155 3630 quc
1182 3519 1333 3603 dicitur
1359 3540 1416 3616 cto
1444 3525 1590 3604 situste
1619 3522 1660 3602 in
1691 3522 1910 3625 gastringia
1946 3537 2021 3594 cum

239 3628 429 3711 omnibus
458 3630 717 3737 pertinenciis
754 3631 929 3714 eiusdem
974 3634 1097 3712 Curia
1140 3651 1264 3741 prout
1304 3663 1390 3716 eam
1418 3631 1627 3744 quondam
1670 3629 1940 3713 Marscalcbus
1964 3621 2023 3703 'lb

221 3740 438 3822 'knutsson
470 3740 620 3848 legauit
647 3739 812 3828 ecclesie
834 3742 1050 3851 ⁴upsalensi.
1109 3739 1199 3824 Hoc
1228 3744 1386 3827 adiecto
1420 3743 1532 3858 quod
1570 3745 1604 3825 si
1632 3742 1793 3853 aliquos
1837 3739 2023 3842 contingat

121 3953 124 3957 ¹
238 3850 446 3964 querulari
476 3851 775 3934 racionabiliter
801 3881 844 3934 se
872 3857 1018 3935 iniuste
1046 3855 1240 3962 spoliatos
1269 3873 1386 3965 parte
1413 3855 1673 3966 possessionis
1701 3881 1770 3934 seu
1804 3849 1936 3963 predij
1951 3871 2024 3954 pre·

240 3965 339 4046 dicti
367 3963 430 4042 vel
464 3963 591 4044 eciam
618 3963 695 4043 sibi
724 3993 808 4044 non
839 3965 961 4047 fuisse
990 3965 1169 4074 plenarie
1205 3968 1464 4052 satisfactum.
1519 3963 1692 4076 predicti
1721 3963 1955 4074 Capitulum
1978 3972 2025 4034 tc·

241 4092 417 4156 neantur
444 4072 592 4157 eisdem
620 4075 841 4155 secundum
870 4077 1065 4158 iusticiam
1096 4093 1137 4158 ct
1166 4077 1271 4186 leges
1306 4083 1438 4190 patrie
1486 4074 1753 4187 respondere,
1782 4073 2025 4158 Probibemus

242 4188 368 4294 igitur
395 4186 562 4266 firmiter
587 4201 631 4266 et
659 4185 841 4269 districte
878 4189 1032 4298 Nequis
1058 4191 1166 4297 ipsos
1194 4190 1428 4300 Capitulum
1457 4207 1598 4272 contra
1616 4186 1843 4298 predictam
1872 4199 2025 4266 nostran

202 4404 205 4408 A
240 4298 538 4378 concessionem
566 4312 608 4376 et
636 4297 769 4378 datam
800 4297 1006 4380 licenciam
1038 4319 1239 4409 presumat
1255 4299 1561 4412 quomodolibet
1576 4297 1772 4408 impedire
1805 4314 1927 4408 prout
1951 4315 2027 4400 gru·

241 4409 342 4488 ciam
372 4425 550 4486 nostram
579 4405 745 4516 diligere
773 4409 950 4489 nolucrit
979 4412 1022 4490 in
1050 4411 1270 4509 odernam,
1313 4418 1458 4494 Actum
1487 4429 1528 4494 et
1557 4409 1695 4518 datum
1725 4409 1900 4523 Nicopic
1926 4411 2027 4488 Anno

128 4541 133 4562 ¹
241 4508 397 4626 dominj
425 4519 487 4599 M·
518 4518 637 4600 CCC·
672 4521 782 4602 VII'.
810 4522 934 4602 tercia
961 4521 1028 4603 die
1057 4525 1217 4631 pasche.
1742 4631 1750 4640 ἡ

327 4673 339 4683 ·
417 4659 466 4727 tu
476 4661 670 4747 staminas,
689 4665 735 4748 as
748 4687 866 4730 mma
886 4660 990 4729 tana:
1003 4652 1059 4727 'ne
1080 4667 1177 4728 susan
1199 4665 1282 4728 atera
1304 4669 1353 4730 sa
1373 4667 1403 4728 sn
1426 4665 1567 4747 gesa-ieta
1586 4687 1648 4750 qu·
1669 4675 1713 4728 es
1734 4663 1875 4750 capituti.

332 4759 466 4824 Reman
488 4763 535 4824 till
556 4764 667 4846 sigillet
688 4767 747 4828 lito
771 4787 783 4830 t
808 4765 903 4829 lione·
923 4759 1022 4848 φημ’
1038 4767 1098 4830 Neo
1119 4785 1137 4826 a
1161 4765 1333 4830 bortrilveo
1356 4766 1448 4848 jenua
1468 4787 1506 4829 en
1528 4765 1577 4830 del
1594 4765 1636 4837 ‚al
1653 4763 1847 4851 upprecbet,
1869 4758 1952 4824 brari

993 4848 1054 4910 den
1080 4851 1163 4911 verit
1184 4847 1293 4911 ltstad.

1313 4941 1319 4955 '
1820 4931 1933 5029 tddo
