4317 5975
844 410 902 437 -··
1012 364 1094 473 ua
1451 409 1470 451 »
1839 488 1843 493 ,
1997 484 2000 490 ,

43 594 56 603 ’
157 627 330 751 sarr.
402 583 494 627 “’
714 550 1375 746 ‘1297dta'Non'
1687 622 1690 628 ·
1787 588 1952 699 Lund
2133 578 2136 586 ’

228 842 377 914 Kcoilen
401 841 411 903 i
433 840 527 905 Lond
549 842 652 906 Gdrts
672 788 943 905 testamentarieke
964 840 1144 921 enordning
1164 842 1203 901 si
1217 842 1264 903 ein
1284 839 1365 923 Μ
1385 837 1556 926 Lockerup
1583 840 1639 905 citt
1663 806 1824 929 ¹Stepltonl
1848 844 1951 909 eluse
2033 923 2036 930 Δ

115 962 121 977 .
184 982 186 985 ,
271 924 414 989 iLnnds
434 924 629 1053 domlyrke,
651 925 701 989 till
723 922 975 989 underhttnnde
996 924 1034 987 ct*
1050 923 1293 1019 drsbegtngclse.
1597 1004 1628 1063 Β.
1646 1025 1675 1067 u
1692 1009 1750 1068 m
1849 932 1856 941 '

260 1132 552 1226 Testamentum
579 1148 741 1251 gotonis
768 1144 973 1251 cellerarij
998 1160 1119 1257 super
1144 1163 1231 1225 vno
1257 1148 1373 1236 curio
1387 1146 1429 1222 tn
1449 1121 1678 1253 loekcrp‘od
1697 1126 1955 1227 attentanti

141 1254 347 1367 stepdonj.
376 1254 425 1335 de
452 1282 532 1363 quo
555 1272 798 1365 procur-otor
813 1256 990 1357 fabrice.
1017 1283 1131 1337 suum
1160 1254 1305 1337 tenebit
1333 1258 1666 1374 anniuersarium.

283 1405 342 1511 Jn
365 1431 529 1511 nomine
557 1432 682 1537 petris
709 1435 751 1511 8
778 1430 850 1539 filij
879 1437 919 1511 8r
946 1432 1111 1541 spiritus
1137 1432 1266 1513 sancti
1293 1432 1433 1533 Amen.
1490 1432 1581 1539 Ego
1607 1448 1715 1524 ostro
1731 1430 1960 1537 canonieus
1990 1454 1995 1458 ’
2062 1489 2065 1495 ,

143 1538 357 1625 lundensis
383 1544 512 1623 sciens
538 1540 665 1624 nichil
694 1568 778 1621 esse
799 1546 949 1625 certius
979 1559 1107 1625 morte
1136 1550 1174 1629 8ι
1202 1538 1546 1623 nichil'incertius
1566 1541 1675 1649 'hora
1704 1547 1858 1629 mortis.
1886 1544 1950 1651 ip·

104 1650 106 1658 ’
140 1680 231 1745 sem
260 1650 379 1737 bonis
407 1650 602 1761 operibus
630 1655 798 1762 cupiens
839 1655 1053 1763 preueoire
1096 1653 1148 1736 de
1177 1652 1297 1755 bonis
1327 1653 1423 1733 mihi
1450 1651 1574 1735 adeo
1601 1657 1801 1755 concessis
1827 1670 1952 1757 testo·
2017 1654 2023 1659 ’

144 1780 326 1849 mentum
357 1789 489 1861 meum
518 1762 652 1846 condo
680 1768 720 1845 &
747 1764 892 1865 ordino
922 1768 963 1846 in
992 1765 1102 1845 hune
1131 1763 1307 1848 modurn.
1328 1764 1419 1875 lego
1447 1764 1573 1875 igitur
1601 1768 1954 1872 &per-sconsio,

143 1903 239 1962 nem
270 1872 389 1966 trodo
417 1872 474 1955 ad
499 1873 625 1955 altare
654 1873 763 1956 beati
791 1877 976 1984 stephani
1008 1876 1051 1957 in
1080 1876 1247 1968 ecclesie
1277 1876 1383 1955 beati
1413 1874 1611 1983 laurencij
1640 1875 1773 1956 lundis
1795 1877 1968 1973 curiam,

145 2012 276 2070 meam
305 2014 397 2065 cnm
418 1984 608 2076 omnibus
635 1988 891 2093 pertinenciis
906 1989 987 2070 eois
1015 1985 1234 2070 mobilibus
1262 1991 1303 2065 8(
1325 1986 1599 2074 immobilibus
1613 2015 1735 2097 quam
1749 1986 1880 2068 habeo
1908 1988 1951 2068 in

144 2096 391 2206 loclatborp
418 2124 509 2179 cum
524 2096 596 2179 teli
614 2096 854 2179 condicione
867 2097 979 2209 quod
996 2116 1237 2207 procurator
1266 2096 1419 2179 fabrice
1448 2095 1652 2201 londensis
1680 2097 1843 2179 ecclesie
1878 2099 1953 2207 qui

143 2236 256 2291 nunc
282 2226 345 2293 est
373 2206 435 2289 vol
464 2208 537 2318 qui
566 2236 642 2318 pro
678 2224 861 2317 tempore
891 2209 1010 2291 fuerit
1025 2210 1152 2319 ipsam
1168 2207 1320 2292 curiam
1342 2208 1419 2289 sub
1440 2208 1701 2309 ordinacione
1714 2238 1785 2307 sna
1800 2224 1950 2291 teneat.

144 2326 188 2405 81
216 2316 400 2429 redditus
430 2321 527 2401 mihi
558 2322 841 2427 prouenientes
869 2320 1038 2429 singulis
1066 2322 1185 2406 annis
1213 2347 1289 2429 pro
1315 2322 1454 2417 ,anima
1484 2348 1574 2401 mea·
1601 2338 1741 2427 eroget
1768 2322 1812 2399 in
1841 2321 1950 2401 bunc

146 2428 326 2515 modum.
357 2433 493 2540 primo
520 2429 707 2517 videlicet
741 2430 942 2515 secerdoti
966 2431 1118 2513 dictum
1134 2432 1262 2513 altare
1275 2430 1474 2530 obicienti
1490 2434 1673 2547 quinque
1689 2418 1868 2527 merebar
1881 2427 1949 2511 de·

147 2542 356 2625 nesiorum
382 2542 568 2623 conferet
593 2544 814 2625 annuatim.
843 2544 915 2653 qui
944 2560 1025 2628 tres
1040 2546 1177 2626 missas
1199 2544 1240 2623 in
1259 2542 1443 2653 quelibet
1457 2544 1677 2651 septimana
1701 2542 1950 2640 sitdicturus

134 2680 268 2745 ,vnem
297 2650 483 2735 videlicet
511 2652 562 2735 de
592 2654 707 2735 beate
726 2655 893 2763 virgine.
925 2654 1140 2738 secundam
1169 2651 1219 2733 de
1246 2670 1385 2734 sancto
1408 2654 1568 2736 andren.
1590 2670 1731 2734 sancto
1752 2656 1985 2767 stephanos·

61 2818 67 2827 ·
145 2770 194 2861 cr
217 2780 358 2844 sancto
380 2764 587 2847 laurencio
618 2764 1053 2863 alternatimtercinrn
1085 2792 1181 2844 vero
1212 2792 1288 2873 pro
1317 2761 1517 2845 defunctis
1547 2763 1639 2843 volo
1663 2767 1792 2843 eciam
1835 2760 1949 2872 quod
2041 2815 2044 2821 -

146 2878 235 2986 ipse
265 2892 516 2983 procurator.
560 2873 612 2955 ad
654 2875 806 2957 dictum
836 2874 961 2955 altare
991 2872 1265 2955 officiandum.
1294 2877 1528 2986 quicunque
1556 2872 1961 2983 volueritydoneurn,

145 2989 337 3068 instituat
363 2987 611 3070 sacerdotem
653 2987 876 3095 jtem'volo
910 2984 1022 3095 quod
1065 2984 1116 3066 de
1158 2986 1350 3094 predictis
1393 2987 1661 3092 prouentibus
1696 2982 1950 3066 deducentur
2026 2978 2033 2995 '

145 3113 232 3184 tres
259 3097 420 3180 marche
448 3097 539 3181 den.
567 3097 747 3180 doecre
778 3097 869 3178 den.
888 3097 951 3180 'ad
980 3095 1236 3178 offerendum
1264 3099 1308 3180 in
1336 3098 1614 3177 anniuersario
1636 3123 1725 3176 meo
1753 3095 1951 3181 &fratris

145 3213 227 3290 mci
271 3209 458 3318 lnghonis
486 3236 568 3290 vno
597 3213 637 3289 &
669 3208 806 3289 eodem
838 3208 904 3290 die
933 3206 1179 3290 celebrando
1207 3209 1420 3288 Canonicis
1449 3221 1582 3288 autem
1611 3204 1950 3288 residentibus&
2063 3257 2068 3272 ι
2102 3253 2107 3268 =

145 3346 235 3403 non
276 3319 547 3406 residentibus
588 3320 660 3430 qui
702 3320 846 3428 vigiliis
886 3327 926 3402 8(
969 3323 1084 3401 misso
1132 3317 1391 3402 interfuerint
1432 3317 1598 3400 dimidia
1641 3318 1803 3398 malcha
1852 3316 1946 3398 den.

21 3431 29 3444 '
146 3432 311 3514 vicariis
352 3433 436 3542 qui.
467 3431 612 3538 vigiliis
653 3435 694 3512 &
731 3433 847 3514 misse
889 3430 1152 3512 interfuerint
1195 3447 1278 3511 tres
1321 3457 1392 3509 ore
1436 3428 1527 3511 den.
1571 3430 1756 3510 ministro
1784 3425 1979 3523 eeclesie'

147 3547 191 3624 8ι
219 3539 477 3654 pulsantibus
504 3545 547 3622 in
576 3544 681 3626 torri
709 3545 798 3652 ipso
826 3541 904 3624 die.
933 3570 1018 3624 ora.
1035 3541 1126 3624 den.
1143 3546 1183 3620 8ι
1212 3539 1459 3649 pauperibus
1487 3538 1712 3622 scolaribus
1723 3541 1763 3619 II
1777 3567 1848 3620 ore
1860 3538 1951 3622 den.

145 3669 379 3762 erogentur.
419 3653 518 3762 jtem
561 3653 656 3736 volo
691 3651 804 3765 quod
842 3651 894 3734 ad
921 3669 1111 3734 ornatum
1134 3651 1232 3734 dicti
1259 3652 1395 3731 altaris
1423 3651 1552 3734 medie
1582 3649 1742 3732 marche
1771 3675 1951 3732 reserue·
2001 3696 2004 3702 ·

68 3803 75 3820 .
145 3783 217 3956 pur
258 3769 503 3848 annuatim..
534 3767 588 3846 Et
632 3766 669 3846 si·
734 3765 802 3848 uid
834 3763 1038 3845 residuum
1067 3763 1202 3846 fuerit.
1232 3777 1473 3845 memoratos
1502 3776 1745 3873 procurator
1774 3774 1851 3868 pro
1879 3787 1952 3869 vo·

166 3891 305 3962 ontate
333 3904 403 3957 suc
433 3876 665 3959 ordinet&
693 3793 883 3986 disponat
912 3891 1036 3984 prout
1064 3876 1195 3955 enirne
1225 3901 1310 3954 mee
1339 3871 1486 3953 viderit
1521 3871 1713 3983 expedire
1771 3870 1833 3951 Ne
1876 3873 1949 3978 igi·

145 4007 368 4096 tursuper
396 3987 516 4070 huius
546 3988 804 4071 ordinacione
834 3988 1059 4068 testamenti
1090 3988 1223 4096 aliqua
1254 3983 1381 4082 vulcat
1409 3978 1949 4092 inposterumdubitacionis

145 4107 190 4182 ἃ
231 4097 582 4202 ‹rorstrndictionis¹
607 4097 988 4190 materiasuboriri.
1018 4096 1150 4205 sigilla
1180 4093 1465 4178 venerabilium
1495 4093 1749 4175 dominorum
1781 4091 1967 4200 capituli‘
2029 4125 2033 4131 ·
2153 4115 2158 4124 ’

148 4208 358 4292 lundensis
391 4224 617 4295 conuentus
644 4209 825 4294 omnium
853 4225 1087 4289 sanctorum
1115 4209 1352 4290 Conuentus
1383 4205 1550 4286 fratrum
1581 4195 1879 4314 predicatorum
1908 4209 1948 4284 8ι

59 4315 60 4324 ¹
147 4332 375 4404 conuentus
410 4319 581 4402 fratrum
613 4325 811 4404 minorum
842 4317 978 4400 lundis
1008 4345 1192 4401 necnon
1219 4325 1260 4400 Sc
1287 4319 1501 4402 Cristiarni
1530 4321 1569 4397 &
1599 4314 1747 4398 aslonis
1769 4312 1947 4395 eiusdem
2037 4346 2040 4353 ¹

147 4432 230 4515 loci
257 4432 543 4514 canonicorum
567 4461 737 4516 vnccom
766 4457 855 4512 meo
885 4431 1055 4541 proprio
1086 4428 1340 4538 presentibus
1367 4446 1462 4510 sont
1485 4439 1673 4537 appensa.
1723 4428 1948 4525 Dictosa'u·

144 4561 231 4627 tem
255 4541 448 4627 'dominos
473 4545 732 4627 cristinrnum
759 4548 802 4631 ‚&
822 4537 998 4624 aslonern
1029 4544 1244 4623 canonicos
1273 4533 1444 4651 predicti
1471 4539 1701 4638 testamenti
1743 4537 1947 4618 constituo

21 4733 28 4748 ,
142 4659 189 4736 81
216 4653 366 4738 ordino
393 4671 664 4768 exeeqntores.
721 4657 868 4738 Datum
898 4661 936 4736 8(
964 4671 1100 4734 ectum
1129 4651 1264 4735 lundis
1293 4655 1412 4734 Anno
1438 4647 1594 4759 dominj
1623 4645 1732 4730 MCC
1769 4675 1946 4756 nonoge-

142 4768 250 4850 simo
276 4767 448 4877 septimo
476 4769 519 4850 in
553 4771 730 4852 mastico
759 4767 870 4887 beati
898 4766 1061 4874 marnnj
1094 4763 1346 4847 confessoris
