4317 5975
978 354 1532 452 -332-'

280 593 480 705 cognouit
507 608 548 672 et
576 588 779 672 confessus
807 608 866 671 est
895 590 938 671 in
966 590 1053 713 iure
1100 618 1233 685 coram
1277 590 1397 678 nobis
1437 619 1479 680 se
1520 587 1691 687 debere,
1719 607 1760 671 et
1797 591 2039 709 soluerelegi.

56 696 69 707 ⁹
171 718 182 810 ’1
226 751 230 757 .
283 708 380 788 time
409 704 539 785 teneri
565 701 806 784 Reuerendo
835 703 876 782 in
897 700 1050 781 cbristo
1079 701 1188 809 patri
1216 698 1379 782 domino
1432 700 1492 783 .N.
1525 699 1591 782 dei
1618 703 1752 810 gracia
1775 703 1963 811 upsalensi
1986 716 2041 793 Ar·
2111 720 2113 781 1

180 812 184 831 '
283 817 545 927 cbiepiscopo
574 814 747 905 Centum
776 829 819 893 et
845 815 952 893 Octo
980 812 1127 895 Libras
1154 816 1390 921 parisienses
1419 843 1469 897 cx
1498 842 1615 895 causa
1647 816 1740 921 puri
1767 831 1808 898 et
1835 820 1914 897 veri
1927 820 2041 931 llutuj,
2110 784 2113 917 l

281 927 361 1011 sibi
393 957 417 1009 a
445 924 780 1037 procuratoribus
818 922 915 1005 dicti
950 922 1103 1005 domini
1142 927 1433 1035 archiepiscopi
1471 925 1566 1006 l'acti
1608 927 1768 1006 nomine
1805 938 2044 1033 procuratoris
2112 920 2113 959 ⁷

284 1040 382 1124 dicti
412 1036 568 1119 domini
593 1035 887 1144 archiepiscopi
916 1052 958 1117 et
987 1062 1063 1144 pro
1099 1040 1186 1145 ipso
1223 1040 1263 1117 in
1308 1037 1477 1145 pecunia
1524 1054 1744 1119 numerata.
1774 1040 1833 1117 De
1863 1041 2045 1148 quibusse
2112 1060 2113 1087 l

241 1204 246 1215 ·
282 1151 447 1232 vocarit
476 1163 519 1229 et
544 1150 675 1227 tenuit
702 1176 840 1229 coram
868 1148 989 1228 nobis
1017 1178 1094 1256 pro
1138 1148 1242 1229 bene
1284 1166 1432 1257 pagato
1460 1166 1501 1229 et
1526 1162 1730 1229 contento.
1760 1150 1888 1252 Quam
1918 1154 2045 1261 quiden

285 1263 459 1373 pecunie
480 1287 673 1341 summam
702 1258 883 1368 prefatus
909 1258 1097 1340 dominus
1126 1260 1250 1340 Jsrael
1281 1277 1442 1340 tenetur
1484 1279 1523 1339 et
1552 1262 1736 1369 promisit
1764 1260 1870 1341 bona
1899 1264 2047 1347 lidered·

284 1373 387 1456 dere
410 1388 453 1453 et
480 1372 638 1476 integre
667 1370 900 1479 persoluere
923 1371 1204 1481 prenominato
1219 1369 1383 1451 domino
1406 1371 1736 1479 Archiepiscopo,
1768 1372 1831 1453 vel
1860 1374 1939 1453 eius
1964 1394 2049 1461 certo

188 1544 191 1547 -
285 1500 332 1565 et
354 1483 535 1591 legitimo
565 1482 834 1589 procuratori,
861 1479 914 1561 ad
944 1479 1191 1561 voluntatem
1221 1502 1260 1564 et
1288 1485 1588 1591 requisitionem
1622 1482 1748 1590 ipsius
1775 1511 1843 1563 seu
1874 1485 1962 1565 dicti
1987 1490 2049 1569 eius

155 1625 158 1644 ·
284 1596 386 1679 certi
414 1608 455 1675 et
483 1593 651 1699 legitimi
680 1591 956 1701 procuratoris
984 1612 1189 1701 presentes
1219 1594 1373 1673 litteras
1395 1592 1622 1690 deferentis,
1638 1593 1803 1702 ‘absque
1830 1614 1940 1675 eustn
1966 1594 2048 1678 dan·
2112 1684 2113 1693 Ν

286 1735 390 1817 pno,
433 1704 649 1801 dilatione,
690 1721 732 1785 et
768 1703 1004 1785 difficultate
1046 1706 1359 1814 quibuscunque
1402 1706 1598 1809 Obligans
1634 1722 1830 1813 quantum
1861 1706 1909 1786 ad
1937 1708 2048 1791 hecse'
2111 1708 2113 1821 l

286 1834 329 1901 et
354 1814 525 1896 heredes
564 1843 678 1910 suos,
709 1815 936 1923 omniaque
979 1816 1086 1896 bona
1121 1844 1193 1895 sua
1222 1816 1388 1896 mobilia
1417 1834 1457 1895 et
1486 1815 1706 1897 immobilia
1749 1818 1998 1897 ecclesiastica
2021 1837 2050 1901 et
2112 1831 2113 1883 l

286 1928 493 2010 mundana
519 1926 721 2033 presentia
750 1941 791 2005 et
820 1922 956 2005 futura
977 1925 1210 2037 vbicunque
1231 1929 1443 2007 existentia
1459 1954 1588 2041 usque
1610 1926 1663 2013 od
1678 1928 1875 2033 integram
1905 1931 2050 2012 satisfac·

286 2044 439 2123 tionem
468 2036 596 2118 debiti
625 2038 845 2118 memorati.
876 2035 1006 2146 Seque
1028 2037 1302 2144 jurisdiccioni
1332 2040 1558 2147 parisiensis
1581 2039 1703 2119 Curic
1733 2055 1775 2118 et
1804 2040 2001 2121 cuiuslibet
2012 2042 2051 2121 al·

121 2191 126 2201 ·
209 2232 216 2241 ,
286 2152 414 2234 terius
443 2149 564 2231 Curie
591 2165 631 2229 et
657 2146 801 2255 judicii
829 2147 1087 2229 ecclesiastici
1116 2148 1346 2260 ubicunque
1374 2176 1415 2229 se
1445 2148 1607 2230 duxerit
1638 2150 1955 2231 transferendum
1981 2178 2052 2261 sup·

289 2288 458 2373 ponens.
487 2262 541 2339 Et
570 2263 613 2339 in
640 2260 717 2341 hoc
747 2259 855 2341 facto
883 2260 991 2341 bona
1019 2258 1098 2340 fide
1126 2261 1377 2341 Renuntiaos
1404 2264 1514 2340 omni
1544 2262 1773 2370 exceptioni
1797 2260 1881 2343 doli
1910 2261 2005 2359 mali,
2026 2282 2053 2344 et

167 2414 171 2429 ¹
288 2401 374 2457 non
403 2386 631 2466 numerate,
666 2386 708 2449 et
742 2398 823 2451 non
852 2384 1014 2478 recepte
1044 2374 1214 2481 pecunie
1252 2370 1433 2482 predicte
1467 2374 1622 2483 Reique
1665 2373 1835 2453 sic'non
1863 2374 2053 2483 gestelen

288 2480 520 2596 priuilegio,
546 2482 636 2563 luri
664 2481 883 2563 reuocandi
897 2479 1059 2562 domum
1083 2482 1369 2590 appellacionis
1391 2482 1587 2581 remedio,
1615 2498 1655 2563 et
1682 2486 1795 2563 omni
1824 2485 1892 2593 alij
1917 2484 2004 2593 juris
2025 2500 2052 2564 et

288 2596 391 2678 facti·
415 2594 566 2674 auxilio
593 2595 777 2674 canonici
800 2610 839 2672 et
864 2593 994 2674 ciuilis
1021 2592 1103 2701 juri
1132 2594 1249 2675 etiam
1282 2592 1433 2676 dicenti
1462 2592 1701 2700 generaliter
1730 2596 2050 2681 Renuntiationen

289 2734 376 2789 non
403 2704 549 2787 valere.
578 2706 629 2784 Jn
658 2704 771 2785 cuius
798 2704 857 2783 rei
879 2706 1150 2788 testimonium
1167 2704 1342 2815 sigillum
1373 2705 1496 2785 Curie
1524 2705 1752 2812 parisiensis
1773 2707 1824 2789 ad
1855 2708 2052 2817 petitionem

257 2800 267 2825 ⁸
291 2816 472 2929 jamdicti
484 2814 640 2923 dominj
666 2814 821 2925 jsraelis
836 2814 979 2897 litteris
995 2817 1248 2926 presentibus
1263 2815 1450 2897 duximus
1476 2815 1776 2925 apponendum.
1806 2822 1948 2900 Datum
1974 2843 2052 2899 anno

290 2928 443 3037 dominj
471 2927 694 3011 Millesimo
731 2926 1039 3011 Trecentesimo.
1084 2926 1149 3010 die
1176 2927 1283 3038 jonis
1313 2929 1497 3037 proxima
1534 2944 1630 3009 ante
1659 2928 1807 3012 festum
1835 2932 1959 3016 sancti
1982 2932 2052 3010 llio.

293 3041 398 3151 nisij.
426 3085 481 3105 -
509 3083 566 3104 ··-
592 3087 646 3104 -
674 3037 915 3120 Benedictus
942 3038 994 3121 de
1022 3038 1133 3121 lond.

908 3177 1033 3261 sigillet
1054 3177 1227 3259 borstatter,
1249 3199 1371 3244 remsan
1392 3199 1477 3264 qvar.

305 3547 475 3656 1328.
940 3543 1089 3656 1300
1134 3543 1181 3649 d.
1229 3585 1261 3690 9
1308 3539 1423 3648 Oct.
1677 3627 1686 3640 .
1786 3542 2057 3694 Linlrdping.

366 3766 529 3850 *Bislopeu
551 3763 561 3824 i
583 3761 757 3846 Linldpiog
779 3726 862 3825 tin
883 3763 937 3827 llts
956 3761 1036 3825 Brei
1061 3783 1113 3825 om
1147 3762 1415 3850 Bislopstiondens
1444 3763 1525 3827 itrtn
1558 3763 1650 3848 Kisa,
1683 3763 1845 3830 Tirserum
1876 3765 1933 3829 och
1953 3759 2058 3850 Opprby

427 3846 593 3912 anrttende
615 3847 663 3908 till
685 3861 754 3908 stne
775 3845 977 3908 lunonileter
999 3848 1010 3909 i
1030 3846 1215 3932 Lioliipiog.

1765 3929 1795 3985 B.
1814 3933 1839 3986 3.
1860 3935 1915 3989 131.
1931 3948 1955 4007 y.

404 4065 615 4146 Vniuersis
644 4061 783 4143 christi
812 4062 998 4144 fidelibus
1013 4079 1095 4144 tam
1113 4066 1366 4173 presentibus
1380 4091 1499 4177 quam
1516 4068 1687 4174 posteris
1701 4085 1909 4176 presentes
1936 4065 2058 4144 litteras
2112 4093 2113 4106 ³

293 4178 540 4288 inspecturis
576 4176 835 4255 Lsunuucms
863 4174 929 4257 dei
956 4175 1092 4282 gracia
1132 4178 1347 4284 episcopus
1377 4177 1634 4285 lyncopensis
1662 4177 1831 4260 salutem
1859 4182 1901 4258 in
1927 4170 2058 4259 domino
2112 4205 2113 4284 ,

293 4289 580 4398 sempiternam
617 4287 720 4367 Cum
758 4302 1027 4366 antecessores
1056 4284 1296 4367 dilectorum
1326 4291 1611 4370 canonicorum
1650 4306 1882 4385 nostrorum
1909 4284 2058 4386 dominc
2112 4305 2113 4380 ξ

296 4429 389 4484 rum
419 4397 562 4483 kanuti
576 4396 629 4479 de
644 4396 783 4477 rllawi
809 4412 852 4476 et
879 4396 1040 4504 jngonis
1067 4395 1119 4480 de
1145 4396 1335 4505 flydisby.
1350 4399 1602 4508 temporibus
1617 4397 1905 4482 venerabilium
1931 4413 2057 4506 patrum

295 4509 624 4622 predecessorum
654 4523 884 4588 nostrorum
915 4509 1130 4618 laurencij‚
1159 4511 1329 4610 henrici,
1361 4510 1553 4609 bononis,
1580 4527 1622 4592 et
1652 4511 1854 4594 benedicti
1877 4511 2058 4619 episcopo
2112 4521 2113 4570 ἱ

296 4651 407 4720 rum,
429 4621 602 4704 decimas
630 4616 875 4728 episcopales
903 4616 955 4699 de
983 4621 1188 4727 parochiis
1217 4619 1334 4728 lysa,
1375 4619 1624 4730 tydhisrum,
1666 4641 1707 4704 et
1733 4623 1898 4734 rppeby
1938 4615 2057 4698 habue-

297 4735 401 4832 rint,
429 4730 853 4833 memorati-canonici
877 4733 1010 4812 nostri
1038 4731 1159 4814 nobis
1216 4731 1419 4814 humiliter
1447 4732 1753 4842 supplicarunt,
1796 4751 1842 4816 vt
1870 4732 1984 4815 dictat
2005 4717 2056 4802 de·

184 4940 187 4954 Ι
298 4847 428 4929 cimas
448 4841 667 4954 prebendis
685 4843 867 4951 ipsorum
892 4859 1066 4953 propter
1095 4845 1335 4926 tenuitatem
1364 4843 1583 4928 earundem
1611 4862 1825 4930 annectere
1834 4844 2061 5036 ‘ssim'

1114 4985 1117 4993 ⁴
1912 4977 1953 5034 os
