4317 5975
818 423 873 444 -
965 379 1065 487 ,573
1177 361 1235 450 ...’

129 600 316 708 Magister
342 601 595 695 benedictus
642 599 872 708 prepositus
912 605 1107 684 scarensis
1137 606 1194 714 ,jn
1234 604 1438 712 presencia
1483 618 1621 682 nostra
1665 606 1929 704 constitutus,

131 739 182 822 pu
218 710 321 820 plice
350 713 588 821 recognouit
616 738 657 790 se
686 710 823 792 fecisse
852 740 941 792 cum
972 715 1177 797 nobilibus
1213 714 1472 808 dominabus,
1509 710 1773 822 jngibyrghe,
1808 718 1928 798 olaua

126 840 166 923 et
187 740 354 920 belena,
382 821 770 920 sororibusdomini
801 820 855 904 .B.
885 838 992 903 tunae
1019 854 1093 906 son
1124 827 1295 908 condam
1327 826 1522 932 prepositi
1555 827 1769 923 seniensis,
1804 856 1928 936 super

115 934 514 1041 permutacionibus,
542 950 585 1012 et
612 931 909 1013 donacionibus
943 935 1175 1041 prediorum
1199 936 1455 1047 prepositure
1483 937 1655 1017 scarensi
1685 939 1929 1044 pertinenci-

128 1071 193 1123 um
225 1043 456 1152 peripsum
493 1043 700 1125 dominum
734 1044 786 1125 .Β.
827 1042 991 1142 fratrem
1033 1047 1209 1152 ipsarum
1255 1046 1389 1141 lactis,
1430 1047 1516 1127 sine
1559 1047 1663 1127 scitu
1708 1065 1846 1128 nostro
1889 1066 1930 1128 et

130 1181 312 1249 assensu,
342 1156 677 1261 composicionem
708 1152 957 1233 amicabilem
985 1184 1056 1261 per
1086 1157 1192 1239 hunc
1221 1155 1403 1251 modum,
1433 1156 1638 1250 videlieet,
1662 1157 1773 1266 quod
1797 1159 1930 1240 dictus

130 1267 315 1370 magister
352 1265 406 1346 .Β.
434 1267 596 1346 nomine
627 1268 898 1374 prepositure,
935 1283 975 1345 et
1008 1267 1157 1375 singuli
1187 1273 1247 1348 sui
1276 1295 1541 1365 successores,
1585 1265 1738 1348 debent
1782 1269 1945 1352 habere,

51 1401 56 1415 ’
128 1374 216 1484 jure
260 1392 475 1483 perpetu0,
517 1378 694 1457 colonias
729 1405 750 1455 a
794 1403 1040 1485 quocunque
1084 1395 1124 1458 et
1166 1381 1500 1490 qualitercunque
1542 1394 1696 1486 emptas
1737 1380 1802 1460 rel
1832 1407 1929 1462 con·

157 1486 316 1582 uisitas,
360 1515 439 1596 que
481 1504 697 1596 sequntur,
741 1485 923 1567 videlicet
967 1487 1232 1585 haeslistabar,
1276 1489 1508 1583 bitistaaar,
1534 1486 1725 1596 nordby,
1761 1493 1857 1571 sitas
1886 1494 1932 1572 in

126 1613 283 1693 torsa,
311 1614 352 1677 et
380 1599 481 1678 duas
510 1599 690 1679 colonias
718 1597 761 1704 jn
792 1623 952 1676 asenom
983 1601 1023 1676 in
1054 1601 1243 1707 parocbia
1277 1599 1611 1704 biaerghsaetrum,
1649 1616 1689 1678 et
1733 1602 1931 1682 coloniam
2043 1667 2046 1676 .

128 1709 167 1786 in
199 1706 345 1787 louene
373 1736 464 1787 cum
494 1737 593 1816 agro
622 1712 663 1788 in
694 1707 890 1815 karlaeby,
936 1737 1055 1816 quem
1100 1710 1287 1792 dominus
1333 1710 1387 1790 ,lt
1434 1725 1542 1791 tunae
1584 1705 1931 1819 son³prepositus

108 1819 221 1925 'emit
250 1817 301 1898 de
329 1846 460 1926 gaesae,
489 1847 563 1899 nec
594 1848 674 1899 non
703 1838 743 1898 et
772 1819 992 1914 coloniam,
1031 1821 1072 1898 in
1104 1820 1407 1914 elioruboeom,
1448 1849 1539 1899 cum
1581 1820 1768 1900 omnibus
1806 1823 1931 1926 perti-

126 1929 279 2036 nencijs
308 1931 557 2010 coloniarum
595 1927 867 2040 predictarum
909 1930 1017 2036 jntra
1059 1959 1174 2040 sepes
1210 1948 1251 2013 et
1286 1948 1418 2028 extra,
1462 1930 1706 2040 vbicunlque
1750 1931 1931 2026 situatis,

127 2042 198 2119 hae
227 2038 466 2120 condicione
502 2041 676 2137 scilicet,
718 2041 830 2151 quod
874 2041 977 2120 idem
1024 2045 1210 2150 magister
1238 2043 1292 2125 .ss.
1321 2043 1552 2150 prepositus
1595 2058 1636 2122 et
1676 2041 1829 2150 singuli
1863 2043 1933 2122 'sui
2068 2082 2074 2099 ν

124 2174 388 2244 successores,
418 2167 527 2230 ratas
555 2167 596 2232 et
624 2169 759 2260 gratas
788 2151 936 2232 habere
965 2150 1115 2232 debent
1146 2156 1186 2234 in
1216 2169 1457 2262 perpetuum
1487 2151 1828 2260 permutaciones,
1859 2151 1932 2234 do·

114 2263 316 2342 naciones
342 2270 412 2342 s'eu
441 2263 708 2344 alienaciones
737 2290 1011 2373 quascumque
1046 2263 1299 2372 prediorum,
1335 2291 1407 2370 per
1430 2263 1593 2350 dictum
1637 2261 1843 2346 dominum
1874 2263 1929 2349 ’.Β.

114 2389 233 2453 tunae
270 2401 343 2453 son
386 2373 560 2454 condam
604 2377 855 2483 prepositum
899 2372 1221 2481 predecessorem
1262 2401 1398 2471 suum,
1448 2373 1574 2453 lactas
1617 2376 1658 2454 in
1702 2373 1853 2494 vileruj.
1889 2390 1931 2454 et

38 2511 50 2518 ·
129 2493 343 2591 praestrytt,
373 2485 436 2565 vel
466 2485 564 2566 locis
593 2486 683 2594 nlijs
716 2486 1064 2596 quibuscumque,
1093 2485 1156 2566 Ad
1187 2487 1260 2567 hec
1297 2489 1462 2594 insuper
1486 2483 1754 2565 ¹renunciauit
1780 2509 1931 2592 memo·

131 2610 242 2675 ratus
258 2596 445 2702 magister
475 2596 667 2702 .·B.·nune
697 2599 938 2706 prepositus,
967 2624 1040 2675 suo
1069 2617 1108 2678 et
1135 2623 1406 2680 successorum
1434 2623 1600 2680 suorum
1628 2597 1790 2678 nomine
1819 2593 1932 2704 omdj

125 2705 206 2813 juri
233 2706 344 2815 quod
373 2707 451 2787 sibi
478 2708 692 2818 compecijt
729 2711 771 2789 in
814 2705 967 2819 predijs
1009 2709 1259 2818 touaethorp,
1302 2707 1636 2816 hagryttaethorp,
1680 2719 1720 2784 et
1747 2703 1930 2802 latrum,
2028 2747 2030 2750 ·

125 2842 204 2926 que
232 2815 282 2896 ad
313 2822 607 2925 preposituram
637 2846 860 2900 scarensem
890 2819 940 2900 de
975 2819 1064 2926 jure
1101 2819 1379 2928 pertinebant,
1422 2816 1609 2900 Promisit
1650 2816 1773 2898 eciam
1816 2843 1931 2926 sepe-

122 2927 257 3008 dictus
286 2930 475 3033 magister
510 2929 566 3013 .Β.
605 2932 844 3040 prepositus,
878 2959 920 3011 se
962 2930 1189 3012 soluturum
1231 2931 1410 3023 hanins
1454 2929 1605 3010 alisiuee
1645 2955 1718 3009 son
1759 2928 1931 3035 triginta

126 3038 234 3119 duas·
253 3041 434 3121 marchas
462 3069 562 3151 quas
589 3045 674 3150 ipse
704 3044 904 3153 haquinus
932 3044 1055 3122 soluit
1085 3071 1245 3123 ormero
1285 2961 1399 3124 sdicto
1428 3037 1570 3149 piakn,
1615 3038 1664 3121 de
1684 3038 1772 3121 ‘illis
1809 3040 1933 3153 quin*

125 3151 317 3259 quaginta
346 3152 518 3263 marchis
545 3181 647 3262 quas
675 3152 780 3233 idem
810 3153 1011 3263 haquinus
1039 3152 1256 3236 tenebatur
1286 3154 1450 3247 domino
1479 3152 1534 3232 .B.
1566 3166 1678 3239 tunae
1718 3178 1793 3232 son
1836 3176 1929 3259 pre-

126 3263 277 3369 posito,
306 3288 384 3370 pro
404 3262 557 3371 predijs
574 3265 615 3345 in
645 3264 823 3361 harcnu,
852 3282 891 3345 et
919 3291 997 3372 pro
1025 3266 1186 3349 ‚XVIIL
1216 3264 1386 3346 marchis
1412 3261 1584 3353 ¹residuis
1613 3261 1663 3342 de
1686 3262 1929 3371 preciopre·
1978 3257 1982 3264 ⁴

126 3368 285 3452 diorum
321 3375 363 3454 in
394 3372 566 3472 baronu,
607 3374 750 3456 debuit
791 3374 1018 3484 sepedictus
1047 3378 1122 3457 ‚ba
1165 3403 1362 3456 resumere
1404 3373 1600 3454 missalem
1628 3398 1765 3469 suum,
1808 3396 1930 3482 quem

125 3508 168 3562 se
198 3481 334 3564 edicto
361 3481 526 3567 domino
555 3489 779 3595 preposito,
809 3515 885 3596 pro
914 3484 1074 3567 ,XVIIL
1105 3488 1275 3568 marchis
1303 3483 1484 3569 similiter
1514 3484 1789 3593 persoluebat,
1824 3485 1930 3563 Jtem

126 3510 268 3676 adiecit
311 3592 413 3675 idem
451 3599 639 3706 magister
673 3598 727 3679 .B.
767 3626 876 3678 nunc
915 3596 1143 3706 prepositus
1181 3598 1287 3705 quod
1312 3599 1344 3677 si
1366 3594 1492 3677 -dictc
1530 3593 1701 3674 domine.
1735 3595 1859 3693 ,J.,0.
1889 3610 1930 3674 et

125 3706 182 3786 Ε.
213 3705 274 3785 vel
306 3705 469 3786 heredes
497 3710 695 3816 ipsarum,
725 3710 1061 3816 composicionem
1092 3707 1310 3815 predictam
1340 3709 1382 3787 in
1410 3707 1547 3816 aliquo
1571 3705 1826 3800 cassare,'vel
1856 3701 1929 3783 im·

124 3834 280 3897 mutare
308 3820 615 3924 temptauerint,
644 3826 882 3925 composicio
904 3821 1092 3926 predicta
1118 3820 1271 3898 nullum
1307 3816 1453 3907 babeat
1492 3816 1737 3911 firmitatem,
1773 3812 1843 3893 sed
1878 3837 1928 3894 eo
2038 3886 2041 3895 .

125 3928 234 4035 ipso,
251 3928 329 4036 ipsi
359 3929 550 4032 magistro
579 3928 634 4007 .B.
665 3942 706 4007 et
725 3929 807 4008 suis
832 3929 1149 4021 successoribus,
1178 3927 1229 4008 ad
1262 3925 1399 4035 predia
1417 3926 1670 4034 prepositure
1685 3939 1927 4035 supratacta,

124 4056 165 4119 et
192 4036 268 4117 alia
298 4066 573 4149 quecumque,
604 4039 735 4118 minus
764 4039 866 4117 iuste
901 4039 1095 4133 alienata,
1136 4040 1237 4117 liber
1272 4056 1312 4119 et
1345 4040 1476 4122 licitus
1509 4044 1561 4117 sit
1602 4044 1822 4143 regressus,
1854 4032 1927 4144 Ne

42 4222 46 4225 ,
123 4150 249 4257 igitur
277 4177 400 4259 super
430 4150 631 4256 premissis
659 4150 793 4259 aliqua
824 4152 950 4256 possit
979 4151 1020 4228 in
1055 4165 1260 4257 posterum
1298 4146 1486 4229 dubietas
1515 4144 1710 4253 sub'orirj,
1751 4144 1928 4252 sigillum

122 4273 304 4339 nostrum
335 4275 375 4339 et
402 4261 577 4365 sigillum
607 4261 733 4367 ipsius
762 4262 941 4367 magistri
973 4260 1027 4341 .B.
1057 4286 1177 4344 nune.
1211 4267 1434 4371 prepositi.
1465 4318 1476 4340 .
1506 4316 1515 4337 .
1545 4259 1722 4367 sigillum
1760 4256 1927 4364 capituli

122 4371 252 4450 nostri
283 4372 533 4478 presentibus
560 4383 655 4450 sunt
691 4397 890 4480 appensa,
924 4371 968 4479 ju
1003 4372 1275 4450 testimonium
1316 4374 1356 4449 e‘t
1393 4368 1641 4449 euidenciam
1684 4367 1926 4476 pleniorem,
1972 4440 1980 4461 ,

124 4483 275 4561 Datum
304 4479 481 4589 Leukyu.
508 4508 618 4561 anno
647 4478 916 4589 domini.‘M⁰.
937 4482 1051 4563 CCC.
1083 4541 1092 4563 .
1122 4544 1132 4582 ,
1161 4543 1171 4565 .
1200 4542 1209 4563 .
1237 4482 1492 4565 ‚scensionis
1520 4477 1694 4561 eiusdem
1722 4475 1775 4586 ⁴¹¹).
1836 4474 1840 4482 ’

171 4622 220 4686 Pe
229 4621 429 4766 gdnsidcu:
449 4623 569 4685 Littera
589 4642 681 4705 super
701 4598 837 4720 quadam
861 4624 1091 4723 peqnutscione
1112 4622 1150 4721 de
1173 4623 1260 4685 bouis
1282 4623 1473 4706 prepositure
1493 4642 1567 4685 cum
1587 4620 1772 4720 dominabus
1785 4619 1873 4715 jugi·

273 4702 350 4786 rgbe
369 4705 460 4766 olaus
481 4715 514 4768 et
535 4704 643 4769 belena
665 4707 822 4767 sororibus
842 4706 960 4790 domam
982 4706 1133 4769 benedmtr
1156 4716 1285 4767 tuuason
1308 4704 1465 4789 quondam
1489 4714 1638 4790 prepositi
1661 4723 1818 4767 sessurus.

506 4816 633 4900 Sigillec
655 4820 716 4883 lito
741 4840 752 4882 r
776 4817 838 4881 och
856 4820 879 4904 ’3
899 4818 1049 4898 sladsde,
1069 4820 1130 4881 Nzo
1151 4838 1169 4881 a
1192 4818 1297 4895 horta,
1319 4836 1439 4880 retussa
1460 4836 1547 4901 qrar.

59 4954 62 4959 ’
103 4978 108 4985 ·
169 4960 340 5043 'JKauten
361 4962 399 5025 al
414 4961 536 5027 brelret
556 4974 591 5029 ar
610 4966 768 5031 bortfrttt.
808 4965 919 5028 Foster
941 4964 1054 5030 tracter
1074 4973 1109 5027 tr
1128 4963 1359 5048 olullsttodigt,
1379 4932 1925 5046 gttverlttvtttfverensusmmeben
1993 4998 2003 5017 ,

210 5045 282 5109 med
304 5046 401 5127 l'o'rcg.
423 5048 482 5111 Nto
507 5046 584 5113 1620
605 5049 771 5133 tillrteilig
790 5048 967 5132 auledniog,
987 5059 1033 5111 att
1053 5046 1153 5113 under
1173 5048 1258 5112 detta
1280 5048 1317 5111 br
1338 5049 1440 5131 integr
1462 5048 1643 5111 detramms.

262 5144 310 5199 sv.
325 5144 446 5219 cepnae
478 5146 521 5201 ιι.
778 5182 814 5217 ,-
1751 5130 1790 5215 73
