4317 5975
750 602 754 609 ,
798 514 855 533 ··“
972 496 985 550 ¹
994 495 1046 575 99
1159 510 1216 529 “··

99 683 251 765 dietam
281 683 484 769 dominam
515 686 572 769 .C.
602 690 644 768 in
672 704 913 771 testamento
940 716 1014 771 suo
1030 686 1080 771 de
1102 687 1262 771 duabus
1291 683 1414 767 curiis
1443 709 1484 762 s.
1515 662 1616 762 Edh.
1645 695 1687 759 et
1714 695 1903 771 rhodum

103 796 339 877 molendino
368 803 408 878 8(
437 801 563 908 pratis
592 801 633 881 in
664 800 797 881 hamo.
827 830 928 911 quas
962 800 1071 883 dicto
1105 797 1293 892 domino,
1321 796 1363 876 Β.
1392 810 1620 905 paetaersson
1657 789 1802 871 Marito
1831 816 1904 869 suo

103 936 183 1015 pro
212 906 493 1017 redempcione
538 911 762 1019 legatorum
793 911 974 994 indicto
1021 928 1257 992 testamento
1300 911 1389 1017 ipsa
1430 904 1592 987 domina
1634 902 1690 983 .C.
1721 901 1903 1009 reliquit,

101 1019 320 1101 reddentes
356 1024 486 1129 ipsum
523 1022 730 1104 dominum
760 1026 812 1108 .B.
853 1030 893 1105 8(
929 1022 1098 1105 heredes
1132 1049 1227 1103 suos
1263 1020 1441 1130 quittum
1471 1022 1511 1096 8(
1538 1016 1708 1096 liberum
1744 1041 1766 1091 a
1802 1022 1929 1121 quat

102 1158 280 1239 cumque
310 1133 554 1241 inpeticione
583 1153 738 1234 nostra,
768 1143 808 1218 8(
836 1134 1029 1217 heredum
1071 1132 1349 1243 predictorum
1389 1150 1564 1238 quorum
1593 1142 1747 1206 tutores
1774 1130 1813 1202 8(
1844 1150 1906 1200 re·
1972 1170 1976 1177 ·
2027 1131 2032 1137 '

102 1242 316 1349 sponsales
343 1272 479 1325 sumus
509 1246 550 1325 in
580 1246 656 1326 hae
685 1265 799 1357 parte
829 1276 909 1357 que
937 1249 977 1327 in
1009 1262 1214 1355 posterum
1252 1242 1407 1323 moueri
1449 1254 1582 1348 potest
1621 1263 1743 1343 super
1770 1234 1903 1315 curiis.

99 1352 351 1435 hlolendino
384 1373 425 1436 et
453 1358 579 1464 pratis
621 1386 668 1437 su
703 1358 886 1456 radictis‚
929 1360 1033 1439 ltem
1077 1354 1354 1439 ordinauimus
1382 1359 1421 1431 8(
1456 1364 1590 1429 ratum
1632 1347 1825 1427 hahemus
1852 1372 1903 1422 ex

101 1480 221 1571 parte
252 1466 530 1573 predictorum
561 1388 767 1551 heredhnr.
797 1470 908 1580 quod
937 1468 1035 1551 dicti
1062 1465 1232 1550 heredes
1261 1465 1494 1574 porcionem
1512 1456 1794 1539 hereditariam
1825 1480 1905 1562 que

99 1574 323 1657 secundum
355 1579 462 1685 leges
505 1582 634 1688 patrie
677 1583 935 1690 contingebat
976 1579 1126 1663 dictam
1166 1576 1369 1657 dominam
1411 1575 1466 1655 .C.
1494 1574 1539 1681 jn
1568 1569 1685 1649 bonis
1713 1563 1906 1673 sepedicti

99 1688 257 1767 domini
288 1688 341 1769 .B.
371 1716 451 1767 non
478 1708 681 1800 expetant.
710 1720 784 1773 nec
814 1695 1022 1773 occasione
1052 1688 1269 1799 cujuslibet
1282 1682 1613 1767 commutacionis
1640 1678 1906 1759 seu-diuisio-

103 1800 166 1877 nis
197 1800 238 1877 in
268 1817 474 1906 posterum
505 1803 589 1911 ipse
617 1802 803 1885 dominus
832 1802 887 1884 .Β.
914 1804 975 1883 vel
1006 1801 1170 1885 heredes
1198 1802 1280 1897 sui,
1324 1825 1396 1907 per
1427 1824 1500 1876 nos
1529 1792 1591 1872 vel
1635 1818 1709 1898 per
1736 1786 1905 1869 heredes

104 1908 311 2019 predictos
339 1938 460 2021 super
489 1913 733 2023 inpeticione
770 1915 975 2024 porcionis
1009 1912 1253 1994 hereditarie
1288 1908 1470 2019 predicte
1498 1906 1754 2013 aliquatenus
1781 1898 1905 1978 mole·

100 2036 251 2117 stetur,
295 2022 383 2130 Ego
411 2040 541 2103 autem
573 2023 759 2135 Birgerus
791 2041 1019 2134 paetaersson
1058 2022 1187 2105 reddo
1222 2021 1370 2102 liberos
1399 2024 1440 2099 8(
1468 2019 1623 2129 quittos
1651 2009 1816 2094 heredes
1844 2036 1904 2087 se-

102 2128 263 2238 pedicte
298 2134 435 2212 vxoris
464 2162 548 2215 mee
580 2138 905 2247 ahinpeticione
936 2137 1141 2245 porcionis
1183 2131 1406 2215 hereditare
1442 2156 1523 2239 que
1554 2154 1618 2206 me
1645 2122 1709 2204 vel
1739 2118 1903 2200 heredes
1922 2119 1944 2132 “’

102 2268 213 2323 meos
242 2243 462 2325 secundum
492 2246 600 2355 leges
628 2252 760 2357 patrie
789 2250 832 2328 in
869 2248 986 2329 bonis
1034 2250 1159 2357 ipsius
1201 2245 1337 2325 uxoris
1371 2268 1456 2324 mee
1485 2236 1764 2343 contingebat,
1808 2232 1904 2311 huic

100 2372 238 2434 autem
269 2357 396 2436 nostri
426 2357 685 2469 placitaeionj
700 2377 741 2440 et
763 2357 1019 2467 ordinacionj
1036 2374 1239 2469 presentes
1253 2354 1420 2435 fuerunt
1449 2347 1688 2433 venerahilis
1702 2347 1764 2424 vir
1779 2343 1904 2448 Magi·

101 2465 396 2547 ster-Andreas
432 2475 662 2579 prepositus
697 2471 935 2580 vpsalensis‚
973 2469 1161 2552 dominus
1188 2465 1329 2564 Reda,
1372 2464 1571 2547 Dominus
1600 2472 1752 2538 orestes
1779 2454 1903 2534 frater

100 2578 202 2673 eius,
217 2574 404 2658 dominus
420 2578 583 2662 karolus
604 2581 869 2680 Erlendsson‚
885 2582 1071 2663 dominus
1087 2580 1285 2690 johannes
1299 2577 1486 2685 angelus,
1501 2574 1627 2655 scater
1641 2568 1759 2649 israel
1775 2567 1902 2646 lector
2039 2578 2044 2585 ·

98 2688 375 2787 sictoniensis,
403 2690 606 2801 haquinus
634 2694 784 2802 legiler.
829 2693 939 2777 Eslril
970 2692 1159 2797 slrielghi,
1187 2690 1282 2773 Carl
1313 2688 1485 2785 becher,
1519 2686 1644 2765 olaws
1673 2684 1715 2760 in
1746 2673 1902 2772 Etibtr,

99 2799 306 2881 lohannes
342 2803 568 2912 gasahogh‚
603 2804 807 2885 lohannes
842 2804 1089 2886 chobucher.
1132 2800 1260 2881 olaws
1297 2798 1348 2881 de
1377 2797 1645 2907 languthoru,
1673 2808 1715 2872 et
1741 2791 1901 2881 sixteen,

99 2913 151 2990 Jn
182 2910 304 2992 huius
332 2911 454 2994 eciam
483 2916 541 2996 rei
570 2915 708 2998 robur.
739 2923 778 2998 8(
806 2916 1040 3025 ampliorem
1078 2911 1328 2996 euidenciam
1363 2910 1493 3018 sigilla
1529 2922 1666 2987 nostra
1701 2930 1778 2981 vna
1809 2927 1901 2981 cum

99 3022 245 3129 sigillis
273 3025 443 3134 predicti
461 3027 639 3134 Magistri
668 3026 828 3138 Andree
856 3025 1113 3109 dominorum
1134 3023 1276 3121 Ruth,
1306 3024 1468 3117 orestis,
1496 3017 1647 3113 karoli,
1680 3014 1898 3094 Erlensson

101 3137 363 3242 presentibus
391 3154 484 3217 sunt
513 3167 708 3248 appensa,
737 3144 902 3235 Actum,
931 3142 1072 3235 Anno,
1101 3137 1186 3232 die,
1214 3154 1255 3218 et
1283 3137 1374 3215 loco
1402 3129 1657 3240 supradictis.

164 3277 312 3358 sigillent
337 3281 421 3358 134,
447 3301 499 3358 ιο,
525 3301 569 3342 11.
590 3281 751 3364 andeliga,
778 3280 932 3358 sledade3
954 3300 990 3364 7,
1013 3280 1048 3359 8,
1070 3299 1092 3363 9
1112 3278 1299 3354 hostialloa3
1324 3296 1363 3354 2‚·
1380 3275 1416 3354 3,
1437 3273 1475 3352 5,
1495 3271 1531 3350 6,
1554 3269 1673 3333 miodre
1694 3265 1838 3330 skadade.

113 3741 286 3869 Ι149·
735 3733 888 3874 1295
935 3728 983 3834 d.
1037 3744 1105 3856 14
1153 3725 1280 3831 Nov.
1727 3717 1902 3820 Kusta.

189 3937 458 4114 B⁵⁵hllh¹ltie.³b⁰
479 3953 609 4013 Maenas
631 3949 669 4012 lts
690 3947 878 4012 nadustehe
900 3951 937 4014 al
955 3950 1067 4034 Bislop
1088 3946 1218 4010 Thoosae
1239 3945 1314 4010 hrel
1330 3939 1462 4007 adtende
1482 3962 1520 4004 eo
1533 3940 1658 4025 iordlott
1680 3939 1690 3999 i
1712 3937 1821 3998 Maelo
1842 3932 1913 4024 och

1550 4101 1580 4159 B.
1599 4103 1628 4161 52
1649 4119 1704 4157 (οι.

243 4246 452 4328 Vniuersis
482 4269 684 4358 presentes
714 4249 866 4330 litteras
894 4249 1040 4330 visuris
1067 4248 1129 4332 vel
1159 4243 1358 4327 audituris
1387 4239 1789 4348 Msouusdeigracia
1821 4234 1905 4340 epi·

100 4385 254 4466 scopus
282 4357 487 4468 Aboensis
507 4361 684 4442 Salutem
714 4362 755 4442 iu
786 4358 951 4441 domino
983 4361 1266 4469 sempiternam
1297 4359 1502 4440 Noueritis
1531 4383 1605 4435 nos
1635 4353 1788 4432 litteras
1818 4345 1905 4430 seli·
2032 4431 2038 4450 ι

100 4468 160 4548 cis
191 4469 488 4552 recordacionis
516 4471 651 4554 thome
680 4470 887 4582 quondam
922 4471 1105 4554 ahoensis
1147 4469 1328 4577 episcopi
1354 4469 1500 4552 vidisse
1542 4464 1619 4548 suh
1661 4462 1735 4541 hae
1776 4459 1903 4538 forma
1968 4501 1972 4506 ·
2007 4491 2050 4563 χ

101 4579 279 4662 Tuouns
308 4589 380 4662 &c
410 4581 462 4663 Se
478 4587 738 4690 sdregciende
766 4585 847 4664 Nso
876 4611 968 4692 29¹·
999 4583 1051 4663 Et
1078 4584 1175 4695 quia
1193 4579 1307 4660 heres
1330 4579 1501 4690 predicti
1526 4573 1750 4686 cappellani
1782 4596 1905 4678 super

102 4691 418 4774 confirmacione
455 4693 692 4777 donacionis
729 4692 908 4803 predicte
944 4693 1062 4775 nobis
1096 4694 1243 4780 institit
1279 4721 1427 4800 rogans
1461 4693 1670 4796 Quatenus
1707 4712 1779 4766 nos
1808 4711 1904 4763 ean-

103 4799 200 4882 dem
228 4799 496 4886 donacionem
525 4805 784 4914 dignaremur
812 4807 1049 4887 confirmare
1078 4809 1164 4889 Nos
1191 4811 1369 4912 inspecta
1393 4802 1614 4886 dooacione
1643 4799 1797 4908 prefata
1813 4823 1904 4902 pre-

104 4909 360 4996 decessorum
392 4933 620 5000 nostrorum
651 4945 726 4998 nec
760 4944 843 5000 non
871 4919 1181 5001 confirmacione
1210 4912 1429 4996 eorundem
1466 4916 1593 5024 ipsam
1621 4942 1712 4994 curn
1743 4913 1907 4989 racione

104 5023 428 5109 confirmacionis
456 5033 495 5110 8(
523 5028 725 5142 sepedicto
754 5057 845 5111 eum
874 5033 997 5110 eciam
1015 5046 1183 5139 propter
1212 5029 1398 5109 meritum
1423 5027 1600 5110 vilhelmi
1621 5023 1779 5106 heredis
1806 5049 1902 5130 cap·
