4317 5975
860 388 951 543 ···
991 436 1050 457 --
1160 390 1241 487 su
1351 431 1411 453 -·

305 619 359 705 de
386 614 622 725 aesgetborp.
646 638 787 693 swano
815 610 866 694 de
893 628 1063 693 rastenae
1090 629 1130 694 et
1157 611 1226 720 alij
1255 640 1376 723 quum
1407 610 1543 721 plures
1574 609 1774 721 lid'edigni.
1809 613 1857 697 ad
1887 622 2048 707 certitudi-

299 758 396 813 nem
426 746 558 810 autem
594 723 901 805 irreuocabilem
930 741 970 805 et
997 723 1249 804 euidenciam
1293 722 1527 833 pleniorem.
1570 720 1698 831 sigilla
1737 726 1906 807 ciuitatis
1929 729 2053 817 slenin

305 841 449 951 gensis.
475 857 516 920 et
543 851 771 917 conuentus
799 835 968 917 fratrum
999 834 1296 947 predicatorum
1326 832 1474 914 ibidem
1506 835 1759 943 presentibus
1800 857 1891 918 sunt
1916 870 2051 952 appulsa

305 955 454 1034 Datum
481 974 592 1030 anno
620 946 792 1047 domini,
821 948 1010 1030 M⁰.CCC.
1041 950 1172 1056 primo
1194 946 1239 1053 jn
1270 949 1480 1028 natiuitate
1511 945 1624 1028 beate
1653 948 1830 1058 virginis.

317 1423 486 1551 1344.
535 1565 538 1573 Ι
966 1424 1104 1531 1301
1158 1422 1206 1527 d.
1248 1420 1282 1531 8
1323 1424 1462 1571 Sept„
1552 1578 1553 1585 Ν

388 1679 523 1741 Itunuan
543 1674 648 1737 bearn
668 1674 861 1739 sonorem
881 1674 1059 1738 Gllvobref
1075 1680 1115 1761 pla
1137 1681 1190 1740 sltt
1212 1678 1413 1759 uderuegods
1434 1679 1442 1739 i
1465 1674 1571 1759 ayss,
1583 1694 1663 1751 wan,
1676 1676 1746 1738 med
1759 1676 1910 1761 undantag
1922 1679 2056 1756 asenllu,

439 1758 502 1819 bon
525 1757 565 1841 pt
586 1759 631 1819 sin
646 1758 881 1839 ,insigningsdag
903 1760 991 1839 glscit
1014 1762 1058 1823 till
1083 1761 1236 1843 Slerringe
1260 1764 1392 1837 kloster,
1415 1771 1493 1821 sarm
1514 1760 1770 1836 benuesmoders,
1795 1762 1919 1825 mann
1938 1764 2061 1841 gisrobrel

437 1842 479 1926 pt
501 1856 571 1902 atne
593 1841 761 1921 landbobol
783 1841 983 1926 Kramberyd
1006 1844 1066 1904 och
1090 1845 1247 1927 Sundsryd
1271 1844 1316 1905 till
1340 1844 1453 1905 bemtle
1465 1844 1509 1904 sin
1521 1842 1633 1919 datter,
1657 1842 1726 1904 nied
1740 1844 1856 1923 villos,
1877 1858 1920 1907 att
1938 1866 1981 1904 om
1999 1850 2059 1907 Nui-

438 1924 582 2007 nan‘dog
602 1924 670 1987 lb're
691 1924 836 2004 modreu,
858 1926 941 1989 blott
962 1925 1078 1989 hstueu
1102 1926 1241 1989 tilllaller
1264 1926 1400 1989 llostrct.
1811 2009 1838 2065 Λ
1863 2010 1957 2080 w)

416 2176 618 2264 Omnibus
646 2200 811 2283 presens
838 2178 1035 2286 seriptum
1063 2176 1326 2257 cernentibus
1355 2180 1539 2257 ,luomnrs
1569 2199 1673 2255 mma
1698 2174 1873 2260 Buuours
1900 2180 2058 2260 bonane,-

306 2274 448 2373 morie:
473 2290 642 2370 salutem
672 2285 894 2367 indomino
917 2290 1211 2395 sempiternam,
1241 2290 1393 2369 Notum
1425 2288 1526 2367 lacio
1563 2288 1759 2367 uniuersis
1789 2290 1897 2399 quod
1929 2290 1984 2370 die
2005 2316 2059 2399 qua

304 2402 489 2483 habitum
518 2398 724 2505 religionis
750 2402 908 2507 suscepi
926 2426 1125 2495 sororum,
1147 2400 1255 2509 apud
1285 2413 1465 2479 sanctum
1490 2398 1702 2477 martinum
1719 2396 1925 2511 skeningic
1952 2398 2059 2479 eisden

188 2571 193 2589 t
307 2512 462 2593 contuli
490 2507 677 2620 predium
705 2509 792 2588 siue
820 2524 966 2591 terram
1012 2512 1298 2619 patrimonium
1327 2536 1456 2589 meum
1485 2508 1638 2588 scilicet
1666 2508 1781 2617 quod
1810 2533 1867 2595 est
1895 2517 1932 2595 in
1960 2508 2060 2617 rytbe.

192 2653 196 2658 ’
305 2623 481 2707 Centum
510 2618 692 2701 marchas
719 2619 884 2703 minoris
911 2623 1069 2701 numeri
1098 2622 1309 2703 valentem.
1353 2648 1436 2700 vno
1470 2645 1570 2728 agro
1598 2635 1771 2729 excepto
1799 2652 1887 2704 cum
1916 2620 2060 2705 omnibus

306 2732 437 2816 eidem
465 2730 715 2813 adiacenciis.
742 2730 903 2813 scilicet.
931 2734 1070 2842 pratis.
1102 2733 1223 2814 siluis.
1253 2732 1410 2840 pascuis
1438 2748 1562 2841 atque
1592 2731 1787 2840 piscariis.
1816 2736 1979 2845 Jnsuper
2001 2732 2060 2839 Ego

305 2868 490 2927 assaumis
511 2862 643 2925 mater
671 2839 804 2950 puelle
831 2862 1048 2925 memorate
1070 2843 1151 2924 filie
1174 2872 1258 2923 mee
1274 2834 1495 2951 lngigerdi.
1524 2840 1688 2921 consero
1704 2840 1789 2924 duo
1804 2848 1958 2955 oppida.
1981 2838 2060 2923 land·

305 2954 460 3040 bobool
489 2955 596 3036 dicta
623 2951 906 3036 Cramberutb.
935 2972 975 3036 et
994 2955 1232 3037 siuusdruth
1249 2953 1299 3036 ad
1330 2980 1424 3033 vsus
1458 2980 1552 3035 snos
1580 2956 1770 3062 proprios
1800 2984 1889 3038 cum
1918 2955 2061 3038 omnibus

245 3103 257 3119 ⁴
305 3068 384 3149 sibi
413 3063 654 3172 adiacenciis
676 3063 890 3174 dequibus
921 3069 1170 3176 proueniunt
1193 3065 1271 3146 due
1301 3067 1460 3149 marche
1475 3063 1730 3147 denariorum
1749 3071 1963 3149 annuatim.
1988 3070 2061 3148 Con·

294 3179 465 3261 dicione
493 3178 575 3257 tali.
603 3176 716 3284 quod
744 3179 777 3256 si
806 3181 893 3287 ipsa
930 3179 1092 3259 viuente
1122 3207 1184 3258 me
1222 3179 1325 3258 mori
1352 3179 1571 3286 contingat.
1600 3176 1706 3257 dicta
1736 3177 1885 3288 oppida
1916 3204 2061 3290 persona·

307 3290 400 3370 liter
429 3285 640 3396 possideat
669 3284 861 3376 heredum
889 3289 1217 3368 contradiccione
1254 3289 1393 3397 aliquo
1424 3287 1543 3368 modo
1585 3314 1666 3366 non
1697 3288 1884 3371 obstante
1910 3295 1940 3371 si
1966 3307 2060 3370 auten

73 3397 83 3408 ⁵
307 3402 435 3509 ipsam
464 3427 527 3479 me
554 3398 717 3478 uiuente
747 3401 848 3478 mori
876 3401 1094 3507 eontigerit
1122 3399 1408 3478 dimidietatem
1437 3399 1638 3480 dictorum
1669 3401 1910 3507 oppidorum
1938 3399 2062 3483 confero

306 3508 517 3592 sororibus
544 3523 745 3615 perpetuo
773 3507 1064 3616 possidendam.
1122 3511 1183 3590 Ne
1213 3526 1344 3588 autem
1374 3509 1447 3590 hec
1476 3510 1649 3591 donacio
1675 3528 1717 3589 et
1746 3513 1950 3594 ordinacio
1983 3513 2062 3590 irrita

157 3620 162 3634 '
256 3699 260 3717 ,
307 3637 350 3704 et
378 3621 508 3700 inanis
535 3632 748 3725 reputetur
775 3648 869 3704 cum
903 3619 1167 3700 ordinabatur
1209 3621 1276 3700 isti
1324 3639 1528 3727 presentes
1571 3621 1734 3701 luerunt
1764 3631 1805 3703 in
1837 3626 2061 3705 testimouium

306 3733 501 3812 veritatis.
535 3728 720 3809 videlieet
749 3728 936 3812 dominus
970 3731 1210 3812 Romundus
1245 3729 1443 3838 plebanus
1477 3730 1526 3813 de
1554 3732 1780 3814 sandsiotth
1825 3735 2010 3846 folqnidns
2030 3730 2062 3810 de

308 3842 497 3951 faldioge.
526 3839 739 3922 heuilrinus
771 3843 929 3922 wesceli
965 3841 1243 3950 guth'nrundus
1274 3841 1323 3924 de
1360 3859 1589 3951 asgestorp.
1632 3871 1769 3926 sweuo
1799 3844 1848 3927 de
1882 3864 2017 3926 rastene
2037 3855 2062 3918 et

242 3981 248 3992 ·
308 3953 454 4034 fratres
481 3949 684 4060 sepedicto
710 3953 844 4059 puelle
870 3953 1142 4035 scilicetBero
1158 3970 1198 4034 et
1218 3953 1417 4063 haquinus
1446 3973 1486 4034 et
1515 3955 1585 4064 alij
1600 3983 1720 4064 quam
1751 3955 1888 4063 plures
1914 3951 2061 4061 fidedigni

308 4067 359 4146 Jo
387 4065 504 4146 euius
529 4063 589 4143 rei
616 4063 889 4145 testimonium
916 4066 1058 4172 sigillis
1087 4066 1262 4147 ciuitatis
1288 4066 1564 4172 skeningensis
1591 4093 1638 4146 ac
1667 4087 1892 4148 conuentus
1932 4068 2060 4148 fratrun

297 4175 609 4285 ‘predicatorum
637 4169 784 4254 ibidem
816 4204 979 4283 presens
1008 4176 1139 4258 littera
1156 4176 1374 4258 roboratur
1403 4179 1549 4258 Datum
1580 4204 1688 4258 antro
1718 4178 1869 4261 domini
1898 4176 2062 4262 Maece&

307 4290 452 4396 primo.
481 4285 527 4392 ju
555 4285 767 4368 natiuitate
795 4287 911 4368 beate
942 4289 1120 4397 virginis.

350 4610 378 4685 *l
397 4605 448 4671 Ur
467 4627 586 4670 samma
607 4605 784 4671 vidimaticu
806 4604 876 4669 med
899 4605 1094 4690 soregaende.
