4317 5975
886 343 1013 439 ,,-
1087 301 1199 402 aas
1310 342 1365 366 -·

259 525 410 646 quibus
438 527 567 610 eidem
596 523 818 610 concentui
848 525 954 653 lego..
981 521 1124 633 viginti
1152 526 1332 606 marchas
1360 519 1498 604 denar.
1555 527 1760 646 Jta'quod
1794 555 1893 638 equs
1934 559 2034 641 qnam

125 685 138 698 ·
220 640 320 728 ‘eis
348 640 511 738 tradidi,
541 643 582 721 in
612 656 729 748 parte
757 638 975 718 solucronrs
1003 654 1200 744 quantum
1230 637 1403 716 valuerit
1431 653 1702 742 computetur.
1758 641 1860 722 ltenr
1896 643 2037 726 ecclesie

258 757 461 865 vpsalensi
490 754 540 833 ad
570 752 773 831 fabricam.
807 766 888 828 tres
919 748 1115 861 marchas,
1144 745 1351 827 Fratribus
1378 747 1603 827 minorihus
1640 749 1802 870 upsalia.
1840 769 1920 832 tres
1952 784 2038 835 mar·

258 868 373 960 obas.
403 869 504 947 Jtem
534 861 672 942 domui
691 859 765 940 ¹dei
795 859 955 940 ibidem.
985 887 1104 938 rnam
1134 857 1331 938 marcham
1361 854 1498 938 denar.
1525 861 1896 941 sanctimonialibus
1914 867 1953 943 in
1966 867 2038 947 sko.

258 997 438 1088 quatuor
465 975 659 1054 marchas.
717 973 887 1051 Domine
915 969 1069 1050 botilde
1097 972 1226 1050 sorori
1257 997 1341 1048 mee
1372 968 1534 1050 ibidem.
1569 969 1683 1050 duas·
1707 973 1886 1053 marchas
1919 975 2037 1056 denar.

259 1093 361 1170 Jtem
391 1076 586 1167 fratribus
615 1083 839 1164 Minoribus
867 1081 1110 1163 stocholmis.
1140 1099 1222 1160 tres
1252 1080 1430 1160 marchas
1459 1077 1594 1160 denar.
1625 1082 1815 1164 fratribus
1837 1087 2039 1168 minoribus

257 1181 457 1306 enicopie.¹
482 1213 563 1274 tres
591 1195 773 1275 marchas
802 1193 936 1274 denar.
965 1192 1156 1299 hospitali
1184 1191 1344 1272 ibidem.
1375 1219 1488 1270 vnam
1520 1193 1721 1272 marcham
1763 1195 1935 1276 Ecclesie
1969 1225 2039 1280 mee

260 1308 482 1418 parrolriali
518 1307 562 1385 in
595 1306 770 1402 hierium.
800 1302 901 1383 duas
931 1304 1112 1383 marchas
1141 1298 1276 1382 denar.
1304 1317 1344 1380 et
1373 1329 1488 1411 unam
1513 1301 1721 1384 sacerdoti.
1760 1308 1864 1385 ltem
1883 1307 2039 1390 Ecclesia

256 1426 299 1502 in
329 1421 495 1528 antiqua
523 1416 687 1525 vpsalia.
721 1443 837 1494 vnam
883 1413 1083 1493 marcham
1112 1427 1156 1490 et
1196 1412 1554 1492 aliamsacehdoti.
1598 1415 1775 1494 Ecclesia
1814 1419 1895 1496 Nes
1937 1441 2039 1500 unam

248 1525 472 1610 marcham.
501 1547 542 1607 et
570 1529 735 1607 alteram
765 1526 976 1604 sacerdoti.
1014 1524 1211 1604 ¹Ecclesie
1244 1524 1556 1630 laeringatunum
1596 1551 1715 1606 vnarn
1761 1529 1968 1609 marcham.
2006 1551 2039 1611 et

256 1644 423 1722 alteram
447 1636 663 1720 sacerdoti.
718 1639 820 1716 ltem
844 1633 1015 1716 ‘ecclesie
1043 1634 1236 1744 ‘sphingi
1267 1653 1385 1712 unam
1415 1637 1615 1714 marcham
1645 1653 1685 1716 et
1712 1638 2037 1724 aliamsacerdoti.

127 1790 131 1798 ·
255 1751 319 1835 Ad
362 1745 609 1832 solucionem
652 1762 785 1827 autern
828 1755 1127 1855 premissorum.
1157 1743 1311 1854 deputo
1341 1763 1381 1824 et
1418 1748 1587 1858 assigno
1630 1747 1680 1828 de
1718 1753 1894 1871 pecunia
1935 1781 2038 1862 quam

209 1913 212 1919 =
254 1864 382 1946 habui
411 1889 544 1970 nuper
578 1860 628 1940 de
671 1858 835 1939 domino
879 1857 1063 1964 dapifero
1106 1881 1183 1964 pro
1213 1857 1353 1964 predio
1384 1858 1495 1964 quod
1533 1858 1695 1940 vendidi
1728 1859 1804 1940 sihi
1832 1863 1874 1939 in
1913 1879 2039 1945 tonum

256 1991 453 2084 quantum
491 1971 637 2051 suflicit
675 1999 757 2078 pro
800 1968 989 2077 predictis
1032 1966 1179 2048 debitis
1208 1967 1517 2075 persoluendis..
1555 1971 1729 2078 Jnsuper
1771 1968 1936 2052 ecclesie
1974 1979 2041 2056 Nes

256 2088 351 2198 quia
382 2083 453 2165 filii
482 2085 557 2162 mei
586 2080 637 2162 ad
666 2098 825 2187 tempus
854 2081 910 2160 ibi
939 2079 1086 2186 sepulti
1116 2079 1287 2160 fuerant.
1312 2068 1496 2186 legogtres
1521 2081 1700 2159 marchas
1724 2080 1874 2178 denar„
1904 2074 2041 2166 Exacu-

256 2214 365 2278 tores
401 2193 521 2276 huius
556 2194 784 2272 testamenti
823 2194 899 2272 mei
937 2191 1150 2272 Constituo
1187 2194 1296 2270 Peto.
1326 2209 1365 2268 et
1393 2189 1510 2269 facio.
1540 2192 1798 2272 honorabiles
1836 2197 1954 2275 viros.
1981 2196 2039 2276 do-

125 2325 130 2333 “
255 2312 408 2391 minum
467 2302 678 2386 Nicolaum
708 2302 860 2382 marchi
889 2303 1136 2382 Canonicum
1168 2301 1427 2409 vpsalensem.
1458 2302 1638 2382 slratrem
1668 2304 1853 2386 lsraelem
1879 2308 2037 2414 priorem

255 2420 567 2516 sictuniensem,¹
594 2430 635 2492 et
663 2414 869 2494 dominum
908 2415 1132 2520 inguarum.
1174 2412 1384 2492 Rectorem
1423 2412 1586 2492 ecclesie
1615 2416 1654 2492 in
1677 2403 1876 2513 hymno,
1920 2418 2039 2499 Testes

256 2532 378 2624 ,eciam
410 2527 529 2630 huius
558 2527 784 2606 testamenti
812 2524 861 2604 ad
893 2525 968 2604 hoc
996 2524 1220 2630 specialiter
1252 2525 1393 2630 Rogati
1424 2541 1462 2602 et
1491 2527 1620 2604 vocati
1643 2544 1735 2605 sunt
1759 2527 1825 2607 hii.
1859 2530 2036 2610 Dominus

256 2643 482 2748 Jngwarus.
534 2635 771 2744 Thirgillus
812 2632 863 2714 de
891 2635 1064 2742 upsalia,
1106 2635 1301 2714 Martinus
1329 2652 1370 2712 et
1400 2632 1591 2714 Nicolaus
1632 2635 1681 2715 de
1709 2638 1895 2738 tidhaby'r.
1940 2669 2036 2722 suno.

255 2753 345 2832 lasti
376 2767 416 2830 et
452 2750 563 2828 lucas
592 2747 642 2827 de
686 2745 855 2846 Niabir,
897 2747 1090 2826 Martinus
1119 2745 1428 2854 Campanarius‚
1458 2761 1497 2824 et
1526 2748 1783 2853 gudmundus
1813 2753 1855 2830 in
1892 2754 2038 2856 gismas·

171 2885 176 2891 ·
256 2881 341 2943 tum
365 2866 416 2942 ln
446 2861 558 2940 cuius
582 2859 654 2938 llei
676 2859 944 2941 testimonium
973 2857 1147 2963 sigillum
1178 2885 1308 2936 meum
1339 2885 1415 2936 vna
1444 2885 1534 2936 curn
1557 2860 1690 2966 sigillo
1705 2859 1856 2941 domini
1873 2863 2034 2969 lngwari

116 3070 120 3074 η
243 2971 509 3084 presentibus
538 2990 632 3051 sunt
650 2998 839 3081 appensa.
871 2971 1015 3049 Datum
1051 2969 1092 3046 in
1130 2968 1371 3073 gismastum.
1440 2972 1560 3049 Anno
1604 2970 1767 3059 domini.
1812 2974 1886 3054 M⁰.
1916 2976 2036 3058 CCC⁰.

253 3088 385 3169 Nono.
415 3087 457 3164 in
487 3081 553 3163 die
581 3083 689 3163 beati
719 3079 920 3163 benedicti
953 3080 1093 3160 festum
1124 3078 1372 3189 precedente.

872 3224 996 3304 Sigillen
1019 3224 1029 3284 i
1051 3224 1141 3302 grdut
1163 3241 1238 3301 vox,
1259 3220 1423 3283 osladade.

201 3602 445 3807 '‘11615.
888 3684 1031 3833 1309
1078 3686 1127 3795 d.
1177 3692 1250 3797 23
1297 3688 1444 3797 Mars,

332 3878 479 3973 Taenara
501 3878 645 3939 Durriae
665 3876 807 3938 salubres
821 3876 862 3960 pa
884 3896 920 3936 en
942 3896 1038 3959 qvarn
1062 3878 1070 3937 i
1093 3880 1237 3961 Myllaby
1257 3878 1306 3939 till
1329 3880 1471 3941 Alvestra
1494 3878 1608 3940 ttoner
1631 3882 1679 3943 lo'r
1694 3902 1750 3945 roo
1762 3888 1850 3949 marl
1865 3894 2030 3974 peccingas,

372 3962 533 4023 hrerrhdn
556 3962 743 4076 lilvdllalga’r
765 3959 806 4037 do
829 3962 934 4036 mark,
957 3981 1021 4019 eom
1044 3959 1106 4021 ban
1130 3964 1177 4023 [ὃν
1199 3966 1243 4025 sio
1267 3963 1417 4090 lagerstad
1442 3963 1487 4022 till
1510 3963 1636 4027 blostret
1659 3975 1904 4107 testamergtegnt'.¹

358 4144 569 4224 Vniuersis
599 4173 758 4251 presens
786 4140 980 4252 scriptum
1024 4146 1262 4252 inspecturis
1302 4144 1561 4229 Tuonruutus
1604 4148 1736 4229 dictus
1763 4177 1945 4252 uranus,
1975 4188 2028 4239 sa·

247 4256 369 4345 lutem
398 4270 440 4335 et
469 4284 713 4363 cognoscere
739 4256 966 4351 veritatem,
995 4251 1154 4335 Tenore
1184 4258 1378 4365 presentis
1406 4275 1591 4339 constare
1622 4261 1805 4343 volumus
1835 4266 2025 4350 euidenter

246 4366 331 4445 Nos
358 4366 634 4447 molendinum
673 4383 852 4446 nostrum
889 4368 929 4445 in
966 4365 1147 4474 Myllaby
1189 4365 1299 4477 quod
1342 4367 1569 4450 immediate
1613 4372 1768 4453 adiacet
1806 4379 2027 4461 molendinis

246 4475 536 4556 monachorum
565 4478 615 4557 de
643 4477 861 4557 cluastrum
894 4476 1067 4556 Domino
1097 4476 1139 4558 B.
1170 4476 1312 4585 abhatj
1340 4498 1379 4559 et
1407 4480 1609 4560 monachis
1637 4480 1734 4563 dicti
1760 4484 1841 4594 locj
1865 4493 2024 4570 raciona-

218 4586 381 4675 ,biliter
417 4607 457 4669 et
490 4591 608 4669 iuste·
631 4586 858 4669 uendidisse
903 4616 978 4698 pro
1013 4591 1182 4669 Centum
1229 4594 1368 4671 marcis
1397 4590 1651 4680 denariorum
1696 4598 1843 4678 vsualis
1885 4619 2023 4693 monete

242 4696 469 4780 relaxantes
499 4700 593 4807 ipsis
623 4698 831 4780 monachis·
858 4699 906 4781 de
935 4698 1080 4781 eisdem
1112 4718 1271 4781 centurn
1302 4702 1442 4782 marcis
1458 4702 1556 4783 ΧΠ·
1576 4732 1724 4786 marcas
1738 4710 1899 4790 racione
1915 4714 2022 4791 nostri

243 4808 470 4916 testamentj
499 4810 600 4890 Nam
630 4811 949 4891 irreuocabiliter
978 4814 1019 4891 in
1050 4815 1289 4892 monasterio
1322 4817 1499 4921 ipsorum
1530 4814 1646 4895 nohis
1675 4817 1864 4925 elegimus
1885 4824 2018 4902 Locum

45 4941 46 4950 ‘
137 5035 141 5045 1
178 4941 182 4950 “
242 4937 380 5003 nostre
390 4921 601 5030 sepulture
617 4924 796 5005 volentes
812 4925 851 5006 in
866 4926 975 5006 omni
1005 4924 1116 5005 bono
1138 4922 1268 5005 adhuc
1294 4923 1397 5006 idem
1420 4942 1725 5013 testamentum.
1742 4990 1751 5011 .
1768 4990 1779 5013 .
1795 4960 1830 5011 m
1844 4932 2017 5041 ampliare
