<?xml version="1.0" encoding="UTF-8"?>
<!DOCTYPE html PUBLIC "-//W3C//DTD XHTML 1.0 Transitional//EN"
    "http://www.w3.org/TR/xhtml1/DTD/xhtml1-transitional.dtd">
<html xmlns="http://www.w3.org/1999/xhtml" xml:lang="en" lang="en">
 <head>
  <title>
</title>
<meta http-equiv="Content-Type" content="text/html;charset=utf-8" />
  <meta name='ocr-system' content='tesseract 3.04.00' />
  <meta name='ocr-capabilities' content='ocr_page ocr_carea ocr_par ocr_line ocrx_word'/>
</head>
<body>
  <div class='ocr_page' id='page_1' title='image "./svensktdiplomat01swegoog/svensktdiplomat01swegoog_0769.png"; bbox 0 0 4317 5975; ppageno 0'>
   <div class='ocr_carea' id='block_1_1' title="bbox 988 321 1402 464">
    <p class='ocr_par' dir='ltr' id='par_1_1' title="bbox 988 321 1402 464">
     <span class='ocr_line' id='line_1_1' title="bbox 988 321 1402 464; baseline -0.002 -2"><span class='ocrx_word' id='word_1_1' title='bbox 988 419 1045 444; x_wconf 89' lang='lat'>-</span> <span class='ocrx_word' id='word_1_2' title='bbox 1155 321 1402 464; x_wconf 53' lang='lat' dir='ltr'><strong>sar-</strong></span> 
     </span>
    </p>
   </div>
   <div class='ocr_carea' id='block_1_2' title="bbox 296 597 2100 938">
    <p class='ocr_par' dir='ltr' id='par_1_2' title="bbox 296 597 2100 938">
     <span class='ocr_line' id='line_1_2' title="bbox 297 597 2048 714; baseline 0 -30"><span class='ocrx_word' id='word_1_3' title='bbox 297 601 460 686; x_wconf 87' lang='lat' dir='ltr'><strong>lonium·</strong></span> <span class='ocrx_word' id='word_1_4' title='bbox 479 602 522 686; x_wconf 86' lang='lat' dir='ltr'><strong>in</strong></span> <span class='ocrx_word' id='word_1_5' title='bbox 551 601 675 685; x_wconf 81' lang='lat' dir='ltr'><strong>Dacis</strong></span> <span class='ocrx_word' id='word_1_6' title='bbox 704 597 767 682; x_wconf 80' lang='lat' dir='ltr'><strong>tel</strong></span> <span class='ocrx_word' id='word_1_7' title='bbox 799 599 999 710; x_wconf 84' lang='lat' dir='ltr'><strong>Norregia</strong></span> <span class='ocrx_word' id='word_1_8' title='bbox 1031 597 1375 683; x_wconf 63' lang='lat' dir='ltr'><strong>:mercatoribus</strong></span> <span class='ocrx_word' id='word_1_9' title='bbox 1402 601 1583 708; x_wconf 84' lang='lat' dir='ltr'><strong>ipsorum</strong></span> <span class='ocrx_word' id='word_1_10' title='bbox 1615 597 1833 707; x_wconf 74' lang='lat' dir='ltr'><strong>regnorum</strong></span> <span class='ocrx_word' id='word_1_11' title='bbox 1865 609 2048 714; x_wconf 76' lang='lat' dir='ltr'><strong>ertomveri</strong></span> 
     </span>
     <span class='ocr_line' id='line_1_3' title="bbox 296 710 2100 902; baseline -0.001 -104"><span class='ocrx_word' id='word_1_12' title='bbox 296 715 443 798; x_wconf 86' lang='lat' dir='ltr'><strong>debeat</strong></span> <span class='ocrx_word' id='word_1_13' title='bbox 473 715 728 826; x_wconf 78' lang='lat' dir='ltr'><strong>aliquatenus</strong></span> <span class='ocrx_word' id='word_1_14' title='bbox 757 713 832 792; x_wconf 88' lang='lat' dir='ltr'><strong>nisi</strong></span> <span class='ocrx_word' id='word_1_15' title='bbox 861 711 1080 794; x_wconf 84' lang='lat' dir='ltr'><strong>secundum</strong></span> <span class='ocrx_word' id='word_1_16' title='bbox 1110 710 1218 824; x_wconf 84' lang='lat' dir='ltr'><strong>qvod</strong></span> <span class='ocrx_word' id='word_1_17' title='bbox 1247 711 1350 842; x_wconf 72' lang='lat' dir='ltr'><strong>solvi</strong></span> <span class='ocrx_word' id='word_1_18' title='bbox 1378 726 1645 839; x_wconf 80' lang='lat' dir='ltr'><strong>coasreverat</strong></span> <span class='ocrx_word' id='word_1_19' title='bbox 1680 712 1955 902; x_wconf 49' lang='lat' dir='ltr'><strong>²¹.³⁰i3*⁰··</strong></span> <span class='ocrx_word' id='word_1_20' title='bbox 1978 719 2049 798; x_wconf 84' lang='lat' dir='ltr'><strong>Item</strong></span> <span class='ocrx_word' id='word_1_21' title='bbox 2099 748 2100 823; x_wconf 43' lang='grc' dir='ltr'>ᾗ</span> 
     </span>
     <span class='ocr_line' id='line_1_4' title="bbox 296 829 2100 938; baseline 0.002 -30"><span class='ocrx_word' id='word_1_22' title='bbox 296 829 557 909; x_wconf 89' lang='lat' dir='ltr'><strong>mercimonia</strong></span> <span class='ocrx_word' id='word_1_23' title='bbox 574 851 811 938; x_wconf 79' lang='lat' dir='ltr'><strong>qvecunqve</strong></span> <span class='ocrx_word' id='word_1_24' title='bbox 842 851 914 932; x_wconf 86' lang='lat' dir='ltr'><strong>per</strong></span> <span class='ocrx_word' id='word_1_25' title='bbox 944 841 1186 906; x_wconf 79' lang='lat' dir='ltr'><strong>mercatores</strong></span> <span class='ocrx_word' id='word_1_26' title='bbox 1215 839 1427 932; x_wconf 86' lang='lat' dir='ltr'><strong>utnusqre</strong></span> <span class='ocrx_word' id='word_1_27' title='bbox 1457 847 1571 928; x_wconf 79' lang='lat' dir='ltr'><strong>regni</strong></span> <span class='ocrx_word' id='word_1_28' title='bbox 1601 837 1708 902; x_wconf 88' lang='lat' dir='ltr'><strong>emta</strong></span> <span class='ocrx_word' id='word_1_29' title='bbox 1737 849 1777 900; x_wconf 82' lang='lat' dir='ltr'><strong>tn</strong></span> <span class='ocrx_word' id='word_1_30' title='bbox 1798 852 1834 902; x_wconf 84' lang='lat' dir='ltr'><strong>er</strong></span> <span class='ocrx_word' id='word_1_31' title='bbox 1879 851 1933 906; x_wconf 88' lang='lat' dir='ltr'><strong>en</strong></span> <span class='ocrx_word' id='word_1_32' title='bbox 1951 829 2053 934; x_wconf 86' lang='lat' dir='ltr'><strong>regnis</strong></span> <span class='ocrx_word' id='word_1_33' title='bbox 2099 846 2100 857; x_wconf 78' lang='grc'>’</span> 
     </span>
    </p>
   </div>
   <div class='ocr_carea' id='block_1_3' title="bbox 172 929 2054 1048">
    <p class='ocr_par' dir='ltr' id='par_1_3' title="bbox 172 929 2054 1048">
     <span class='ocr_line' id='line_1_5' title="bbox 172 929 2054 1048; baseline 0.001 -30"><span class='ocrx_word' id='word_1_34' title='bbox 172 931 176 948; x_wconf 76' lang='grc'>’</span> <span class='ocrx_word' id='word_1_35' title='bbox 297 953 391 1018; x_wconf 80' lang='lat' dir='ltr'><strong>ante</strong></span> <span class='ocrx_word' id='word_1_36' title='bbox 420 938 740 1048; x_wconf 87' lang='lat' dir='ltr'><strong>publicacionem</strong></span> <span class='ocrx_word' id='word_1_37' title='bbox 771 935 1023 1033; x_wconf 86' lang='lat' dir='ltr'><strong>inibicionis‚</strong></span> <span class='ocrx_word' id='word_1_38' title='bbox 1050 964 1173 1044; x_wconf 88' lang='lat' dir='ltr'><strong>super</strong></span> <span class='ocrx_word' id='word_1_39' title='bbox 1198 934 1346 1014; x_wconf 87' lang='lat' dir='ltr'><strong>eisdem</strong></span> <span class='ocrx_word' id='word_1_40' title='bbox 1373 961 1459 1014; x_wconf 90' lang='lat' dir='ltr'><strong>non</strong></span> <span class='ocrx_word' id='word_1_41' title='bbox 1485 929 1733 1014; x_wconf 87' lang='lat' dir='ltr'><strong>deducendis</strong></span> <span class='ocrx_word' id='word_1_42' title='bbox 1762 931 1906 1015; x_wconf 85' lang='lat' dir='ltr'>ibidem</span> <span class='ocrx_word' id='word_1_43' title='bbox 1932 937 2054 1034; x_wconf 74' lang='lat' dir='ltr'><strong>iacun,</strong></span> 
     </span>
    </p>
   </div>
   <div class='ocr_carea' id='block_1_4' title="bbox 296 1043 2059 1824">
    <p class='ocr_par' dir='ltr' id='par_1_4' title="bbox 296 1043 2059 1824">
     <span class='ocr_line' id='line_1_6' title="bbox 297 1043 2055 1156; baseline -0.001 -24"><span class='ocrx_word' id='word_1_44' title='bbox 297 1049 432 1132; x_wconf 86' lang='lat' dir='ltr'><strong>soluto</strong></span> <span class='ocrx_word' id='word_1_45' title='bbox 462 1049 646 1130; x_wconf 84' lang='lat' dir='ltr'><strong>thelonio</strong></span> <span class='ocrx_word' id='word_1_46' title='bbox 676 1063 894 1156; x_wconf 87' lang='lat' dir='ltr'><strong>utsupra,</strong></span> <span class='ocrx_word' id='word_1_47' title='bbox 931 1047 1059 1128; x_wconf 86' lang='lat' dir='ltr'><strong>libere</strong></span> <span class='ocrx_word' id='word_1_48' title='bbox 1102 1045 1367 1129; x_wconf 83' lang='lat' dir='ltr'><strong>deducantur.</strong></span> <span class='ocrx_word' id='word_1_49' title='bbox 1438 1043 1481 1124; x_wconf 80' lang='lat' dir='ltr'><strong>si</strong></span> <span class='ocrx_word' id='word_1_50' title='bbox 1520 1071 1600 1153; x_wconf 87' lang='lat' dir='ltr'><strong>qre</strong></span> <span class='ocrx_word' id='word_1_51' title='bbox 1642 1071 1740 1124; x_wconf 84' lang='lat' dir='ltr'><strong>vero</strong></span> <span class='ocrx_word' id='word_1_52' title='bbox 1780 1065 1909 1153; x_wconf 79' lang='lat' dir='ltr'><strong>empta</strong></span> <span class='ocrx_word' id='word_1_53' title='bbox 1943 1049 2055 1130; x_wconf 83' lang='lat' dir='ltr'><strong>luerint</strong></span> 
     </span>
     <span class='ocr_line' id='line_1_7' title="bbox 297 1153 2056 1270; baseline 0.001 -32"><span class='ocrx_word' id='word_1_54' title='bbox 297 1177 391 1270; x_wconf 89' lang='lat' dir='ltr'><strong>post</strong></span> <span class='ocrx_word' id='word_1_55' title='bbox 433 1159 752 1268; x_wconf 87' lang='lat' dir='ltr'><strong>publicacionem</strong></span> <span class='ocrx_word' id='word_1_56' title='bbox 803 1157 1063 1240; x_wconf 87' lang='lat' dir='ltr'><strong>inbibicionis</strong></span> <span class='ocrx_word' id='word_1_57' title='bbox 1114 1154 1345 1264; x_wconf 79' lang='lat' dir='ltr'><strong>hujusmodi</strong></span> <span class='ocrx_word' id='word_1_58' title='bbox 1388 1153 1715 1265; x_wconf 86' lang='lat' dir='ltr'><strong>qvandocunqre</strong></span> <span class='ocrx_word' id='word_1_59' title='bbox 1759 1154 1920 1252; x_wconf 73' lang='lat' dir='ltr'><strong>tactam,</strong></span> <span class='ocrx_word' id='word_1_60' title='bbox 1953 1161 2056 1240; x_wconf 83' lang='lat' dir='ltr'><strong>eaden</strong></span> 
     </span>
     <span class='ocr_line' id='line_1_8' title="bbox 296 1265 2056 1380; baseline -0.001 -28"><span class='ocrx_word' id='word_1_61' title='bbox 296 1273 373 1352; x_wconf 90' lang='lat' dir='ltr'><strong>nisi</strong></span> <span class='ocrx_word' id='word_1_62' title='bbox 403 1269 454 1352; x_wconf 91' lang='lat' dir='ltr'><strong>de</strong></span> <span class='ocrx_word' id='word_1_63' title='bbox 481 1273 615 1380; x_wconf 86' lang='lat' dir='ltr'><strong>gracia</strong></span> <span class='ocrx_word' id='word_1_64' title='bbox 651 1269 814 1378; x_wconf 85' lang='lat' dir='ltr'><strong>speciali</strong></span> <span class='ocrx_word' id='word_1_65' title='bbox 851 1271 1011 1350; x_wconf 89' lang='lat' dir='ltr'><strong>minime</strong></span> <span class='ocrx_word' id='word_1_66' title='bbox 1046 1266 1320 1361; x_wconf 84' lang='lat' dir='ltr'><strong>deducantur,</strong></span> <span class='ocrx_word' id='word_1_67' title='bbox 1363 1283 1578 1378; x_wconf 81' lang='lat' dir='ltr'><strong>anteqram</strong></span> <span class='ocrx_word' id='word_1_68' title='bbox 1622 1268 1707 1376; x_wconf 84' lang='lat' dir='ltr'><strong>ipsa</strong></span> <span class='ocrx_word' id='word_1_69' title='bbox 1747 1265 1963 1349; x_wconf 83' lang='lat' dir='ltr'><strong>deducendi</strong></span> <span class='ocrx_word' id='word_1_70' title='bbox 1990 1268 2056 1350; x_wconf 82' lang='lat' dir='ltr'><strong>data</strong></span> 
     </span>
     <span class='ocr_line' id='line_1_9' title="bbox 297 1379 2058 1490; baseline -0.001 -28"><span class='ocrx_word' id='word_1_71' title='bbox 297 1383 420 1462; x_wconf 86' lang='lat' dir='ltr'><strong>luerit</strong></span> <span class='ocrx_word' id='word_1_72' title='bbox 453 1381 616 1464; x_wconf 82' lang='lat' dir='ltr'><strong>licencia</strong></span> <span class='ocrx_word' id='word_1_73' title='bbox 647 1379 856 1490; x_wconf 84' lang='lat' dir='ltr'><strong>generalis.</strong></span> <span class='ocrx_word' id='word_1_74' title='bbox 915 1381 970 1462; x_wconf 89' lang='lat' dir='ltr'><strong>Ut</strong></span> <span class='ocrx_word' id='word_1_75' title='bbox 997 1396 1133 1460; x_wconf 89' lang='lat' dir='ltr'><strong>nutem</strong></span> <span class='ocrx_word' id='word_1_76' title='bbox 1162 1381 1361 1487; x_wconf 77' lang='lat' dir='ltr'><strong>praemissa</strong></span> <span class='ocrx_word' id='word_1_77' title='bbox 1391 1379 1524 1459; x_wconf 84' lang='lat' dir='ltr'><strong>omnia</strong></span> <span class='ocrx_word' id='word_1_78' title='bbox 1554 1405 1605 1459; x_wconf 84' lang='lat' dir='ltr'><strong>ex</strong></span> <span class='ocrx_word' id='word_1_79' title='bbox 1635 1395 1750 1486; x_wconf 86' lang='lat' dir='ltr'><strong>parte</strong></span> <span class='ocrx_word' id='word_1_80' title='bbox 1795 1396 1926 1458; x_wconf 84' lang='lat' dir='ltr'><strong>nostra</strong></span> <span class='ocrx_word' id='word_1_81' title='bbox 1965 1382 2058 1461; x_wconf 79' lang='lat' dir='ltr'><strong>invio</strong></span> 
     </span>
     <span class='ocr_line' id='line_1_10' title="bbox 301 1485 2059 1598; baseline -0.001 -25"><span class='ocrx_word' id='word_1_82' title='bbox 301 1493 478 1574; x_wconf 79' lang='lat' dir='ltr'><strong>labiliter</strong></span> <span class='ocrx_word' id='word_1_83' title='bbox 507 1495 793 1587; x_wconf 79' lang='lat' dir='ltr'><strong>observentur,</strong></span> <span class='ocrx_word' id='word_1_84' title='bbox 820 1490 1101 1572; x_wconf 87' lang='lat' dir='ltr'><strong>submittimus</strong></span> <span class='ocrx_word' id='word_1_85' title='bbox 1144 1517 1218 1570; x_wconf 87' lang='lat' dir='ltr'><strong>nos</strong></span> <span class='ocrx_word' id='word_1_86' title='bbox 1257 1485 1531 1598; x_wconf 77' lang='lat' dir='ltr'><strong>jurisdictioni</strong></span> <span class='ocrx_word' id='word_1_87' title='bbox 1574 1489 1828 1570; x_wconf 78' lang='lat' dir='ltr'><strong>Venerabilis</strong></span> <span class='ocrx_word' id='word_1_88' title='bbox 1871 1493 2059 1598; x_wconf 83' lang='lat' dir='ltr'><strong>patris-llo·</strong></span> 
     </span>
     <span class='ocr_line' id='line_1_11' title="bbox 299 1599 2059 1712; baseline 0 -28"><span class='ocrx_word' id='word_1_89' title='bbox 299 1602 510 1685; x_wconf 86' lang='lat' dir='ltr'><strong>skildensis</strong></span> <span class='ocrx_word' id='word_1_90' title='bbox 540 1603 751 1711; x_wconf 86' lang='lat' dir='ltr'><strong>Episcopi,</strong></span> <span class='ocrx_word' id='word_1_91' title='bbox 779 1602 1011 1712; x_wconf 83' lang='lat' dir='ltr'><strong>qricunqve</strong></span> <span class='ocrx_word' id='word_1_92' title='bbox 1041 1629 1118 1709; x_wconf 91' lang='lat' dir='ltr'><strong>pro</strong></span> <span class='ocrx_word' id='word_1_93' title='bbox 1144 1619 1328 1711; x_wconf 88' lang='lat' dir='ltr'><strong>tempore</strong></span> <span class='ocrx_word' id='word_1_94' title='bbox 1359 1601 1500 1697; x_wconf 86' lang='lat' dir='ltr'><strong>luerit,</strong></span> <span class='ocrx_word' id='word_1_95' title='bbox 1528 1601 1583 1679; x_wconf 86' lang='lat' dir='ltr'><strong>ita</strong></span> <span class='ocrx_word' id='word_1_96' title='bbox 1611 1599 1743 1711; x_wconf 85' lang='lat' dir='ltr'><strong>qvod,</strong></span> <span class='ocrx_word' id='word_1_97' title='bbox 1778 1603 1814 1680; x_wconf 89' lang='lat' dir='ltr'><strong>si</strong></span> <span class='ocrx_word' id='word_1_98' title='bbox 1849 1603 1890 1680; x_wconf 92' lang='lat' dir='ltr'><strong>in</strong></span> <span class='ocrx_word' id='word_1_99' title='bbox 1927 1605 2059 1710; x_wconf 75' lang='lat' dir='ltr'><strong>pranis</strong></span> 
     </span>
     <span class='ocr_line' id='line_1_12' title="bbox 296 1711 2059 1824; baseline -0.001 -30"><span class='ocrx_word' id='word_1_100' title='bbox 296 1711 432 1796; x_wconf 78' lang='lat' dir='ltr'><strong>sorum</strong></span> <span class='ocrx_word' id='word_1_101' title='bbox 463 1715 600 1824; x_wconf 86' lang='lat' dir='ltr'><strong>aliqva</strong></span> <span class='ocrx_word' id='word_1_102' title='bbox 617 1711 902 1810; x_wconf 80' lang='lat' dir='ltr'><strong>defecerimus,</strong></span> <span class='ocrx_word' id='word_1_103' title='bbox 936 1713 1060 1821; x_wconf 86' lang='lat' dir='ltr'><strong>possit</strong></span> <span class='ocrx_word' id='word_1_104' title='bbox 1089 1714 1130 1794; x_wconf 92' lang='lat' dir='ltr'><strong>in</strong></span> <span class='ocrx_word' id='word_1_105' title='bbox 1161 1741 1236 1794; x_wconf 92' lang='lat' dir='ltr'><strong>nos</strong></span> <span class='ocrx_word' id='word_1_106' title='bbox 1262 1715 1507 1794; x_wconf 83' lang='lat' dir='ltr'><strong>sentenciam</strong></span> <span class='ocrx_word' id='word_1_107' title='bbox 1523 1712 1950 1793; x_wconf 78' lang='lat' dir='ltr'><strong>excommunicacionis</strong></span> <span class='ocrx_word' id='word_1_108' title='bbox 1970 1715 2059 1807; x_wconf 86' lang='lat' dir='ltr'><strong>lerre,</strong></span> 
     </span>
    </p>
   </div>
   <div class='ocr_carea' id='block_1_5' title="bbox 129 1822 2059 1932">
    <p class='ocr_par' dir='ltr' id='par_1_5' title="bbox 129 1822 2059 1932">
     <span class='ocr_line' id='line_1_13' title="bbox 129 1822 2059 1932; baseline -0.001 -26"><span class='ocrx_word' id='word_1_109' title='bbox 129 1875 138 1888; x_wconf 92' lang='lat'><strong>·</strong></span> <span class='ocrx_word' id='word_1_110' title='bbox 299 1843 340 1906; x_wconf 91' lang='lat' dir='ltr'><strong>et</strong></span> <span class='ocrx_word' id='word_1_111' title='bbox 368 1851 441 1904; x_wconf 88' lang='lat' dir='ltr'><strong>nos</strong></span> <span class='ocrx_word' id='word_1_112' title='bbox 469 1825 842 1906; x_wconf 87' lang='lat' dir='ltr'><strong>excommunicatos</strong></span> <span class='ocrx_word' id='word_1_113' title='bbox 879 1825 1164 1920; x_wconf 88' lang='lat' dir='ltr'><strong>denunciare,·</strong></span> <span class='ocrx_word' id='word_1_114' title='bbox 1188 1823 1319 1906; x_wconf 90' lang='lat' dir='ltr'><strong>donec</strong></span> <span class='ocrx_word' id='word_1_115' title='bbox 1358 1822 1538 1904; x_wconf 83' lang='lat' dir='ltr'><strong>defectus</strong></span> <span class='ocrx_word' id='word_1_116' title='bbox 1580 1822 1813 1931; x_wconf 85' lang='lat' dir='ltr'><strong>hujusmodi</strong></span> <span class='ocrx_word' id='word_1_117' title='bbox 1854 1823 2059 1932; x_wconf 83' lang='lat' dir='ltr'><strong>suppleatur.</strong></span> 
     </span>
    </p>
   </div>
   <div class='ocr_carea' id='block_1_6' title="bbox 297 1932 2100 2490">
    <p class='ocr_par' dir='ltr' id='par_1_6' title="bbox 297 1932 2100 2490">
     <span class='ocr_line' id='line_1_14' title="bbox 298 1932 2060 2045; baseline -0.001 -29"><span class='ocrx_word' id='word_1_118' title='bbox 298 1937 364 2016; x_wconf 84' lang='lat' dir='ltr'><strong>Sic</strong></span> <span class='ocrx_word' id='word_1_119' title='bbox 394 1938 518 2016; x_wconf 90' lang='lat' dir='ltr'><strong>eciam</strong></span> <span class='ocrx_word' id='word_1_120' title='bbox 548 1952 793 2016; x_wconf 89' lang='lat' dir='ltr'><strong>memoratus</strong></span> <span class='ocrx_word' id='word_1_121' title='bbox 820 1932 1007 2017; x_wconf 88' lang='lat' dir='ltr'><strong>dominus</strong></span> <span class='ocrx_word' id='word_1_122' title='bbox 1036 1937 1120 2015; x_wconf 84' lang='lat' dir='ltr'><strong>Rex</strong></span> <span class='ocrx_word' id='word_1_123' title='bbox 1145 1937 1268 2015; x_wconf 87' lang='lat' dir='ltr'><strong>Dacie</strong></span> <span class='ocrx_word' id='word_1_124' title='bbox 1297 1933 1568 2044; x_wconf 67' lang='lat' dir='ltr'><strong>jurisdictioni</strong></span> <span class='ocrx_word' id='word_1_125' title='bbox 1597 1933 1853 2016; x_wconf 83' lang='lat' dir='ltr'><strong>Venerabilis</strong></span> <span class='ocrx_word' id='word_1_126' title='bbox 1882 1937 1993 2045; x_wconf 86' lang='lat' dir='ltr'><strong>patris</strong></span> <span class='ocrx_word' id='word_1_127' title='bbox 2011 1936 2060 2015; x_wconf 81' lang='lat' dir='ltr'><strong>do</strong></span> 
     </span>
     <span class='ocr_line' id='line_1_15' title="bbox 297 2044 2060 2156; baseline -0.001 -29"><span class='ocrx_word' id='word_1_128' title='bbox 297 2049 396 2127; x_wconf 91' lang='lat' dir='ltr'><strong>mini</strong></span> <span class='ocrx_word' id='word_1_129' title='bbox 425 2049 617 2156; x_wconf 81' lang='lat' dir='ltr'><strong>Episcopi</strong></span> <span class='ocrx_word' id='word_1_130' title='bbox 648 2046 867 2141; x_wconf 82' lang='lat' dir='ltr'><strong>Asloensis,</strong></span> <span class='ocrx_word' id='word_1_131' title='bbox 896 2047 964 2156; x_wconf 87' lang='lat' dir='ltr'><strong>qri</strong></span> <span class='ocrx_word' id='word_1_132' title='bbox 994 2049 1117 2126; x_wconf 88' lang='lat' dir='ltr'><strong>eciam</strong></span> <span class='ocrx_word' id='word_1_133' title='bbox 1148 2073 1225 2155; x_wconf 89' lang='lat' dir='ltr'><strong>pro</strong></span> <span class='ocrx_word' id='word_1_134' title='bbox 1253 2061 1435 2155; x_wconf 87' lang='lat' dir='ltr'><strong>tempore</strong></span> <span class='ocrx_word' id='word_1_135' title='bbox 1464 2044 1608 2142; x_wconf 86' lang='lat' dir='ltr'><strong>luerit,</strong></span> <span class='ocrx_word' id='word_1_136' title='bbox 1638 2074 1681 2127; x_wconf 91' lang='lat' dir='ltr'><strong>se</strong></span> <span class='ocrx_word' id='word_1_137' title='bbox 1700 2045 2060 2142; x_wconf 87' lang='lat' dir='ltr'><strong>submisit,similiter</strong></span> 
     </span>
     <span class='ocr_line' id='line_1_16' title="bbox 297 2155 2060 2267; baseline 0 -31"><span class='ocrx_word' id='word_1_138' title='bbox 297 2161 385 2238; x_wconf 83' lang='lat' dir='ltr'><strong>vice</strong></span> <span class='ocrx_word' id='word_1_139' title='bbox 414 2187 547 2260; x_wconf 81' lang='lat' dir='ltr'><strong>versa3</strong></span> <span class='ocrx_word' id='word_1_140' title='bbox 579 2161 749 2240; x_wconf 90' lang='lat' dir='ltr'><strong>Etcum</strong></span> <span class='ocrx_word' id='word_1_141' title='bbox 780 2156 876 2252; x_wconf 88' lang='lat' dir='ltr'><strong>hoc,</strong></span> <span class='ocrx_word' id='word_1_142' title='bbox 907 2174 951 2236; x_wconf 89' lang='lat' dir='ltr'><strong>ut</strong></span> <span class='ocrx_word' id='word_1_143' title='bbox 978 2155 1211 2267; x_wconf 86' lang='lat' dir='ltr'><strong>supradicta</strong></span> <span class='ocrx_word' id='word_1_144' title='bbox 1241 2159 1374 2237; x_wconf 88' lang='lat' dir='ltr'><strong>omnia</strong></span> <span class='ocrx_word' id='word_1_145' title='bbox 1412 2158 1583 2238; x_wconf 90' lang='lat' dir='ltr'><strong>lirmiter</strong></span> <span class='ocrx_word' id='word_1_146' title='bbox 1621 2157 1911 2252; x_wconf 78' lang='lat' dir='ltr'><strong>observentur,</strong></span> <span class='ocrx_word' id='word_1_147' title='bbox 1953 2158 2060 2266; x_wconf 88' lang='lat' dir='ltr'><strong>proni·</strong></span> 
     </span>
     <span class='ocr_line' id='line_1_17' title="bbox 298 2265 2060 2377; baseline -0.002 -27"><span class='ocrx_word' id='word_1_148' title='bbox 298 2288 437 2351; x_wconf 89' lang='lat' dir='ltr'><strong>serunt</strong></span> <span class='ocrx_word' id='word_1_149' title='bbox 465 2297 545 2350; x_wconf 88' lang='lat' dir='ltr'><strong>una</strong></span> <span class='ocrx_word' id='word_1_150' title='bbox 571 2268 779 2350; x_wconf 85' lang='lat' dir='ltr'><strong>nobiscum</strong></span> <span class='ocrx_word' id='word_1_151' title='bbox 811 2265 917 2347; x_wconf 86' lang='lat' dir='ltr'><strong>bona</strong></span> <span class='ocrx_word' id='word_1_152' title='bbox 947 2267 1044 2357; x_wconf 85' lang='lat' dir='ltr'><strong>lide,</strong></span> <span class='ocrx_word' id='word_1_153' title='bbox 1074 2269 1335 2348; x_wconf 88' lang='lat' dir='ltr'><strong>Venerabiles</strong></span> <span class='ocrx_word' id='word_1_154' title='bbox 1363 2286 1498 2377; x_wconf 90' lang='lat' dir='ltr'><strong>patres</strong></span> <span class='ocrx_word' id='word_1_155' title='bbox 1525 2267 1678 2350; x_wconf 91' lang='lat' dir='ltr'><strong>domini</strong></span> <span class='ocrx_word' id='word_1_156' title='bbox 1707 2269 1894 2348; x_wconf 76' lang='lat' dir='ltr'><strong>Ketillus&#39;</strong></span> <span class='ocrx_word' id='word_1_157' title='bbox 1919 2269 2060 2348; x_wconf 78' lang='lat' dir='ltr'><strong>Suntn-</strong></span> 
     </span>
     <span class='ocr_line' id='line_1_18' title="bbox 299 2377 2100 2490; baseline 0.001 -33"><span class='ocrx_word' id='word_1_158' title='bbox 299 2383 475 2488; x_wconf 82' lang='lat' dir='ltr'><strong>grensis,</strong></span> <span class='ocrx_word' id='word_1_159' title='bbox 505 2380 646 2488; x_wconf 83' lang='lat' dir='ltr'><strong>Haelgo</strong></span> <span class='ocrx_word' id='word_1_160' title='bbox 675 2379 896 2474; x_wconf 84' lang='lat' dir='ltr'><strong>Asloensis,</strong></span> <span class='ocrx_word' id='word_1_161' title='bbox 928 2383 1039 2458; x_wconf 84' lang='lat' dir='ltr'><strong>Arno</strong></span> <span class='ocrx_word' id='word_1_162' title='bbox 1067 2379 1297 2488; x_wconf 76' lang='lat' dir='ltr'><strong>bergensis,</strong></span> <span class='ocrx_word' id='word_1_163' title='bbox 1325 2397 1366 2460; x_wconf 90' lang='lat' dir='ltr'><strong>et</strong></span> <span class='ocrx_word' id='word_1_164' title='bbox 1393 2377 1585 2490; x_wconf 84' lang='lat' dir='ltr'><strong>lngcldns</strong></span> <span class='ocrx_word' id='word_1_165' title='bbox 1611 2379 2061 2487; x_wconf 86' lang='lat' dir='ltr'><strong>HamarensisDeigracir</strong></span> <span class='ocrx_word' id='word_1_166' title='bbox 2099 2403 2100 2467; x_wconf 77' lang='grc' dir='ltr'><em>ξ</em></span> 
     </span>
    </p>
   </div>
   <div class='ocr_carea' id='block_1_7' title="bbox 62 2487 2060 2600">
    <p class='ocr_par' dir='ltr' id='par_1_7' title="bbox 62 2487 2060 2600">
     <span class='ocr_line' id='line_1_19' title="bbox 62 2487 2060 2600; baseline -0.001 -29"><span class='ocrx_word' id='word_1_167' title='bbox 62 2487 67 2496; x_wconf 84' lang='grc'><strong>’</strong></span> <span class='ocrx_word' id='word_1_168' title='bbox 160 2541 168 2548; x_wconf 92' lang='grc'>-</span> <span class='ocrx_word' id='word_1_169' title='bbox 300 2493 511 2600; x_wconf 78' lang='lat' dir='ltr'><strong>Episcopi,</strong></span> <span class='ocrx_word' id='word_1_170' title='bbox 544 2519 590 2572; x_wconf 91' lang='lat' dir='ltr'><strong>ac</strong></span> <span class='ocrx_word' id='word_1_171' title='bbox 619 2490 805 2572; x_wconf 90' lang='lat' dir='ltr'><strong>dominus</strong></span> <span class='ocrx_word' id='word_1_172' title='bbox 834 2489 977 2570; x_wconf 89' lang='lat' dir='ltr'><strong>Ericus</strong></span> <span class='ocrx_word' id='word_1_173' title='bbox 1005 2491 1256 2573; x_wconf 87' lang='lat' dir='ltr'><strong>Waldemari</strong></span> <span class='ocrx_word' id='word_1_174' title='bbox 1283 2488 1453 2572; x_wconf 87' lang='lat' dir='ltr'><strong>condam</strong></span> <span class='ocrx_word' id='word_1_175' title='bbox 1484 2491 1605 2598; x_wconf 86' lang='lat' dir='ltr'><strong>Regis</strong></span> <span class='ocrx_word' id='word_1_176' title='bbox 1632 2489 1990 2587; x_wconf 84' lang='lat' dir='ltr'><strong>Srerorumfilius,</strong></span> <span class='ocrx_word' id='word_1_177' title='bbox 2012 2487 2060 2570; x_wconf 84' lang='lat' dir='ltr'><strong>du·</strong></span> 
     </span>
    </p>
   </div>
   <div class='ocr_carea' id='block_1_8' title="bbox 296 2599 2063 4493">
    <p class='ocr_par' dir='ltr' id='par_1_8' title="bbox 296 2599 2063 4493">
     <span class='ocr_line' id='line_1_20' title="bbox 299 2599 2060 2710; baseline -0.003 -26"><span class='ocrx_word' id='word_1_178' title='bbox 299 2605 434 2684; x_wconf 90' lang='lat' dir='ltr'><strong>minus</strong></span> <span class='ocrx_word' id='word_1_179' title='bbox 459 2601 610 2698; x_wconf 83' lang='lat' dir='ltr'><strong>Finno,</strong></span> <span class='ocrx_word' id='word_1_180' title='bbox 638 2601 825 2710; x_wconf 83' lang='lat' dir='ltr'><strong>Magister</strong></span> <span class='ocrx_word' id='word_1_181' title='bbox 854 2602 1099 2710; x_wconf 86' lang='lat' dir='ltr'><strong>capellarum</strong></span> <span class='ocrx_word' id='word_1_182' title='bbox 1131 2621 1375 2698; x_wconf 86' lang='lat' dir='ltr'><strong>nostrarum,</strong></span> <span class='ocrx_word' id='word_1_183' title='bbox 1402 2630 1450 2682; x_wconf 84' lang='lat' dir='ltr'><strong>ac</strong></span> <span class='ocrx_word' id='word_1_184' title='bbox 1478 2603 1635 2684; x_wconf 89' lang='lat' dir='ltr'><strong>nobiles</strong></span> <span class='ocrx_word' id='word_1_185' title='bbox 1663 2603 1759 2697; x_wconf 82' lang='lat' dir='ltr'><strong>viri,</strong></span> <span class='ocrx_word' id='word_1_186' title='bbox 1796 2599 1976 2690; x_wconf 83' lang='lat' dir='ltr'><strong>dominus</strong></span> <span class='ocrx_word' id='word_1_187' title='bbox 1997 2601 2060 2680; x_wconf 85' lang='lat' dir='ltr'><strong>ller-</strong></span> 
     </span>
     <span class='ocr_line' id='line_1_21' title="bbox 299 2711 2061 2820; baseline -0.001 -28"><span class='ocrx_word' id='word_1_188' title='bbox 299 2712 451 2795; x_wconf 89' lang='lat' dir='ltr'><strong>nardus</strong></span> <span class='ocrx_word' id='word_1_189' title='bbox 479 2712 529 2794; x_wconf 91' lang='lat' dir='ltr'><strong>de</strong></span> <span class='ocrx_word' id='word_1_190' title='bbox 557 2711 798 2820; x_wconf 77' lang='lat' dir='ltr'><strong>Biarlreroy,</strong></span> <span class='ocrx_word' id='word_1_191' title='bbox 826 2711 1033 2794; x_wconf 84' lang='lat' dir='ltr'><strong>Thorerus</strong></span> <span class='ocrx_word' id='word_1_192' title='bbox 1063 2713 1262 2819; x_wconf 87' lang='lat' dir='ltr'><strong>Hagnini,</strong></span> <span class='ocrx_word' id='word_1_193' title='bbox 1291 2715 1413 2794; x_wconf 87' lang='lat' dir='ltr'><strong>lnaro</strong></span> <span class='ocrx_word' id='word_1_194' title='bbox 1442 2714 1586 2808; x_wconf 82' lang='lat' dir='ltr'><strong>Aslaci,</strong></span> <span class='ocrx_word' id='word_1_195' title='bbox 1616 2713 1816 2808; x_wconf 80' lang='lat' dir='ltr'><strong>barones,</strong></span> <span class='ocrx_word' id='word_1_196' title='bbox 1844 2741 1917 2794; x_wconf 88' lang='lat' dir='ltr'><strong>nec</strong></span> <span class='ocrx_word' id='word_1_197' title='bbox 1951 2723 2061 2792; x_wconf 82' lang='lat' dir='ltr'><strong>nonet</strong></span> 
     </span>
     <span class='ocr_line' id='line_1_22' title="bbox 300 2818 2062 2933; baseline -0.003 -28"><span class='ocrx_word' id='word_1_198' title='bbox 300 2825 451 2905; x_wconf 87' lang='lat' dir='ltr'><strong>domini</strong></span> <span class='ocrx_word' id='word_1_199' title='bbox 466 2823 718 2905; x_wconf 87' lang='lat' dir='ltr'><strong>Thorraldus</strong></span> <span class='ocrx_word' id='word_1_200' title='bbox 740 2823 776 2903; x_wconf 78' lang='lat' dir='ltr'><strong>&#39;l&#39;</strong></span> <span class='ocrx_word' id='word_1_201' title='bbox 777 2835 944 2918; x_wconf 79' lang='lat' dir='ltr'><strong>oreson,</strong></span> <span class='ocrx_word' id='word_1_202' title='bbox 974 2823 1119 2904; x_wconf 87' lang='lat' dir='ltr'><strong>Elaras</strong></span> <span class='ocrx_word' id='word_1_203' title='bbox 1147 2823 1337 2924; x_wconf 88' lang='lat' dir='ltr'><strong>Eililson,</strong></span> <span class='ocrx_word' id='word_1_204' title='bbox 1366 2823 1594 2933; x_wconf 79' lang='lat' dir='ltr'><strong>Siqurdus·</strong></span> <span class='ocrx_word' id='word_1_205' title='bbox 1617 2823 1669 2906; x_wconf 92' lang='lat' dir='ltr'><strong>de</strong></span> <span class='ocrx_word' id='word_1_206' title='bbox 1695 2822 1882 2904; x_wconf 86' lang='lat' dir='ltr'><strong>Random</strong></span> <span class='ocrx_word' id='word_1_207' title='bbox 1911 2818 2062 2904; x_wconf 82' lang='lat' dir='ltr'><strong>Tbmnda</strong></span> 
     </span>
     <span class='ocr_line' id='line_1_23' title="bbox 299 2933 2062 3048; baseline -0.003 -31"><span class='ocrx_word' id='word_1_208' title='bbox 299 2933 511 3033; x_wconf 88' lang='lat' dir='ltr'><strong>Halvardi,</strong></span> <span class='ocrx_word' id='word_1_209' title='bbox 540 2936 729 3044; x_wconf 80' lang='lat' dir='ltr'><strong>Signatus</strong></span> <span class='ocrx_word' id='word_1_210' title='bbox 756 2934 807 3018; x_wconf 92' lang='lat' dir='ltr'><strong>de</strong></span> <span class='ocrx_word' id='word_1_211' title='bbox 835 2933 1098 3034; x_wconf 84' lang='lat' dir='ltr'><strong>Laeirholom,</strong></span> <span class='ocrx_word' id='word_1_212' title='bbox 1134 2935 1342 3018; x_wconf 86' lang='lat' dir='ltr'><strong>Tborerus</strong></span> <span class='ocrx_word' id='word_1_213' title='bbox 1375 2934 1550 3032; x_wconf 84' lang='lat' dir='ltr'><strong>Harlen,</strong></span> <span class='ocrx_word' id='word_1_214' title='bbox 1591 2933 1817 3048; x_wconf 83' lang='lat' dir='ltr'><strong>Siqrsrdus</strong></span> <span class='ocrx_word' id='word_1_215' title='bbox 1853 2933 2062 3025; x_wconf 84' lang='lat' dir='ltr'><strong>Hareclson,</strong></span> 
     </span>
     <span class='ocr_line' id='line_1_24' title="bbox 296 3045 2063 3155; baseline -0.003 -26"><span class='ocrx_word' id='word_1_216' title='bbox 296 3046 536 3155; x_wconf 89' lang='lat' dir='ltr'><strong>Bryniullus</strong></span> <span class='ocrx_word' id='word_1_217' title='bbox 565 3050 719 3143; x_wconf 87' lang='lat' dir='ltr'><strong>Storm‚</strong></span> <span class='ocrx_word' id='word_1_218' title='bbox 761 3046 960 3129; x_wconf 85' lang='lat' dir='ltr'><strong>Throndo</strong></span> <span class='ocrx_word' id='word_1_219' title='bbox 989 3047 1181 3146; x_wconf 88' lang='lat' dir='ltr'><strong>Gunulli,</strong></span> <span class='ocrx_word' id='word_1_220' title='bbox 1224 3049 1458 3129; x_wconf 82' lang='lat' dir='ltr'><strong>Gannants·</strong></span> <span class='ocrx_word' id='word_1_221' title='bbox 1486 3046 1672 3145; x_wconf 77' lang='lat' dir='ltr'><strong>Tbomcc,</strong></span> <span class='ocrx_word' id='word_1_222' title='bbox 1716 3046 1934 3154; x_wconf 81' lang='lat' dir='ltr'><strong>Birglserus</strong></span> <span class='ocrx_word' id='word_1_223' title='bbox 1968 3045 2063 3126; x_wconf 80' lang='lat' dir='ltr'><strong>lbos·</strong></span> 
     </span>
     <span class='ocr_line' id='line_1_25' title="bbox 299 3155 2061 3267; baseline -0.005 -26"><span class='ocrx_word' id='word_1_224' title='bbox 299 3160 431 3257; x_wconf 86' lang='lat' dir='ltr'><strong>chilli,</strong></span> <span class='ocrx_word' id='word_1_225' title='bbox 462 3158 613 3241; x_wconf 70' lang='lat' dir='ltr'><strong>Serius</strong></span> <span class='ocrx_word' id='word_1_226' title='bbox 645 3160 763 3241; x_wconf 85' lang='lat' dir='ltr'><strong>Petri.</strong></span> <span class='ocrx_word' id='word_1_227' title='bbox 802 3158 956 3240; x_wconf 87' lang='lat' dir='ltr'><strong>lwarus</strong></span> <span class='ocrx_word' id='word_1_228' title='bbox 985 3160 1180 3255; x_wconf 89' lang='lat' dir='ltr'><strong>Steinari,</strong></span> <span class='ocrx_word' id='word_1_229' title='bbox 1212 3158 1395 3241; x_wconf 84' lang='lat' dir='ltr'><strong>Euindus</strong></span> <span class='ocrx_word' id='word_1_230' title='bbox 1422 3158 1626 3266; x_wconf 86' lang='lat' dir='ltr'><strong>Symonis,</strong></span> <span class='ocrx_word' id='word_1_231' title='bbox 1654 3160 1909 3267; x_wconf 84' lang='lat' dir='ltr'><strong>Augustinus</strong></span> <span class='ocrx_word' id='word_1_232' title='bbox 1930 3155 2061 3247; x_wconf 80' lang='lat' dir='ltr'><strong>Amoris,</strong></span> 
     </span>
     <span class='ocr_line' id='line_1_26' title="bbox 298 3262 2061 3381; baseline -0.002 -30"><span class='ocrx_word' id='word_1_233' title='bbox 298 3270 481 3351; x_wconf 84' lang='lat' dir='ltr'><strong>Andreas</strong></span> <span class='ocrx_word' id='word_1_234' title='bbox 509 3268 713 3381; x_wconf 81' lang='lat' dir='ltr'><strong>Sigrardi,</strong></span> <span class='ocrx_word' id='word_1_235' title='bbox 743 3269 906 3365; x_wconf 87' lang='lat' dir='ltr'><strong>milites,</strong></span> <span class='ocrx_word' id='word_1_236' title='bbox 936 3298 982 3351; x_wconf 93' lang='lat' dir='ltr'><strong>ac</strong></span> <span class='ocrx_word' id='word_1_237' title='bbox 1012 3272 1135 3351; x_wconf 85' lang='lat' dir='ltr'><strong>eciam</strong></span> <span class='ocrx_word' id='word_1_238' title='bbox 1165 3272 1378 3378; x_wconf 87' lang='lat' dir='ltr'><strong>Haguinus</strong></span> <span class='ocrx_word' id='word_1_239' title='bbox 1403 3268 1584 3368; x_wconf 69' lang='lat' dir='ltr'><strong>Thoria,</strong></span> <span class='ocrx_word' id='word_1_240' title='bbox 1615 3270 1821 3351; x_wconf 80' lang='lat' dir='ltr'><strong>lohannes</strong></span> <span class='ocrx_word' id='word_1_241' title='bbox 1844 3262 2061 3357; x_wconf 86' lang='lat' dir='ltr'><strong>Gudbrmdi,</strong></span> 
     </span>
     <span class='ocr_line' id='line_1_27' title="bbox 298 3372 2060 3490; baseline -0.003 -27"><span class='ocrx_word' id='word_1_242' title='bbox 298 3384 439 3463; x_wconf 87' lang='lat' dir='ltr'><strong>Ivarus</strong></span> <span class='ocrx_word' id='word_1_243' title='bbox 469 3384 654 3477; x_wconf 84' lang='lat' dir='ltr'><strong>Amonis,</strong></span> <span class='ocrx_word' id='word_1_244' title='bbox 682 3378 917 3487; x_wconf 87' lang='lat' dir='ltr'><strong>Bryniullus</strong></span> <span class='ocrx_word' id='word_1_245' title='bbox 945 3381 1150 3485; x_wconf 81' lang='lat' dir='ltr'><strong>Agmundi</strong></span> <span class='ocrx_word' id='word_1_246' title='bbox 1179 3379 1416 3489; x_wconf 85' lang='lat' dir='ltr'><strong>Agmundus</strong></span> <span class='ocrx_word' id='word_1_247' title='bbox 1436 3376 1636 3490; x_wconf 82' lang='lat' dir='ltr'><strong>Oyrindi,</strong></span> <span class='ocrx_word' id='word_1_248' title='bbox 1653 3381 1858 3462; x_wconf 79' lang='lat' dir='ltr'><strong>lohannes</strong></span> <span class='ocrx_word' id='word_1_249' title='bbox 1871 3380 1920 3461; x_wconf 91' lang='lat' dir='ltr'><strong>de</strong></span> <span class='ocrx_word' id='word_1_250' title='bbox 1939 3372 2060 3467; x_wconf 73' lang='lat' dir='ltr'><strong>stant</strong></span> 
     </span>
     <span class='ocr_line' id='line_1_28' title="bbox 300 3482 2061 3601; baseline -0.003 -29"><span class='ocrx_word' id='word_1_251' title='bbox 300 3482 516 3573; x_wconf 71' lang='lat' dir='ltr'><strong>Audrenus&#39;</strong></span> <span class='ocrx_word' id='word_1_252' title='bbox 548 3491 814 3587; x_wconf 80' lang='lat' dir='ltr'><strong>Gudtlsormi‚</strong></span> <span class='ocrx_word' id='word_1_253' title='bbox 858 3493 1069 3601; x_wconf 87' lang='lat' dir='ltr'><strong>Haguinus</strong></span> <span class='ocrx_word' id='word_1_254' title='bbox 1112 3493 1313 3598; x_wconf 83' lang='lat' dir='ltr'><strong>Agmundi</strong></span> <span class='ocrx_word' id='word_1_255' title='bbox 1354 3494 1498 3573; x_wconf 87' lang='lat' dir='ltr'><strong>Petrus</strong></span> <span class='ocrx_word' id='word_1_256' title='bbox 1545 3496 1777 3589; x_wconf 89' lang='lat' dir='ltr'><strong>Petersson,</strong></span> <span class='ocrx_word' id='word_1_257' title='bbox 1829 3484 2061 3573; x_wconf 86' lang='lat' dir='ltr'><strong>Gudbrandu</strong></span> 
     </span>
     <span class='ocr_line' id='line_1_29' title="bbox 299 3596 2061 3713; baseline -0.003 -30"><span class='ocrx_word' id='word_1_258' title='bbox 299 3600 658 3693; x_wconf 84' lang='lat' dir='ltr'><strong>Gudbranssoner,</strong></span> <span class='ocrx_word' id='word_1_259' title='bbox 687 3604 874 3709; x_wconf 87' lang='lat' dir='ltr'><strong>armigeri</strong></span> <span class='ocrx_word' id='word_1_260' title='bbox 901 3606 1048 3699; x_wconf 89' lang='lat' dir='ltr'><strong>nostri,</strong></span> <span class='ocrx_word' id='word_1_261' title='bbox 1076 3630 1249 3713; x_wconf 74' lang='lat' dir='ltr'><strong>qaorum</strong></span> <span class='ocrx_word' id='word_1_262' title='bbox 1278 3603 1406 3711; x_wconf 85' lang='lat' dir='ltr'><strong>sigilla</strong></span> <span class='ocrx_word' id='word_1_263' title='bbox 1436 3632 1639 3685; x_wconf 85' lang='lat' dir='ltr'><strong>unacum</strong></span> <span class='ocrx_word' id='word_1_264' title='bbox 1667 3620 1809 3684; x_wconf 87' lang='lat' dir='ltr'><strong>nostro</strong></span> <span class='ocrx_word' id='word_1_265' title='bbox 1847 3596 2061 3713; x_wconf 81' lang='lat' dir='ltr'><strong>praesmtibu</strong></span> 
     </span>
     <span class='ocr_line' id='line_1_30' title="bbox 299 3712 2062 3831; baseline -0.001 -36"><span class='ocrx_word' id='word_1_266' title='bbox 299 3729 394 3795; x_wconf 91' lang='lat' dir='ltr'><strong>sunt</strong></span> <span class='ocrx_word' id='word_1_267' title='bbox 422 3740 612 3824; x_wconf 87' lang='lat' dir='ltr'><strong>appensa.</strong></span> <span class='ocrx_word' id='word_1_268' title='bbox 670 3712 914 3796; x_wconf 88' lang='lat' dir='ltr'><strong>Coudictum</strong></span> <span class='ocrx_word' id='word_1_269' title='bbox 942 3732 1003 3795; x_wconf 86' lang='lat' dir='ltr'><strong>est</strong></span> <span class='ocrx_word' id='word_1_270' title='bbox 1029 3717 1153 3795; x_wconf 71' lang='grc' dir='ltr'><strong>εοίαιιι</strong></span> <span class='ocrx_word' id='word_1_271' title='bbox 1182 3712 1291 3831; x_wconf 80' lang='lat' dir='ltr'><strong>qvod</strong></span> <span class='ocrx_word' id='word_1_272' title='bbox 1320 3714 1487 3795; x_wconf 88' lang='lat' dir='ltr'><strong>ducenti</strong></span> <span class='ocrx_word' id='word_1_273' title='bbox 1524 3733 1564 3797; x_wconf 89' lang='lat' dir='ltr'><strong>et</strong></span> <span class='ocrx_word' id='word_1_274' title='bbox 1597 3716 1858 3826; x_wconf 79' lang='lat' dir='ltr'><strong>septuaginta</strong></span> <span class='ocrx_word' id='word_1_275' title='bbox 1897 3714 2062 3797; x_wconf 73' lang='lat' dir='ltr'><strong>milace</strong></span> 
     </span>
     <span class='ocr_line' id='line_1_31' title="bbox 299 3825 2062 3935; baseline -0.003 -28"><span class='ocrx_word' id='word_1_276' title='bbox 299 3827 484 3933; x_wconf 85' lang='lat' dir='ltr'><strong>armigeri</strong></span> <span class='ocrx_word' id='word_1_277' title='bbox 513 3828 642 3907; x_wconf 83' lang='lat' dir='ltr'><strong>nostri</strong></span> <span class='ocrx_word' id='word_1_278' title='bbox 671 3826 911 3935; x_wconf 90' lang='lat' dir='ltr'><strong>promittent</strong></span> <span class='ocrx_word' id='word_1_279' title='bbox 941 3827 1048 3908; x_wconf 89' lang='lat' dir='ltr'><strong>bona</strong></span> <span class='ocrx_word' id='word_1_280' title='bbox 1072 3826 1151 3907; x_wconf 87' lang='lat' dir='ltr'><strong>lide</strong></span> <span class='ocrx_word' id='word_1_281' title='bbox 1180 3844 1221 3905; x_wconf 91' lang='lat' dir='ltr'><strong>et</strong></span> <span class='ocrx_word' id='word_1_282' title='bbox 1248 3852 1372 3934; x_wconf 87' lang='lat' dir='ltr'><strong>super</strong></span> <span class='ocrx_word' id='word_1_283' title='bbox 1407 3825 1487 3906; x_wconf 88' lang='lat' dir='ltr'><strong>boc</strong></span> <span class='ocrx_word' id='word_1_284' title='bbox 1520 3826 1678 3907; x_wconf 88' lang='lat' dir='ltr'><strong>dabunt</strong></span> <span class='ocrx_word' id='word_1_285' title='bbox 1718 3828 1876 3909; x_wconf 86' lang='lat' dir='ltr'><strong>litteras</strong></span> <span class='ocrx_word' id='word_1_286' title='bbox 1915 3850 1996 3906; x_wconf 85' lang='lat' dir='ltr'><strong>suas</strong></span> <span class='ocrx_word' id='word_1_287' title='bbox 2016 3844 2062 3928; x_wconf 83' lang='lat' dir='ltr'><strong>pt·</strong></span> 
     </span>
     <span class='ocr_line' id='line_1_32' title="bbox 300 3936 2061 4048; baseline -0.002 -31"><span class='ocrx_word' id='word_1_288' title='bbox 300 3956 449 4031; x_wconf 89' lang='lat' dir='ltr'><strong>tentes,</strong></span> <span class='ocrx_word' id='word_1_289' title='bbox 477 3936 586 4048; x_wconf 86' lang='lat' dir='ltr'><strong>qvod</strong></span> <span class='ocrx_word' id='word_1_290' title='bbox 616 3938 773 4044; x_wconf 87' lang='lat' dir='ltr'><strong>singula</strong></span> <span class='ocrx_word' id='word_1_291' title='bbox 804 3938 938 4017; x_wconf 89' lang='lat' dir='ltr'><strong>omnia</strong></span> <span class='ocrx_word' id='word_1_292' title='bbox 969 3956 1013 4017; x_wconf 92' lang='lat' dir='ltr'><strong>ut</strong></span> <span class='ocrx_word' id='word_1_293' title='bbox 1042 3938 1319 4045; x_wconf 87' lang='lat' dir='ltr'><strong>praemittitur‚</strong></span> <span class='ocrx_word' id='word_1_294' title='bbox 1359 3953 1501 4017; x_wconf 88' lang='lat' dir='ltr'><strong>nostro</strong></span> <span class='ocrx_word' id='word_1_295' title='bbox 1536 3938 1697 4017; x_wconf 88' lang='lat' dir='ltr'><strong>nomine</strong></span> <span class='ocrx_word' id='word_1_296' title='bbox 1739 3937 2061 4027; x_wconf 53' lang='lat' dir='ltr'><strong>obsecrantum&amp;</strong></span> 
     </span>
     <span class='ocr_line' id='line_1_33' title="bbox 300 4038 2062 4158; baseline -0.003 -30"><span class='ocrx_word' id='word_1_297' title='bbox 300 4047 573 4130; x_wconf 77' lang='lat' dir='ltr'><strong>illas&#39;litteras</strong></span> <span class='ocrx_word' id='word_1_298' title='bbox 601 4052 805 4129; x_wconf 88' lang='lat' dir='ltr'><strong>mittemus</strong></span> <span class='ocrx_word' id='word_1_299' title='bbox 842 4074 934 4143; x_wconf 89' lang='lat' dir='ltr'><strong>nos,</strong></span> <span class='ocrx_word' id='word_1_300' title='bbox 979 4049 1012 4128; x_wconf 89' lang='lat' dir='ltr'><strong>si</strong></span> <span class='ocrx_word' id='word_1_301' title='bbox 1041 4075 1206 4135; x_wconf 87' lang='lat' dir='ltr'><strong>securus</strong></span> <span class='ocrx_word' id='word_1_302' title='bbox 1233 4048 1357 4129; x_wconf 86' lang='lat' dir='ltr'><strong>luerit</strong></span> <span class='ocrx_word' id='word_1_303' title='bbox 1385 4048 1596 4145; x_wconf 85' lang='lat' dir='ltr'><strong>transitus,</strong></span> <span class='ocrx_word' id='word_1_304' title='bbox 1624 4046 1876 4158; x_wconf 86' lang='lat' dir='ltr'><strong>Tunsbergis</strong></span> <span class='ocrx_word' id='word_1_305' title='bbox 1900 4046 1961 4129; x_wconf 88' lang='lat' dir='ltr'><strong>die</strong></span> <span class='ocrx_word' id='word_1_306' title='bbox 1990 4038 2062 4122; x_wconf 79' lang='lat' dir='ltr'><strong>nati·</strong></span> 
     </span>
     <span class='ocr_line' id='line_1_34' title="bbox 299 4149 2061 4267; baseline -0.003 -26"><span class='ocrx_word' id='word_1_307' title='bbox 299 4160 435 4261; x_wconf 70' lang='lat' dir='ltr'><strong>vitatis</strong></span> <span class='ocrx_word' id='word_1_308' title='bbox 464 4163 573 4243; x_wconf 90' lang='lat' dir='ltr'><strong>beati</strong></span> <span class='ocrx_word' id='word_1_309' title='bbox 601 4157 798 4241; x_wconf 86' lang='lat' dir='ltr'><strong>lobannis</strong></span> <span class='ocrx_word' id='word_1_310' title='bbox 826 4159 1015 4267; x_wconf 78' lang='lat' dir='ltr'><strong>Baptistae</strong></span> <span class='ocrx_word' id='word_1_311' title='bbox 1045 4161 1231 4267; x_wconf 78' lang='lat' dir='ltr'><strong>proximo</strong></span> <span class='ocrx_word' id='word_1_312' title='bbox 1259 4157 1450 4239; x_wconf 84' lang='lat' dir='ltr'><strong>affuturis</strong></span> <span class='ocrx_word' id='word_1_313' title='bbox 1479 4161 1638 4240; x_wconf 88' lang='lat' dir='ltr'><strong>nunciis</strong></span> <span class='ocrx_word' id='word_1_314' title='bbox 1665 4158 1822 4240; x_wconf 89' lang='lat' dir='ltr'><strong>domini</strong></span> <span class='ocrx_word' id='word_1_315' title='bbox 1849 4149 2061 4267; x_wconf 77' lang='lat' dir='ltr'><strong>Regisllstlt</strong></span> 
     </span>
     <span class='ocr_line' id='line_1_35' title="bbox 298 4261 2062 4380; baseline -0.005 -25"><span class='ocrx_word' id='word_1_316' title='bbox 298 4270 448 4355; x_wconf 86' lang='lat' dir='ltr'><strong>ibidem</strong></span> <span class='ocrx_word' id='word_1_317' title='bbox 477 4270 746 4380; x_wconf 79' lang='lat' dir='ltr'><strong>assignandas.</strong></span> <span class='ocrx_word' id='word_1_318' title='bbox 805 4270 847 4350; x_wconf 86' lang='lat' dir='ltr'><strong>Si</strong></span> <span class='ocrx_word' id='word_1_319' title='bbox 876 4279 973 4351; x_wconf 82' lang='lat' dir='ltr'><strong>ve&#39;ro</strong></span> <span class='ocrx_word' id='word_1_320' title='bbox 1001 4298 1167 4351; x_wconf 90' lang='lat' dir='ltr'><strong>securus</strong></span> <span class='ocrx_word' id='word_1_321' title='bbox 1195 4296 1275 4350; x_wconf 92' lang='lat' dir='ltr'><strong>non</strong></span> <span class='ocrx_word' id='word_1_322' title='bbox 1306 4270 1431 4351; x_wconf 85' lang='lat' dir='ltr'><strong>fuerit</strong></span> <span class='ocrx_word' id='word_1_323' title='bbox 1456 4274 1667 4367; x_wconf 82' lang='lat' dir='ltr'><strong>transitus,</strong></span> <span class='ocrx_word' id='word_1_324' title='bbox 1695 4272 1786 4379; x_wconf 89' lang='lat' dir='ltr'><strong>ipso</strong></span> <span class='ocrx_word' id='word_1_325' title='bbox 1825 4289 1992 4379; x_wconf 87' lang='lat' dir='ltr'><strong>tempore</strong></span> <span class='ocrx_word' id='word_1_326' title='bbox 2019 4261 2062 4341; x_wconf 77' lang='lat' dir='ltr'><strong>lit·</strong></span> 
     </span>
     <span class='ocr_line' id='line_1_36' title="bbox 298 4381 2061 4493; baseline -0.002 -31"><span class='ocrx_word' id='word_1_327' title='bbox 298 4402 384 4465; x_wconf 88' lang='lat' dir='ltr'><strong>tere</strong></span> <span class='ocrx_word' id='word_1_328' title='bbox 414 4381 715 4493; x_wconf 76' lang='lat' dir='ltr'><strong>praedictatam</strong></span> <span class='ocrx_word' id='word_1_329' title='bbox 745 4406 820 4463; x_wconf 89' lang='lat' dir='ltr'><strong>suo</strong></span> <span class='ocrx_word' id='word_1_330' title='bbox 848 4384 1011 4461; x_wconf 89' lang='lat' dir='ltr'><strong>nomine</strong></span> <span class='ocrx_word' id='word_1_331' title='bbox 1041 4409 1159 4493; x_wconf 89' lang='lat' dir='ltr'><strong>qvam</strong></span> <span class='ocrx_word' id='word_1_332' title='bbox 1191 4398 1331 4461; x_wconf 90' lang='lat' dir='ltr'><strong>nostro</strong></span> <span class='ocrx_word' id='word_1_333' title='bbox 1374 4382 1758 4490; x_wconf 85' lang='lat' dir='ltr'><strong>Kaupmannahalln</strong></span> <span class='ocrx_word' id='word_1_334' title='bbox 1800 4385 1997 4463; x_wconf 87' lang='lat' dir='ltr'><strong>mittentur</strong></span> <span class='ocrx_word' id='word_1_335' title='bbox 2017 4396 2061 4452; x_wconf 65' lang='lat' dir='ltr'><strong>tt*</strong></span> 
     </span>
    </p>
   </div>
   <div class='ocr_carea' id='block_1_9' title="bbox 134 4492 2061 4603">
    <p class='ocr_par' dir='ltr' id='par_1_9' title="bbox 134 4492 2061 4603">
     <span class='ocr_line' id='line_1_37' title="bbox 134 4492 2061 4603; baseline -0.004 -27"><span class='ocrx_word' id='word_1_336' title='bbox 134 4572 139 4585; x_wconf 89' lang='grc'><strong>,</strong></span> <span class='ocrx_word' id='word_1_337' title='bbox 298 4492 388 4576; x_wconf 91' lang='lat' dir='ltr'><strong>dem</strong></span> <span class='ocrx_word' id='word_1_338' title='bbox 419 4494 484 4575; x_wconf 87' lang='lat' dir='ltr'><strong>die</strong></span> <span class='ocrx_word' id='word_1_339' title='bbox 514 4494 662 4575; x_wconf 88' lang='lat' dir='ltr'><strong>ibidem</strong></span> <span class='ocrx_word' id='word_1_340' title='bbox 692 4494 850 4574; x_wconf 85' lang='lat' dir='ltr'><strong>nunciis</strong></span> <span class='ocrx_word' id='word_1_341' title='bbox 880 4493 1027 4574; x_wconf 89' lang='lat' dir='ltr'><strong>nostris</strong></span> <span class='ocrx_word' id='word_1_342' title='bbox 1059 4496 1251 4603; x_wconf 73' lang='lat' dir='ltr'><strong>utrinque</strong></span> <span class='ocrx_word' id='word_1_343' title='bbox 1278 4507 1422 4573; x_wconf 88' lang='lat' dir='ltr'><strong>mutuo</strong></span> <span class='ocrx_word' id='word_1_344' title='bbox 1449 4492 1701 4602; x_wconf 79' lang='lat' dir='ltr'><strong>assignanda.</strong></span> <span class='ocrx_word' id='word_1_345' title='bbox 1734 4495 1843 4577; x_wconf 85' lang='lat' dir='ltr'><strong>ltem</strong></span> <span class='ocrx_word' id='word_1_346' title='bbox 1871 4494 1904 4573; x_wconf 90' lang='lat' dir='ltr'><strong>si</strong></span> <span class='ocrx_word' id='word_1_347' title='bbox 1929 4518 1972 4571; x_wconf 83' lang='lat' dir='ltr'><strong>ex</strong></span> <span class='ocrx_word' id='word_1_348' title='bbox 1996 4506 2061 4595; x_wconf 69' lang='lat' dir='ltr'><strong>pta·</strong></span> 
     </span>
    </p>
   </div>
   <div class='ocr_carea' id='block_1_10' title="bbox 299 4601 2100 4722">
    <p class='ocr_par' dir='ltr' id='par_1_10' title="bbox 299 4601 2100 4722">
     <span class='ocr_line' id='line_1_38' title="bbox 299 4601 2100 4722; baseline -0.007 -35"><span class='ocrx_word' id='word_1_349' title='bbox 299 4605 534 4690; x_wconf 89' lang='lat' dir='ltr'><strong>missoribus</strong></span> <span class='ocrx_word' id='word_1_350' title='bbox 563 4606 709 4686; x_wconf 89' lang='lat' dir='ltr'><strong>nostris</strong></span> <span class='ocrx_word' id='word_1_351' title='bbox 735 4605 939 4715; x_wconf 71' lang='lat' dir='ltr'><strong>predictis</strong></span> <span class='ocrx_word' id='word_1_352' title='bbox 968 4602 1163 4685; x_wconf 88' lang='lat' dir='ltr'><strong>militibus</strong></span> <span class='ocrx_word' id='word_1_353' title='bbox 1192 4602 1380 4686; x_wconf 83' lang='lat' dir='ltr'><strong>videlicet</strong></span> <span class='ocrx_word' id='word_1_354' title='bbox 1406 4622 1447 4685; x_wconf 91' lang='lat' dir='ltr'><strong>et</strong></span> <span class='ocrx_word' id='word_1_355' title='bbox 1483 4606 1688 4713; x_wconf 88' lang='lat' dir='ltr'><strong>armigeris</strong></span> <span class='ocrx_word' id='word_1_356' title='bbox 1731 4606 1891 4686; x_wconf 88' lang='lat' dir='ltr'><strong>interim</strong></span> <span class='ocrx_word' id='word_1_357' title='bbox 1929 4601 2060 4722; x_wconf 60' lang='lat' dir='ltr'><strong>eligam</strong></span> <span class='ocrx_word' id='word_1_358' title='bbox 2091 4613 2100 4695; x_wconf 51' lang='lat' dir='ltr'><em>ft</em></span> 
     </span>
    </p>
   </div>
   <div class='ocr_carea' id='block_1_11' title="bbox 300 4714 2061 4909">
    <p class='ocr_par' dir='ltr' id='par_1_11' title="bbox 300 4714 2061 4909">
     <span class='ocr_line' id='line_1_39' title="bbox 300 4714 2061 4909; baseline -0.006 -110"><span class='ocrx_word' id='word_1_359' title='bbox 300 4718 364 4799; x_wconf 79' lang='lat' dir='ltr'><strong>rel</strong></span> <span class='ocrx_word' id='word_1_360' title='bbox 395 4718 550 4827; x_wconf 85' lang='lat' dir='ltr'><strong>aliqvos</strong></span> <span class='ocrx_word' id='word_1_361' title='bbox 581 4718 683 4798; x_wconf 91' lang='lat' dir='ltr'><strong>mori</strong></span> <span class='ocrx_word' id='word_1_362' title='bbox 709 4718 949 4823; x_wconf 87' lang='lat' dir='ltr'><strong>contigerit,</strong></span> <span class='ocrx_word' id='word_1_363' title='bbox 979 4716 1102 4797; x_wconf 88' lang='lat' dir='ltr'><strong>alium</strong></span> <span class='ocrx_word' id='word_1_364' title='bbox 1133 4714 1196 4795; x_wconf 88' lang='lat' dir='ltr'><strong>vel</strong></span> <span class='ocrx_word' id='word_1_365' title='bbox 1224 4716 1325 4797; x_wconf 89' lang='lat' dir='ltr'><strong>alios</strong></span> <span class='ocrx_word' id='word_1_366' title='bbox 1352 4718 1663 4813; x_wconf 89' lang='lat' dir='ltr'><strong>constituemus,</strong></span> <span class='ocrx_word' id='word_1_367' title='bbox 1690 4717 1761 4909; x_wconf 62' lang='lat' dir='ltr'><strong>(gvi</strong></span> <span class='ocrx_word' id='word_1_368' title='bbox 1782 4725 2061 4800; x_wconf 78' lang='lat' dir='ltr'><strong>nostrorumst</strong></span> 
     </span>
    </p>
   </div>
   <div class='ocr_carea' id='block_1_12' title="bbox 300 4811 2061 4939">
    <p class='ocr_par' dir='ltr' id='par_1_12' title="bbox 300 4811 2061 4939">
     <span class='ocr_line' id='line_1_40' title="bbox 300 4811 2061 4939; baseline -0.005 -28"><span class='ocrx_word' id='word_1_369' title='bbox 300 4830 606 4939; x_wconf 89' lang='lat' dir='ltr'><strong>promissionem</strong></span> <span class='ocrx_word' id='word_1_370' title='bbox 636 4828 803 4910; x_wconf 91' lang='lat' dir='ltr'><strong>similem</strong></span> <span class='ocrx_word' id='word_1_371' title='bbox 836 4829 958 4911; x_wconf 86' lang='lat' dir='ltr'><strong>saciat</strong></span> <span class='ocrx_word' id='word_1_372' title='bbox 988 4827 1079 4911; x_wconf 90' lang='lat' dir='ltr'><strong>loco</strong></span> <span class='ocrx_word' id='word_1_373' title='bbox 1110 4829 1184 4908; x_wconf 86' lang='lat' dir='ltr'><strong>sui.</strong></span> <span class='ocrx_word' id='word_1_374' title='bbox 1253 4829 1400 4909; x_wconf 86' lang='lat' dir='ltr'><strong>Actum</strong></span> <span class='ocrx_word' id='word_1_375' title='bbox 1435 4843 1481 4909; x_wconf 91' lang='lat' dir='ltr'><strong>et</strong></span> <span class='ocrx_word' id='word_1_376' title='bbox 1521 4826 1660 4909; x_wconf 87' lang='lat' dir='ltr'><strong>datum</strong></span> <span class='ocrx_word' id='word_1_377' title='bbox 1720 4830 1796 4910; x_wconf 79' lang='lat' dir='ltr'><strong>cco</strong></span> <span class='ocrx_word' id='word_1_378' title='bbox 1835 4854 1936 4909; x_wconf 88' lang='lat' dir='ltr'><strong>snno</strong></span> <span class='ocrx_word' id='word_1_379' title='bbox 1963 4837 1996 4902; x_wconf 85' lang='lat' dir='ltr'><strong>et</strong></span> <span class='ocrx_word' id='word_1_380' title='bbox 2017 4811 2061 4894; x_wconf 76' lang='lat' dir='ltr'><strong>(lit</strong></span> 
     </span>
    </p>
   </div>
   <div class='ocr_carea' id='block_1_13' title="bbox 298 4938 849 5053">
    <p class='ocr_par' dir='ltr' id='par_1_13' title="bbox 298 4938 849 5053">
     <span class='ocr_line' id='line_1_41' title="bbox 298 4938 849 5053; baseline -0.002 -29"><span class='ocrx_word' id='word_1_381' title='bbox 298 4946 341 5025; x_wconf 94' lang='lat' dir='ltr'><strong>in</strong></span> <span class='ocrx_word' id='word_1_382' title='bbox 371 4942 572 5053; x_wconf 89' lang='lat' dir='ltr'><strong>principio</strong></span> <span class='ocrx_word' id='word_1_383' title='bbox 599 4938 849 5052; x_wconf 84' lang='lat' dir='ltr'><strong>supradictis</strong></span> 
     </span>
    </p>
   </div>
   <div class='ocr_carea' id='block_1_14' title="bbox 0 0 2173 5972">
    <p class='ocr_par' dir='ltr' id='par_1_14' title="bbox 0 0 2173 5972">
     <span class='ocr_line' id='line_1_42' title="bbox 0 0 2173 5972; baseline 0 0"><span class='ocrx_word' id='word_1_384' title='bbox 0 0 2173 5972; x_wconf 95' lang='lat' dir='ltr'><strong> </strong></span> 
     </span>
    </p>
   </div>
  </div>
 </body>
</html>
