<?xml version="1.0" encoding="UTF-8"?>
<!DOCTYPE html PUBLIC "-//W3C//DTD XHTML 1.0 Transitional//EN"
    "http://www.w3.org/TR/xhtml1/DTD/xhtml1-transitional.dtd">
<html xmlns="http://www.w3.org/1999/xhtml" xml:lang="en" lang="en">
 <head>
  <title>
</title>
<meta http-equiv="Content-Type" content="text/html;charset=utf-8" />
  <meta name='ocr-system' content='tesseract 3.04.00' />
  <meta name='ocr-capabilities' content='ocr_page ocr_carea ocr_par ocr_line ocrx_word'/>
</head>
<body>
  <div class='ocr_page' id='page_1' title='image "./svensktdiplomat01swegoog/svensktdiplomat01swegoog_0097.png"; bbox 0 0 4317 5975; ppageno 0'>
   <div class='ocr_carea' id='block_1_1' title="bbox 959 395 1354 519">
    <p class='ocr_par' dir='ltr' id='par_1_1' title="bbox 959 395 1354 519">
     <span class='ocr_line' id='line_1_1' title="bbox 959 395 1354 519; baseline 0 -57"><span class='ocrx_word' id='word_1_1' title='bbox 959 437 1017 462; x_wconf 92' lang='lat'><strong>...</strong></span> <span class='ocrx_word' id='word_1_2' title='bbox 1129 395 1354 519; x_wconf 19' lang='lat'><strong>34...-</strong></span> 
     </span>
    </p>
   </div>
   <div class='ocr_carea' id='block_1_2' title="bbox 140 609 2143 5084">
    <p class='ocr_par' dir='ltr' id='par_1_2' title="bbox 140 609 2143 5084">
     <span class='ocr_line' id='line_1_2' title="bbox 250 609 2054 727; baseline 0.006 -32"><span class='ocrx_word' id='word_1_3' title='bbox 250 609 367 695; x_wconf 83' lang='lat' dir='ltr'><strong>diet-i.</strong></span> <span class='ocrx_word' id='word_1_4' title='bbox 391 614 565 727; x_wconf 85' lang='lat' dir='ltr'><strong>singulis</strong></span> <span class='ocrx_word' id='word_1_5' title='bbox 594 616 710 700; x_wconf 87' lang='lat' dir='ltr'><strong>annis</strong></span> <span class='ocrx_word' id='word_1_6' title='bbox 729 612 824 696; x_wconf 81' lang='lat' dir='ltr'><strong>volo</strong></span> <span class='ocrx_word' id='word_1_7' title='bbox 852 615 1063 699; x_wconf 86' lang='lat' dir='ltr'><strong>reseruari.</strong></span> <span class='ocrx_word' id='word_1_8' title='bbox 1094 619 1199 699; x_wconf 89' lang='lat' dir='ltr'><strong>Jtem</strong></span> <span class='ocrx_word' id='word_1_9' title='bbox 1226 629 1273 696; x_wconf 88' lang='lat' dir='ltr'><strong>vt</strong></span> <span class='ocrx_word' id='word_1_10' title='bbox 1300 610 1407 697; x_wconf 88' lang='lat' dir='ltr'><strong>idem</strong></span> <span class='ocrx_word' id='word_1_11' title='bbox 1434 612 1639 725; x_wconf 81' lang='lat' dir='ltr'>presbiter</span> <span class='ocrx_word' id='word_1_12' title='bbox 1665 614 1827 697; x_wconf 88' lang='lat' dir='ltr'><strong>missam</strong></span> <span class='ocrx_word' id='word_1_13' title='bbox 1852 615 1963 698; x_wconf 92' lang='lat' dir='ltr'><strong>omni</strong></span> <span class='ocrx_word' id='word_1_14' title='bbox 1994 616 2054 705; x_wconf 90' lang='lat' dir='ltr'><strong>die</strong></span> 
     </span>
     <span class='ocr_line' id='line_1_3' title="bbox 251 724 2056 839; baseline 0.004 -30"><span class='ocrx_word' id='word_1_15' title='bbox 251 724 391 809; x_wconf 81' lang='lat' dir='ltr'><strong>dicere</strong></span> <span class='ocrx_word' id='word_1_16' title='bbox 419 744 606 811; x_wconf 90' lang='lat' dir='ltr'><strong>teneatur</strong></span> <span class='ocrx_word' id='word_1_17' title='bbox 632 754 753 809; x_wconf 85' lang='lat' dir='ltr'><strong>vnam</strong></span> <span class='ocrx_word' id='word_1_18' title='bbox 781 726 982 829; x_wconf 81' lang='lat' dir='ltr'><strong>videlieet,</strong></span> <span class='ocrx_word' id='word_1_19' title='bbox 1031 732 1076 814; x_wconf 91' lang='lat' dir='ltr'><strong>in</strong></span> <span class='ocrx_word' id='word_1_20' title='bbox 1117 729 1343 839; x_wconf 77' lang='lat' dir='ltr'><strong>septimana</strong></span> <span class='ocrx_word' id='word_1_21' title='bbox 1384 725 1436 811; x_wconf 90' lang='lat' dir='ltr'><strong>de</strong></span> <span class='ocrx_word' id='word_1_22' title='bbox 1477 726 1594 809; x_wconf 90' lang='lat' dir='ltr'><strong>beata</strong></span> <span class='ocrx_word' id='word_1_23' title='bbox 1633 727 1801 838; x_wconf 83' lang='lat' dir='ltr'><strong>virgine.</strong></span> <span class='ocrx_word' id='word_1_24' title='bbox 1844 730 2056 817; x_wconf 84' lang='lat' dir='ltr'><strong>secundam</strong></span> 
     </span>
     <span class='ocr_line' id='line_1_4' title="bbox 254 838 2089 949; baseline 0.002 -24"><span class='ocrx_word' id='word_1_25' title='bbox 254 853 296 925; x_wconf 83' lang='lat' dir='ltr'><strong>et</strong></span> <span class='ocrx_word' id='word_1_26' title='bbox 322 842 491 922; x_wconf 90' lang='lat' dir='ltr'><strong>terieam</strong></span> <span class='ocrx_word' id='word_1_27' title='bbox 519 838 570 922; x_wconf 91' lang='lat' dir='ltr'><strong>de</strong></span> <span class='ocrx_word' id='word_1_28' title='bbox 598 857 735 922; x_wconf 89' lang='lat' dir='ltr'><strong>saneta</strong></span> <span class='ocrx_word' id='word_1_29' title='bbox 764 838 952 924; x_wconf 84' lang='lat' dir='ltr'><strong>katerina</strong></span> <span class='ocrx_word' id='word_1_30' title='bbox 970 857 1013 923; x_wconf 91' lang='lat' dir='ltr'><strong>et</strong></span> <span class='ocrx_word' id='word_1_31' title='bbox 1053 843 1179 925; x_wconf 90' lang='lat' dir='ltr'><strong>beato</strong></span> <span class='ocrx_word' id='word_1_32' title='bbox 1209 841 1396 923; x_wconf 87' lang='lat' dir='ltr'><strong>lohannc</strong></span> <span class='ocrx_word' id='word_1_33' title='bbox 1437 839 1695 949; x_wconf 81' lang='lat' dir='ltr'><strong>ewangelista</strong></span> <span class='ocrx_word' id='word_1_34' title='bbox 1736 840 1911 923; x_wconf 88' lang='lat' dir='ltr'><strong>vicissim</strong></span> <span class='ocrx_word' id='word_1_35' title='bbox 1951 841 2089 941; x_wconf 63' lang='lat' dir='ltr'><strong>Alias,</strong></span> 
     </span>
     <span class='ocr_line' id='line_1_5' title="bbox 254 950 2056 1065; baseline 0.001 -30"><span class='ocrx_word' id='word_1_36' title='bbox 254 980 355 1035; x_wconf 78' lang='lat' dir='ltr'><strong>vero</strong></span> <span class='ocrx_word' id='word_1_37' title='bbox 382 952 503 1050; x_wconf 88' lang='lat' dir='ltr'><strong>dieat,</strong></span> <span class='ocrx_word' id='word_1_38' title='bbox 531 950 583 1033; x_wconf 90' lang='lat' dir='ltr'><strong>de</strong></span> <span class='ocrx_word' id='word_1_39' title='bbox 610 952 938 1065; x_wconf 87' lang='lat' dir='ltr'><strong>quibuscumque</strong></span> <span class='ocrx_word' id='word_1_40' title='bbox 961 954 1041 1036; x_wconf 90' lang='lat' dir='ltr'><strong>sibi</strong></span> <span class='ocrx_word' id='word_1_41' title='bbox 1069 953 1285 1065; x_wconf 87' lang='lat' dir='ltr'><strong>placuerit.</strong></span> <span class='ocrx_word' id='word_1_42' title='bbox 1309 955 1364 1035; x_wconf 84' lang='lat' dir='ltr'><strong>ln</strong></span> <span class='ocrx_word' id='word_1_43' title='bbox 1389 953 1544 1065; x_wconf 88' lang='lat' dir='ltr'><strong>quibus</strong></span> <span class='ocrx_word' id='word_1_44' title='bbox 1568 951 1768 1034; x_wconf 90' lang='lat' dir='ltr'><strong>omnibus.</strong></span> <span class='ocrx_word' id='word_1_45' title='bbox 1797 952 1874 1032; x_wconf 89' lang='lat' dir='ltr'><strong>mei</strong></span> <span class='ocrx_word' id='word_1_46' title='bbox 1910 980 2056 1036; x_wconf 91' lang='lat' dir='ltr'><strong>memo·</strong></span> 
     </span>
     <span class='ocr_line' id='line_1_6' title="bbox 252 1062 2058 1175; baseline 0.002 -30"><span class='ocrx_word' id='word_1_47' title='bbox 252 1065 357 1145; x_wconf 86' lang='lat' dir='ltr'><strong>riam</strong></span> <span class='ocrx_word' id='word_1_48' title='bbox 385 1065 532 1146; x_wconf 90' lang='lat' dir='ltr'><strong>habeat</strong></span> <span class='ocrx_word' id='word_1_49' title='bbox 557 1065 785 1175; x_wconf 82' lang='lat' dir='ltr'><strong>specialem.</strong></span> <span class='ocrx_word' id='word_1_50' title='bbox 812 1068 918 1148; x_wconf 83' lang='lat' dir='ltr'><strong>ltem</strong></span> <span class='ocrx_word' id='word_1_51' title='bbox 944 1083 990 1147; x_wconf 88' lang='lat' dir='ltr'><strong>vt</strong></span> <span class='ocrx_word' id='word_1_52' title='bbox 1017 1068 1126 1151; x_wconf 88' lang='lat' dir='ltr'><strong>idem</strong></span> <span class='ocrx_word' id='word_1_53' title='bbox 1153 1066 1325 1148; x_wconf 90' lang='lat' dir='ltr'><strong>eborum</strong></span> <span class='ocrx_word' id='word_1_54' title='bbox 1364 1067 1409 1146; x_wconf 91' lang='lat' dir='ltr'><strong>iu</strong></span> <span class='ocrx_word' id='word_1_55' title='bbox 1449 1063 1596 1148; x_wconf 90' lang='lat' dir='ltr'><strong>diebus</strong></span> <span class='ocrx_word' id='word_1_56' title='bbox 1630 1062 1788 1145; x_wconf 86' lang='lat' dir='ltr'><strong>festinis</strong></span> <span class='ocrx_word' id='word_1_57' title='bbox 1829 1062 2058 1174; x_wconf 90' lang='lat' dir='ltr'><strong>frequentet</strong></span> 
     </span>
     <span class='ocr_line' id='line_1_7' title="bbox 253 1177 2057 1290; baseline 0.001 -32"><span class='ocrx_word' id='word_1_58' title='bbox 253 1193 295 1258; x_wconf 92' lang='lat' dir='ltr'><strong>et</strong></span> <span class='ocrx_word' id='word_1_59' title='bbox 321 1177 480 1257; x_wconf 87' lang='lat' dir='ltr'><strong>intersit</strong></span> <span class='ocrx_word' id='word_1_60' title='bbox 507 1178 691 1287; x_wconf 80' lang='lat' dir='ltr'><strong>utrisque</strong></span> <span class='ocrx_word' id='word_1_61' title='bbox 718 1179 896 1288; x_wconf 74' lang='lat' dir='ltr'><strong>vesperis</strong></span> <span class='ocrx_word' id='word_1_62' title='bbox 925 1195 1052 1290; x_wconf 82' lang='lat' dir='ltr'><strong>atque</strong></span> <span class='ocrx_word' id='word_1_63' title='bbox 1089 1178 1219 1260; x_wconf 90' lang='lat' dir='ltr'><strong>misse.</strong></span> <span class='ocrx_word' id='word_1_64' title='bbox 1257 1177 1370 1258; x_wconf 89' lang='lat' dir='ltr'><strong>Volo</strong></span> <span class='ocrx_word' id='word_1_65' title='bbox 1406 1178 1587 1286; x_wconf 81' lang='lat' dir='ltr'><strong>insuper,</strong></span> <span class='ocrx_word' id='word_1_66' title='bbox 1624 1191 1670 1256; x_wconf 81' lang='lat' dir='ltr'><strong>vt</strong></span> <span class='ocrx_word' id='word_1_67' title='bbox 1713 1192 1958 1285; x_wconf 88' lang='lat' dir='ltr'><strong>procurator</strong></span> <span class='ocrx_word' id='word_1_68' title='bbox 2000 1178 2057 1259; x_wconf 90' lang='lat' dir='ltr'><strong>fa·</strong></span> 
     </span>
     <span class='ocr_line' id='line_1_8' title="bbox 236 1285 2057 1398; baseline 0.002 -30"><span class='ocrx_word' id='word_1_69' title='bbox 236 1285 363 1368; x_wconf 83' lang='lat' dir='ltr'><strong>brice</strong></span> <span class='ocrx_word' id='word_1_70' title='bbox 392 1288 558 1369; x_wconf 90' lang='lat' dir='ltr'><strong>ecclesie</strong></span> <span class='ocrx_word' id='word_1_71' title='bbox 587 1286 804 1372; x_wconf 88' lang='lat' dir='ltr'><strong>lundensis.</strong></span> <span class='ocrx_word' id='word_1_72' title='bbox 832 1306 1058 1371; x_wconf 88' lang='lat' dir='ltr'><strong>memorato</strong></span> <span class='ocrx_word' id='word_1_73' title='bbox 1089 1290 1210 1371; x_wconf 89' lang='lat' dir='ltr'><strong>altari</strong></span> <span class='ocrx_word' id='word_1_74' title='bbox 1246 1287 1303 1370; x_wconf 93' lang='lat' dir='ltr'><strong>de</strong></span> <span class='ocrx_word' id='word_1_75' title='bbox 1341 1288 1568 1398; x_wconf 87' lang='lat' dir='ltr'><strong>presbitero</strong></span> <span class='ocrx_word' id='word_1_76' title='bbox 1636 1286 1821 1370; x_wconf 90' lang='lat' dir='ltr'><strong>rouideat</strong></span> <span class='ocrx_word' id='word_1_77' title='bbox 1861 1302 1904 1368; x_wconf 90' lang='lat' dir='ltr'><strong>et</strong></span> <span class='ocrx_word' id='word_1_78' title='bbox 1944 1288 2057 1371; x_wconf 90' lang='lat' dir='ltr'><strong>insti·</strong></span> 
     </span>
     <span class='ocr_line' id='line_1_9' title="bbox 249 1316 2055 1511; baseline 0.002 -32"><span class='ocrx_word' id='word_1_79' title='bbox 249 1414 354 1479; x_wconf 88' lang='lat' dir='ltr'><strong>tuat.</strong></span> <span class='ocrx_word' id='word_1_80' title='bbox 384 1428 508 1511; x_wconf 88' lang='lat' dir='ltr'><strong>quem</strong></span> <span class='ocrx_word' id='word_1_81' title='bbox 528 1418 631 1482; x_wconf 86' lang='lat' dir='ltr'><strong>tunc</strong></span> <span class='ocrx_word' id='word_1_82' title='bbox 654 1402 766 1484; x_wconf 86' lang='lat' dir='ltr'><strong>velit.</strong></span> <span class='ocrx_word' id='word_1_83' title='bbox 791 1405 978 1484; x_wconf 86' lang='lat' dir='ltr'><strong>Preterea</strong></span> <span class='ocrx_word' id='word_1_84' title='bbox 1006 1402 1102 1511; x_wconf 86' lang='lat' dir='ltr'><strong>lego</strong></span> <span class='ocrx_word' id='word_1_85' title='bbox 1126 1400 1284 1483; x_wconf 84' lang='lat' dir='ltr'><strong>fabrice</strong></span> <span class='ocrx_word' id='word_1_86' title='bbox 1315 1399 1486 1483; x_wconf 85' lang='lat' dir='ltr'><strong>ecclesie</strong></span> <span class='ocrx_word' id='word_1_87' title='bbox 1523 1316 1731 1487; x_wconf 72' lang='lat' dir='ltr'><strong>lundhnsis</strong></span> <span class='ocrx_word' id='word_1_88' title='bbox 1769 1400 1907 1480; x_wconf 89' lang='lat' dir='ltr'><strong>omnia</strong></span> <span class='ocrx_word' id='word_1_89' title='bbox 1950 1399 2055 1482; x_wconf 92' lang='lat' dir='ltr'><strong>bona</strong></span> 
     </span>
     <span class='ocr_line' id='line_1_10' title="bbox 250 1509 2054 1622; baseline 0.002 -30"><span class='ocrx_word' id='word_1_90' title='bbox 250 1538 340 1592; x_wconf 81' lang='lat' dir='ltr'><strong>ntea</strong></span> <span class='ocrx_word' id='word_1_91' title='bbox 370 1512 414 1592; x_wconf 93' lang='lat' dir='ltr'><strong>in</strong></span> <span class='ocrx_word' id='word_1_92' title='bbox 437 1512 600 1622; x_wconf 84' lang='lat' dir='ltr'><strong>sandby</strong></span> <span class='ocrx_word' id='word_1_93' title='bbox 627 1542 721 1594; x_wconf 90' lang='lat' dir='ltr'><strong>eum</strong></span> <span class='ocrx_word' id='word_1_94' title='bbox 763 1512 979 1595; x_wconf 90' lang='lat' dir='ltr'><strong>mobilibus</strong></span> <span class='ocrx_word' id='word_1_95' title='bbox 1024 1531 1067 1597; x_wconf 88' lang='lat' dir='ltr'><strong>et</strong></span> <span class='ocrx_word' id='word_1_96' title='bbox 1106 1511 1385 1595; x_wconf 83' lang='lat' dir='ltr'><strong>immobilibus</strong></span> <span class='ocrx_word' id='word_1_97' title='bbox 1420 1510 1544 1593; x_wconf 92' lang='lat' dir='ltr'><strong>miehi</strong></span> <span class='ocrx_word' id='word_1_98' title='bbox 1584 1510 1853 1592; x_wconf 80' lang='lat' dir='ltr'><strong>attinentibus</strong></span> <span class='ocrx_word' id='word_1_99' title='bbox 1894 1509 2054 1596; x_wconf 92' lang='lat' dir='ltr'><strong>ibidem.</strong></span> 
     </span>
     <span class='ocr_line' id='line_1_11' title="bbox 250 1622 2052 1735; baseline -0.002 -32"><span class='ocrx_word' id='word_1_100' title='bbox 250 1625 316 1703; x_wconf 80' lang='lat' dir='ltr'><strong>lta</strong></span> <span class='ocrx_word' id='word_1_101' title='bbox 345 1640 480 1704; x_wconf 87' lang='lat' dir='ltr'><strong>tamen</strong></span> <span class='ocrx_word' id='word_1_102' title='bbox 520 1623 635 1735; x_wconf 91' lang='lat' dir='ltr'><strong>quod</strong></span> <span class='ocrx_word' id='word_1_103' title='bbox 676 1652 726 1706; x_wconf 83' lang='lat' dir='ltr'><strong>ex</strong></span> <span class='ocrx_word' id='word_1_104' title='bbox 752 1624 980 1707; x_wconf 88' lang='lat' dir='ltr'><strong>redditibus</strong></span> <span class='ocrx_word' id='word_1_105' title='bbox 1007 1622 1152 1707; x_wconf 89' lang='lat' dir='ltr'><strong>exinde</strong></span> <span class='ocrx_word' id='word_1_106' title='bbox 1180 1626 1519 1734; x_wconf 88' lang='lat' dir='ltr'><strong>prouenientibus</strong></span> <span class='ocrx_word' id='word_1_107' title='bbox 1545 1623 1654 1704; x_wconf 86' lang='lat' dir='ltr'><strong>.x11.</strong></span> <span class='ocrx_word' id='word_1_108' title='bbox 1679 1650 1755 1705; x_wconf 91' lang='lat' dir='ltr'><strong>ore</strong></span> <span class='ocrx_word' id='word_1_109' title='bbox 1785 1622 2052 1706; x_wconf 86' lang='lat' dir='ltr'><strong>deducantur.</strong></span> 
     </span>
     <span class='ocr_line' id='line_1_12' title="bbox 250 1734 2056 1847; baseline 0.002 -31"><span class='ocrx_word' id='word_1_110' title='bbox 250 1764 428 1847; x_wconf 88' lang='lat' dir='ltr'><strong>quarum</strong></span> <span class='ocrx_word' id='word_1_111' title='bbox 456 1765 537 1818; x_wconf 86' lang='lat' dir='ltr'><strong>vna</strong></span> <span class='ocrx_word' id='word_1_112' title='bbox 566 1736 726 1839; x_wconf 88' lang='lat' dir='ltr'><strong>marcha</strong></span> <span class='ocrx_word' id='word_1_113' title='bbox 770 1738 975 1818; x_wconf 89' lang='lat' dir='ltr'><strong>canonicis</strong></span> <span class='ocrx_word' id='word_1_114' title='bbox 1011 1735 1177 1818; x_wconf 89' lang='lat' dir='ltr'><strong>dimidia</strong></span> <span class='ocrx_word' id='word_1_115' title='bbox 1221 1764 1321 1818; x_wconf 81' lang='lat' dir='ltr'><strong>vero</strong></span> <span class='ocrx_word' id='word_1_116' title='bbox 1362 1734 1528 1817; x_wconf 89' lang='lat' dir='ltr'><strong>marcha</strong></span> <span class='ocrx_word' id='word_1_117' title='bbox 1567 1736 1731 1816; x_wconf 88' lang='lat' dir='ltr'><strong>vicariis</strong></span> <span class='ocrx_word' id='word_1_118' title='bbox 1769 1735 1913 1844; x_wconf 90' lang='lat' dir='ltr'><strong>quiin</strong></span> <span class='ocrx_word' id='word_1_119' title='bbox 1941 1738 2056 1820; x_wconf 90' lang='lat' dir='ltr'><strong>anni·</strong></span> 
     </span>
     <span class='ocr_line' id='line_1_13' title="bbox 249 1844 2055 1957; baseline 0.002 -30"><span class='ocrx_word' id='word_1_120' title='bbox 249 1849 432 1929; x_wconf 89' lang='lat' dir='ltr'><strong>uersario</strong></span> <span class='ocrx_word' id='word_1_121' title='bbox 462 1876 552 1930; x_wconf 92' lang='lat' dir='ltr'><strong>meo</strong></span> <span class='ocrx_word' id='word_1_122' title='bbox 581 1850 726 1957; x_wconf 87' lang='lat' dir='ltr'><strong>vigiliis</strong></span> <span class='ocrx_word' id='word_1_123' title='bbox 754 1866 795 1931; x_wconf 92' lang='lat' dir='ltr'><strong>et</strong></span> <span class='ocrx_word' id='word_1_124' title='bbox 823 1852 939 1930; x_wconf 90' lang='lat' dir='ltr'><strong>misse</strong></span> <span class='ocrx_word' id='word_1_125' title='bbox 988 1848 1250 1931; x_wconf 88' lang='lat' dir='ltr'><strong>interfuerint</strong></span> <span class='ocrx_word' id='word_1_126' title='bbox 1297 1846 1535 1929; x_wconf 87' lang='lat' dir='ltr'><strong>diuideutur</strong></span> <span class='ocrx_word' id='word_1_127' title='bbox 1578 1844 1716 1946; x_wconf 84' lang='lat' dir='ltr'><strong>modo,</strong></span> <span class='ocrx_word' id='word_1_128' title='bbox 1759 1872 1844 1957; x_wconf 93' lang='lat' dir='ltr'><strong>quo</strong></span> <span class='ocrx_word' id='word_1_129' title='bbox 1886 1850 2055 1954; x_wconf 77' lang='lat' dir='ltr'><strong>poterit,</strong></span> 
     </span>
     <span class='ocr_line' id='line_1_14' title="bbox 248 1954 2055 2074; baseline -0.001 -33"><span class='ocrx_word' id='word_1_130' title='bbox 248 1960 432 2069; x_wconf 81' lang='lat' dir='ltr'><strong>equiori:</strong></span> <span class='ocrx_word' id='word_1_131' title='bbox 458 1963 561 2043; x_wconf 89' lang='lat' dir='ltr'><strong>Jtem</strong></span> <span class='ocrx_word' id='word_1_132' title='bbox 590 1958 753 2043; x_wconf 88' lang='lat' dir='ltr'><strong>dimidia</strong></span> <span class='ocrx_word' id='word_1_133' title='bbox 777 1962 938 2042; x_wconf 88' lang='lat' dir='ltr'><strong>marcha</strong></span> <span class='ocrx_word' id='word_1_134' title='bbox 967 1960 1018 2042; x_wconf 90' lang='lat' dir='ltr'><strong>ad</strong></span> <span class='ocrx_word' id='word_1_135' title='bbox 1053 1960 1324 2044; x_wconf 89' lang='lat' dir='ltr'><strong>offerendum.</strong></span> <span class='ocrx_word' id='word_1_136' title='bbox 1361 1962 1467 2041; x_wconf 84' lang='lat' dir='ltr'><strong>ltem</strong></span> <span class='ocrx_word' id='word_1_137' title='bbox 1502 1954 1666 2039; x_wconf 88' lang='lat' dir='ltr'><strong>dimidia</strong></span> <span class='ocrx_word' id='word_1_138' title='bbox 1703 1958 1867 2074; x_wconf 71' lang='lat' dir='ltr'><strong>marcha</strong></span> <span class='ocrx_word' id='word_1_139' title='bbox 1901 1986 2055 2070; x_wconf 89' lang='lat' dir='ltr'><strong>paupe-</strong></span> 
     </span>
     <span class='ocr_line' id='line_1_15' title="bbox 247 2068 2054 2181; baseline 0.001 -30"><span class='ocrx_word' id='word_1_140' title='bbox 247 2072 363 2174; x_wconf 83' lang='lat' dir='ltr'><strong>ribus</strong></span> <span class='ocrx_word' id='word_1_141' title='bbox 391 2072 614 2155; x_wconf 80' lang='lat' dir='ltr'><strong>scolaribus</strong></span> <span class='ocrx_word' id='word_1_142' title='bbox 638 2092 837 2181; x_wconf 87' lang='lat' dir='ltr'><strong>erogetur.</strong></span> <span class='ocrx_word' id='word_1_143' title='bbox 864 2072 1085 2155; x_wconf 88' lang='lat' dir='ltr'><strong>Residuum</strong></span> <span class='ocrx_word' id='word_1_144' title='bbox 1112 2100 1211 2154; x_wconf 86' lang='lat' dir='ltr'><strong>vero</strong></span> <span class='ocrx_word' id='word_1_145' title='bbox 1239 2072 1392 2153; x_wconf 82' lang='lat' dir='ltr'><strong>fabrice</strong></span> <span class='ocrx_word' id='word_1_146' title='bbox 1432 2088 1479 2154; x_wconf 85' lang='lat' dir='ltr'><strong>vt</strong></span> <span class='ocrx_word' id='word_1_147' title='bbox 1520 2086 1748 2180; x_wconf 89' lang='lat' dir='ltr'><strong>pretactum</strong></span> <span class='ocrx_word' id='word_1_148' title='bbox 1792 2068 1885 2151; x_wconf 90' lang='lat' dir='ltr'><strong>fuit.</strong></span> <span class='ocrx_word' id='word_1_149' title='bbox 1926 2071 2054 2153; x_wconf 90' lang='lat' dir='ltr'><strong>libere</strong></span> 
     </span>
     <span class='ocr_line' id='line_1_16' title="bbox 149 2180 2055 2293; baseline -0.002 -26"><span class='ocrx_word' id='word_1_150' title='bbox 149 2220 154 2225; x_wconf 95' lang='lat'>·</span> <span class='ocrx_word' id='word_1_151' title='bbox 247 2180 376 2267; x_wconf 85' lang='lat' dir='ltr'><strong>cedat.</strong></span> <span class='ocrx_word' id='word_1_152' title='bbox 433 2186 539 2265; x_wconf 87' lang='lat' dir='ltr'><strong>Jtem</strong></span> <span class='ocrx_word' id='word_1_153' title='bbox 567 2185 661 2293; x_wconf 86' lang='lat' dir='ltr'><strong>lego</strong></span> <span class='ocrx_word' id='word_1_154' title='bbox 686 2186 864 2265; x_wconf 90' lang='lat' dir='ltr'><strong>elaustro</strong></span> <span class='ocrx_word' id='word_1_155' title='bbox 888 2187 936 2281; x_wconf 88' lang='lat' dir='ltr'><strong>in</strong></span> <span class='ocrx_word' id='word_1_156' title='bbox 964 2186 1099 2293; x_wconf 90' lang='lat' dir='ltr'><strong>Dalby</strong></span> <span class='ocrx_word' id='word_1_157' title='bbox 1129 2185 1220 2264; x_wconf 90' lang='lat' dir='ltr'><strong>IIII.</strong></span> <span class='ocrx_word' id='word_1_158' title='bbox 1249 2182 1454 2280; x_wconf 82' lang='lat' dir='ltr'><strong>marchas,</strong></span> <span class='ocrx_word' id='word_1_159' title='bbox 1489 2183 1669 2265; x_wconf 86' lang='lat' dir='ltr'><strong>claustro</strong></span> <span class='ocrx_word' id='word_1_160' title='bbox 1704 2183 1748 2263; x_wconf 93' lang='lat' dir='ltr'><strong>in</strong></span> <span class='ocrx_word' id='word_1_161' title='bbox 1782 2180 1914 2274; x_wconf 68' lang='lat' dir='ltr'><strong>ewith</strong></span> <span class='ocrx_word' id='word_1_162' title='bbox 1951 2210 2055 2264; x_wconf 85' lang='lat' dir='ltr'><strong>mar·</strong></span> 
     </span>
     <span class='ocr_line' id='line_1_17' title="bbox 247 2291 2053 2405; baseline 0.001 -32"><span class='ocrx_word' id='word_1_163' title='bbox 247 2294 379 2390; x_wconf 66' lang='lat' dir='ltr'><strong>cham,</strong></span> <span class='ocrx_word' id='word_1_164' title='bbox 405 2294 595 2376; x_wconf 90' lang='lat' dir='ltr'><strong>Claustro</strong></span> <span class='ocrx_word' id='word_1_165' title='bbox 623 2300 665 2377; x_wconf 92' lang='lat' dir='ltr'><strong>in</strong></span> <span class='ocrx_word' id='word_1_166' title='bbox 693 2298 943 2405; x_wconf 88' lang='lat' dir='ltr'><strong>tumaethorp</strong></span> <span class='ocrx_word' id='word_1_167' title='bbox 967 2325 1161 2395; x_wconf 88' lang='lat' dir='ltr'><strong>marcam,</strong></span> <span class='ocrx_word' id='word_1_168' title='bbox 1202 2295 1382 2377; x_wconf 90' lang='lat' dir='ltr'><strong>elaustro</strong></span> <span class='ocrx_word' id='word_1_169' title='bbox 1423 2295 1468 2375; x_wconf 93' lang='lat' dir='ltr'><strong>in</strong></span> <span class='ocrx_word' id='word_1_170' title='bbox 1509 2291 1828 2400; x_wconf 79' lang='lat' dir='ltr'><strong>baecltaesltougb.</strong></span> <span class='ocrx_word' id='word_1_171' title='bbox 1858 2320 2053 2393; x_wconf 84' lang='lat' dir='ltr'><strong>marcam,</strong></span> 
     </span>
     <span class='ocr_line' id='line_1_18' title="bbox 246 2404 2053 2503; baseline 0.001 -19"><span class='ocrx_word' id='word_1_172' title='bbox 246 2404 399 2485; x_wconf 92' lang='lat' dir='ltr'><strong>Griseis</strong></span> <span class='ocrx_word' id='word_1_173' title='bbox 428 2406 635 2488; x_wconf 88' lang='lat' dir='ltr'><strong>monachis</strong></span> <span class='ocrx_word' id='word_1_174' title='bbox 662 2405 711 2487; x_wconf 92' lang='lat' dir='ltr'><strong>de</strong></span> <span class='ocrx_word' id='word_1_175' title='bbox 739 2406 958 2489; x_wconf 82' lang='lat' dir='ltr'><strong>heerwado.</strong></span> <span class='ocrx_word' id='word_1_176' title='bbox 983 2409 1077 2491; x_wconf 93' lang='lat' dir='ltr'><strong>IIII.</strong></span> <span class='ocrx_word' id='word_1_177' title='bbox 1102 2435 1274 2502; x_wconf 88' lang='lat' dir='ltr'><strong>marcas,</strong></span> <span class='ocrx_word' id='word_1_178' title='bbox 1302 2406 1479 2487; x_wconf 90' lang='lat' dir='ltr'><strong>elaustro</strong></span> <span class='ocrx_word' id='word_1_179' title='bbox 1506 2406 1548 2486; x_wconf 92' lang='lat' dir='ltr'><strong>in</strong></span> <span class='ocrx_word' id='word_1_180' title='bbox 1578 2406 1687 2492; x_wconf 84' lang='lat' dir='ltr'><strong>bosae</strong></span> <span class='ocrx_word' id='word_1_181' title='bbox 1713 2432 1907 2503; x_wconf 90' lang='lat' dir='ltr'><strong>marcam,</strong></span> <span class='ocrx_word' id='word_1_182' title='bbox 1942 2405 2053 2488; x_wconf 89' lang='lat' dir='ltr'><strong>clau·</strong></span> 
     </span>
     <span class='ocr_line' id='line_1_19' title="bbox 245 2516 2054 2627; baseline 0 -30"><span class='ocrx_word' id='word_1_183' title='bbox 245 2531 331 2597; x_wconf 91' lang='lat' dir='ltr'><strong>stro</strong></span> <span class='ocrx_word' id='word_1_184' title='bbox 360 2520 402 2597; x_wconf 92' lang='lat' dir='ltr'><strong>in</strong></span> <span class='ocrx_word' id='word_1_185' title='bbox 431 2516 673 2627; x_wconf 87' lang='lat' dir='ltr'><strong>byrthiugae.</strong></span> <span class='ocrx_word' id='word_1_186' title='bbox 698 2548 872 2602; x_wconf 90' lang='lat' dir='ltr'><strong>marcam</strong></span> <span class='ocrx_word' id='word_1_187' title='bbox 900 2519 1088 2602; x_wconf 84' lang='lat' dir='ltr'><strong>Claustro</strong></span> <span class='ocrx_word' id='word_1_188' title='bbox 1114 2519 1170 2602; x_wconf 91' lang='lat' dir='ltr'><strong>de</strong></span> <span class='ocrx_word' id='word_1_189' title='bbox 1194 2517 1306 2599; x_wconf 87' lang='lat' dir='ltr'><strong>asilu.</strong></span> <span class='ocrx_word' id='word_1_190' title='bbox 1337 2544 1512 2597; x_wconf 93' lang='lat' dir='ltr'><strong>marcam</strong></span> <span class='ocrx_word' id='word_1_191' title='bbox 1540 2516 1722 2598; x_wconf 88' lang='lat' dir='ltr'><strong>elaustro</strong></span> <span class='ocrx_word' id='word_1_192' title='bbox 1750 2516 1933 2597; x_wconf 91' lang='lat' dir='ltr'><strong>omnium</strong></span> <span class='ocrx_word' id='word_1_193' title='bbox 1965 2544 2054 2598; x_wconf 90' lang='lat' dir='ltr'><strong>san·</strong></span> 
     </span>
     <span class='ocr_line' id='line_1_20' title="bbox 142 2624 2057 2738; baseline 0.001 -30"><span class='ocrx_word' id='word_1_194' title='bbox 142 2708 155 2721; x_wconf 66' lang='lat'><strong>..</strong></span> <span class='ocrx_word' id='word_1_195' title='bbox 245 2644 405 2731; x_wconf 81' lang='lat' dir='ltr'><strong>uterum</strong></span> <span class='ocrx_word' id='word_1_196' title='bbox 433 2627 569 2709; x_wconf 91' lang='lat' dir='ltr'><strong>lundis</strong></span> <span class='ocrx_word' id='word_1_197' title='bbox 599 2657 786 2712; x_wconf 89' lang='lat' dir='ltr'><strong>marcam.</strong></span> <span class='ocrx_word' id='word_1_198' title='bbox 839 2631 1021 2712; x_wconf 86' lang='lat' dir='ltr'><strong>Cuilibet</strong></span> <span class='ocrx_word' id='word_1_199' title='bbox 1045 2630 1215 2712; x_wconf 85' lang='lat' dir='ltr'><strong>ecclesie</strong></span> <span class='ocrx_word' id='word_1_200' title='bbox 1238 2628 1483 2737; x_wconf 83' lang='lat' dir='ltr'><strong>parrochiali</strong></span> <span class='ocrx_word' id='word_1_201' title='bbox 1511 2626 1661 2710; x_wconf 91' lang='lat' dir='ltr'><strong>ibidem</strong></span> <span class='ocrx_word' id='word_1_202' title='bbox 1690 2624 1793 2709; x_wconf 87' lang='lat' dir='ltr'><strong>duas</strong></span> <span class='ocrx_word' id='word_1_203' title='bbox 1821 2654 1913 2708; x_wconf 89' lang='lat' dir='ltr'><strong>oras</strong></span> <span class='ocrx_word' id='word_1_204' title='bbox 1941 2655 2057 2738; x_wconf 88' lang='lat' dir='ltr'><strong>pres·</strong></span> 
     </span>
     <span class='ocr_line' id='line_1_21' title="bbox 242 2736 2054 2849; baseline 0.001 -31"><span class='ocrx_word' id='word_1_205' title='bbox 242 2736 386 2819; x_wconf 83' lang='lat' dir='ltr'><strong>biteris</strong></span> <span class='ocrx_word' id='word_1_206' title='bbox 413 2738 643 2822; x_wconf 90' lang='lat' dir='ltr'><strong>earundem.</strong></span> <span class='ocrx_word' id='word_1_207' title='bbox 672 2743 840 2848; x_wconf 81' lang='lat' dir='ltr'><strong>cuilibet</strong></span> <span class='ocrx_word' id='word_1_208' title='bbox 867 2759 1040 2824; x_wconf 90' lang='lat' dir='ltr'><strong>tantum.</strong></span> <span class='ocrx_word' id='word_1_209' title='bbox 1066 2756 1232 2849; x_wconf 85' lang='lat' dir='ltr'><strong>exceptu</strong></span> <span class='ocrx_word' id='word_1_210' title='bbox 1268 2740 1436 2830; x_wconf 83' lang='lat' dir='ltr'><strong>eeclesia</strong></span> <span class='ocrx_word' id='word_1_211' title='bbox 1470 2739 1514 2820; x_wconf 92' lang='lat' dir='ltr'><strong>in</strong></span> <span class='ocrx_word' id='word_1_212' title='bbox 1549 2738 1630 2819; x_wconf 89' lang='lat' dir='ltr'><strong>lata</strong></span> <span class='ocrx_word' id='word_1_213' title='bbox 1667 2737 1815 2846; x_wconf 89' lang='lat' dir='ltr'><strong>platea.</strong></span> <span class='ocrx_word' id='word_1_214' title='bbox 1852 2738 1919 2820; x_wconf 90' lang='lat' dir='ltr'><strong>eui</strong></span> <span class='ocrx_word' id='word_1_215' title='bbox 1958 2767 2054 2822; x_wconf 91' lang='lat' dir='ltr'><strong>con·</strong></span> 
     </span>
     <span class='ocr_line' id='line_1_22' title="bbox 240 2847 2130 2956; baseline 0.001 -27"><span class='ocrx_word' id='word_1_216' title='bbox 240 2850 332 2941; x_wconf 82' lang='lat' dir='ltr'><strong>fero</strong></span> <span class='ocrx_word' id='word_1_217' title='bbox 360 2848 458 2931; x_wconf 91' lang='lat' dir='ltr'><strong>duas</strong></span> <span class='ocrx_word' id='word_1_218' title='bbox 486 2852 682 2932; x_wconf 77' lang='lat' dir='ltr'><strong>marchas.</strong></span> <span class='ocrx_word' id='word_1_219' title='bbox 710 2852 911 2936; x_wconf 89' lang='lat' dir='ltr'><strong>sacerdoti</strong></span> <span class='ocrx_word' id='word_1_220' title='bbox 939 2856 1036 2937; x_wconf 90' lang='lat' dir='ltr'><strong>eius.</strong></span> <span class='ocrx_word' id='word_1_221' title='bbox 1081 2880 1257 2933; x_wconf 89' lang='lat' dir='ltr'><strong>marcam</strong></span> <span class='ocrx_word' id='word_1_222' title='bbox 1297 2868 1340 2934; x_wconf 90' lang='lat' dir='ltr'><strong>et</strong></span> <span class='ocrx_word' id='word_1_223' title='bbox 1379 2847 1571 2956; x_wconf 88' lang='lat' dir='ltr'><strong>dyacono</strong></span> <span class='ocrx_word' id='word_1_224' title='bbox 1605 2848 1757 2932; x_wconf 90' lang='lat' dir='ltr'><strong>ibidem</strong></span> <span class='ocrx_word' id='word_1_225' title='bbox 1805 2848 1905 2931; x_wconf 90' lang='lat' dir='ltr'><strong>duas</strong></span> <span class='ocrx_word' id='word_1_226' title='bbox 1946 2876 2054 2931; x_wconf 87' lang='lat' dir='ltr'><strong>oras.</strong></span> <span class='ocrx_word' id='word_1_227' title='bbox 2121 2902 2130 2911; x_wconf 84' lang='lat'><strong>·</strong></span> 
     </span>
     <span class='ocr_line' id='line_1_23' title="bbox 245 2960 2057 3076; baseline 0 -32"><span class='ocrx_word' id='word_1_228' title='bbox 245 2962 422 3045; x_wconf 88' lang='lat' dir='ltr'><strong>elaustro</strong></span> <span class='ocrx_word' id='word_1_229' title='bbox 445 2964 682 3046; x_wconf 90' lang='lat' dir='ltr'><strong>monialium</strong></span> <span class='ocrx_word' id='word_1_230' title='bbox 708 2972 840 3050; x_wconf 89' lang='lat' dir='ltr'><strong>sancti</strong></span> <span class='ocrx_word' id='word_1_231' title='bbox 867 2968 975 3076; x_wconf 89' lang='lat' dir='ltr'><strong>petri</strong></span> <span class='ocrx_word' id='word_1_232' title='bbox 1004 2964 1141 3046; x_wconf 91' lang='lat' dir='ltr'><strong>lundis</strong></span> <span class='ocrx_word' id='word_1_233' title='bbox 1169 2989 1358 3054; x_wconf 88' lang='lat' dir='ltr'><strong>marcam.</strong></span> <span class='ocrx_word' id='word_1_234' title='bbox 1388 2960 1567 3046; x_wconf 88' lang='lat' dir='ltr'><strong>Ecclesie</strong></span> <span class='ocrx_word' id='word_1_235' title='bbox 1601 2987 1686 3044; x_wconf 86' lang='lat' dir='ltr'><strong>aus.</strong></span> <span class='ocrx_word' id='word_1_236' title='bbox 1712 2989 1897 3044; x_wconf 92' lang='lat' dir='ltr'><strong>marcam.</strong></span> <span class='ocrx_word' id='word_1_237' title='bbox 1925 2963 2057 3046; x_wconf 83' lang='lat' dir='ltr'><strong>eccle·</strong></span> 
     </span>
     <span class='ocr_line' id='line_1_24' title="bbox 243 3072 2143 3184; baseline -0.001 -30"><span class='ocrx_word' id='word_1_238' title='bbox 243 3076 301 3156; x_wconf 91' lang='lat' dir='ltr'><strong>sie</strong></span> <span class='ocrx_word' id='word_1_239' title='bbox 329 3074 606 3184; x_wconf 71' lang='lat' dir='ltr'><strong>aellaelsppinge</strong></span> <span class='ocrx_word' id='word_1_240' title='bbox 649 3105 845 3174; x_wconf 76' lang='lat' dir='ltr'><strong>marcam,</strong></span> <span class='ocrx_word' id='word_1_241' title='bbox 885 3077 1062 3157; x_wconf 87' lang='lat' dir='ltr'><strong>Ecclesie</strong></span> <span class='ocrx_word' id='word_1_242' title='bbox 1111 3100 1223 3156; x_wconf 83' lang='lat' dir='ltr'><strong>asum</strong></span> <span class='ocrx_word' id='word_1_243' title='bbox 1265 3073 1366 3158; x_wconf 89' lang='lat' dir='ltr'><strong>duas</strong></span> <span class='ocrx_word' id='word_1_244' title='bbox 1407 3072 1594 3154; x_wconf 89' lang='lat' dir='ltr'><strong>marchas</strong></span> <span class='ocrx_word' id='word_1_245' title='bbox 1640 3073 1823 3155; x_wconf 88' lang='lat' dir='ltr'><strong>Cuilibet</strong></span> <span class='ocrx_word' id='word_1_246' title='bbox 1860 3075 2056 3183; x_wconf 89' lang='lat' dir='ltr'><strong>hospitali</strong></span> <span class='ocrx_word' id='word_1_247' title='bbox 2142 3108 2143 3113; x_wconf 41' lang='lat'>¹</span> 
     </span>
     <span class='ocr_line' id='line_1_25' title="bbox 242 3182 2052 3296; baseline 0.001 -30"><span class='ocrx_word' id='word_1_248' title='bbox 242 3185 496 3295; x_wconf 87' lang='lat' dir='ltr'><strong>leprosorum</strong></span> <span class='ocrx_word' id='word_1_249' title='bbox 525 3189 568 3268; x_wconf 94' lang='lat' dir='ltr'><strong>in</strong></span> <span class='ocrx_word' id='word_1_250' title='bbox 596 3185 747 3268; x_wconf 85' lang='lat' dir='ltr'><strong>skania.</strong></span> <span class='ocrx_word' id='word_1_251' title='bbox 778 3185 882 3268; x_wconf 89' lang='lat' dir='ltr'><strong>duas</strong></span> <span class='ocrx_word' id='word_1_252' title='bbox 907 3215 1011 3269; x_wconf 90' lang='lat' dir='ltr'><strong>oras.</strong></span> <span class='ocrx_word' id='word_1_253' title='bbox 1040 3187 1230 3294; x_wconf 89' lang='lat' dir='ltr'><strong>hospitali</strong></span> <span class='ocrx_word' id='word_1_254' title='bbox 1257 3187 1388 3268; x_wconf 89' lang='lat' dir='ltr'><strong>saneti</strong></span> <span class='ocrx_word' id='word_1_255' title='bbox 1421 3186 1592 3296; x_wconf 89' lang='lat' dir='ltr'><strong>spiritus</strong></span> <span class='ocrx_word' id='word_1_256' title='bbox 1616 3184 1763 3267; x_wconf 92' lang='lat' dir='ltr'><strong>lundis.</strong></span> <span class='ocrx_word' id='word_1_257' title='bbox 1807 3182 1908 3266; x_wconf 91' lang='lat' dir='ltr'><strong>duas</strong></span> <span class='ocrx_word' id='word_1_258' title='bbox 1948 3214 2052 3267; x_wconf 86' lang='lat' dir='ltr'><strong>oras.</strong></span> 
     </span>
     <span class='ocr_line' id='line_1_26' title="bbox 238 3295 2055 3407; baseline 0 -29"><span class='ocrx_word' id='word_1_259' title='bbox 238 3295 438 3394; x_wconf 80' lang='lat' dir='ltr'><strong>fratribus</strong></span> <span class='ocrx_word' id='word_1_260' title='bbox 467 3298 793 3407; x_wconf 84' lang='lat' dir='ltr'><strong>predicatoribus</strong></span> <span class='ocrx_word' id='word_1_261' title='bbox 821 3296 967 3380; x_wconf 89' lang='lat' dir='ltr'><strong>lundis.</strong></span> <span class='ocrx_word' id='word_1_262' title='bbox 995 3296 1199 3381; x_wconf 90' lang='lat' dir='ltr'><strong>dimidiam</strong></span> <span class='ocrx_word' id='word_1_263' title='bbox 1227 3299 1441 3380; x_wconf 91' lang='lat' dir='ltr'><strong>marcham.</strong></span> <span class='ocrx_word' id='word_1_264' title='bbox 1459 3295 1678 3378; x_wconf 76' lang='lat' dir='ltr'><strong>fratribus</strong></span> <span class='ocrx_word' id='word_1_265' title='bbox 1713 3297 1940 3379; x_wconf 91' lang='lat' dir='ltr'><strong>minoribus</strong></span> <span class='ocrx_word' id='word_1_266' title='bbox 1978 3301 2055 3381; x_wconf 88' lang='lat' dir='ltr'><strong>ibi·</strong></span> 
     </span>
     <span class='ocr_line' id='line_1_27' title="bbox 244 3405 2053 3519; baseline 0 -29"><span class='ocrx_word' id='word_1_267' title='bbox 244 3407 350 3490; x_wconf 90' lang='lat' dir='ltr'><strong>dem.</strong></span> <span class='ocrx_word' id='word_1_268' title='bbox 376 3424 550 3490; x_wconf 88' lang='lat' dir='ltr'><strong>tantum.</strong></span> <span class='ocrx_word' id='word_1_269' title='bbox 591 3408 785 3492; x_wconf 86' lang='lat' dir='ltr'><strong>fratribus</strong></span> <span class='ocrx_word' id='word_1_270' title='bbox 815 3410 1039 3492; x_wconf 88' lang='lat' dir='ltr'><strong>minoribus</strong></span> <span class='ocrx_word' id='word_1_271' title='bbox 1067 3411 1112 3491; x_wconf 89' lang='lat' dir='ltr'><strong>in</strong></span> <span class='ocrx_word' id='word_1_272' title='bbox 1141 3409 1409 3519; x_wconf 81' lang='lat' dir='ltr'><strong>traelaeburgb.</strong></span> <span class='ocrx_word' id='word_1_273' title='bbox 1460 3405 1668 3489; x_wconf 86' lang='lat' dir='ltr'><strong>dimidiam</strong></span> <span class='ocrx_word' id='word_1_274' title='bbox 1702 3407 1917 3492; x_wconf 88' lang='lat' dir='ltr'><strong>marcham.</strong></span> <span class='ocrx_word' id='word_1_275' title='bbox 1971 3410 2053 3490; x_wconf 92' lang='lat' dir='ltr'><strong>fra·</strong></span> 
     </span>
     <span class='ocr_line' id='line_1_28' title="bbox 148 3517 2054 3630; baseline 0.001 -30"><span class='ocrx_word' id='word_1_276' title='bbox 148 3609 155 3619; x_wconf 53' lang='lat'>‚</span> <span class='ocrx_word' id='word_1_277' title='bbox 240 3520 379 3600; x_wconf 89' lang='lat' dir='ltr'><strong>tribus</strong></span> <span class='ocrx_word' id='word_1_278' title='bbox 401 3520 628 3601; x_wconf 90' lang='lat' dir='ltr'><strong>minoribus</strong></span> <span class='ocrx_word' id='word_1_279' title='bbox 664 3525 706 3602; x_wconf 94' lang='lat' dir='ltr'><strong>in</strong></span> <span class='ocrx_word' id='word_1_280' title='bbox 748 3521 940 3604; x_wconf 88' lang='lat' dir='ltr'><strong>Ystathae.</strong></span> <span class='ocrx_word' id='word_1_281' title='bbox 986 3538 1159 3604; x_wconf 87' lang='lat' dir='ltr'><strong>tanturn.</strong></span> <span class='ocrx_word' id='word_1_282' title='bbox 1190 3519 1385 3602; x_wconf 85' lang='lat' dir='ltr'><strong>fratribus</strong></span> <span class='ocrx_word' id='word_1_283' title='bbox 1412 3517 1737 3630; x_wconf 87' lang='lat' dir='ltr'><strong>predicatoribus</strong></span> <span class='ocrx_word' id='word_1_284' title='bbox 1765 3522 1806 3600; x_wconf 92' lang='lat' dir='ltr'><strong>in</strong></span> <span class='ocrx_word' id='word_1_285' title='bbox 1835 3547 1906 3601; x_wconf 91' lang='lat' dir='ltr'><strong>aos</strong></span> <span class='ocrx_word' id='word_1_286' title='bbox 1935 3518 2054 3603; x_wconf 90' lang='lat' dir='ltr'><strong>dimi·</strong></span> 
     </span>
     <span class='ocr_line' id='line_1_29' title="bbox 159 3627 2053 3740; baseline 0.001 -27"><span class='ocrx_word' id='word_1_287' title='bbox 159 3684 162 3691; x_wconf 58' lang='lat'><em>«</em></span> <span class='ocrx_word' id='word_1_288' title='bbox 241 3627 351 3713; x_wconf 87' lang='lat' dir='ltr'><strong>diam</strong></span> <span class='ocrx_word' id='word_1_289' title='bbox 378 3632 594 3712; x_wconf 87' lang='lat' dir='ltr'><strong>marcham.</strong></span> <span class='ocrx_word' id='word_1_290' title='bbox 625 3631 821 3714; x_wconf 88' lang='lat' dir='ltr'><strong>fratribus</strong></span> <span class='ocrx_word' id='word_1_291' title='bbox 879 3631 1170 3714; x_wconf 88' lang='lat' dir='ltr'><strong>redicatorihus</strong></span> <span class='ocrx_word' id='word_1_292' title='bbox 1198 3634 1242 3712; x_wconf 91' lang='lat' dir='ltr'><strong>in</strong></span> <span class='ocrx_word' id='word_1_293' title='bbox 1268 3630 1575 3740; x_wconf 80' lang='lat' dir='ltr'><strong>haelsiugburgh</strong></span> <span class='ocrx_word' id='word_1_294' title='bbox 1602 3647 1775 3712; x_wconf 85' lang='lat' dir='ltr'><strong>tantum.</strong></span> <span class='ocrx_word' id='word_1_295' title='bbox 1810 3629 1877 3712; x_wconf 75' lang='lat' dir='ltr'><strong>nd</strong></span> <span class='ocrx_word' id='word_1_296' title='bbox 1903 3631 2053 3716; x_wconf 92' lang='lat' dir='ltr'><strong>horum</strong></span> 
     </span>
     <span class='ocr_line' id='line_1_30' title="bbox 140 3663 2052 3856; baseline 0 -31"><span class='ocrx_word' id='word_1_297' title='bbox 140 3765 146 3776; x_wconf 88' lang='grc'><em>’</em></span> <span class='ocrx_word' id='word_1_298' title='bbox 240 3741 490 3825; x_wconf 89' lang='lat' dir='ltr'><strong>solucionem</strong></span> <span class='ocrx_word' id='word_1_299' title='bbox 518 3744 654 3852; x_wconf 86' lang='lat' dir='ltr'><strong>obligo</strong></span> <span class='ocrx_word' id='word_1_300' title='bbox 683 3745 818 3825; x_wconf 91' lang='lat' dir='ltr'><strong>omnia</strong></span> <span class='ocrx_word' id='word_1_301' title='bbox 847 3663 954 3826; x_wconf 72' lang='lat' dir='ltr'><strong>bona</strong></span> <span class='ocrx_word' id='word_1_302' title='bbox 982 3773 1068 3826; x_wconf 89' lang='lat' dir='ltr'><strong>mea</strong></span> <span class='ocrx_word' id='word_1_303' title='bbox 1100 3744 1264 3843; x_wconf 81' lang='lat' dir='ltr'><strong>mobilia</strong></span> <span class='ocrx_word' id='word_1_304' title='bbox 1304 3771 1384 3856; x_wconf 90' lang='lat' dir='ltr'><strong>que</strong></span> <span class='ocrx_word' id='word_1_305' title='bbox 1425 3742 1562 3823; x_wconf 86' lang='lat' dir='ltr'><strong>habeo</strong></span> <span class='ocrx_word' id='word_1_306' title='bbox 1599 3743 1644 3822; x_wconf 91' lang='lat' dir='ltr'><strong>in</strong></span> <span class='ocrx_word' id='word_1_307' title='bbox 1685 3740 1826 3823; x_wconf 89' lang='lat' dir='ltr'><strong>fundis</strong></span> <span class='ocrx_word' id='word_1_308' title='bbox 1866 3747 2052 3853; x_wconf 78' lang='lat' dir='ltr'><strong>preposi-</strong></span> 
     </span>
     <span class='ocr_line' id='line_1_31' title="bbox 238 3853 2054 3941; baseline 0.002 -7"><span class='ocrx_word' id='word_1_309' title='bbox 238 3871 332 3935; x_wconf 90' lang='lat' dir='ltr'><strong>ture</strong></span> <span class='ocrx_word' id='word_1_310' title='bbox 361 3871 401 3935; x_wconf 85' lang='lat' dir='ltr'><strong>et</strong></span> <span class='ocrx_word' id='word_1_311' title='bbox 422 3858 592 3937; x_wconf 85' lang='lat' dir='ltr'><strong>canonic</strong></span> <span class='ocrx_word' id='word_1_312' title='bbox 620 3875 660 3936; x_wconf 90' lang='lat' dir='ltr'><strong>et</strong></span> <span class='ocrx_word' id='word_1_313' title='bbox 688 3855 946 3941; x_wconf 86' lang='lat' dir='ltr'><strong>ecclesiarum</strong></span> <span class='ocrx_word' id='word_1_314' title='bbox 979 3858 1022 3937; x_wconf 92' lang='lat' dir='ltr'><strong>in</strong></span> <span class='ocrx_word' id='word_1_315' title='bbox 1050 3857 1197 3936; x_wconf 90' lang='lat' dir='ltr'><strong>scania.</strong></span> <span class='ocrx_word' id='word_1_316' title='bbox 1224 3858 1332 3936; x_wconf 88' lang='lat' dir='ltr'><strong>ltem</strong></span> <span class='ocrx_word' id='word_1_317' title='bbox 1365 3854 1535 3935; x_wconf 89' lang='lat' dir='ltr'><strong>confero</strong></span> <span class='ocrx_word' id='word_1_318' title='bbox 1573 3853 1742 3935; x_wconf 88' lang='lat' dir='ltr'><strong>ecclesie</strong></span> <span class='ocrx_word' id='word_1_319' title='bbox 1779 3855 1909 3936; x_wconf 88' lang='lat' dir='ltr'><strong>saneti</strong></span> <span class='ocrx_word' id='word_1_320' title='bbox 1955 3854 2054 3938; x_wconf 91' lang='lat' dir='ltr'><strong>lucii</strong></span> 
     </span>
     <span class='ocr_line' id='line_1_32' title="bbox 239 3962 2051 4078; baseline 0.001 -31"><span class='ocrx_word' id='word_1_321' title='bbox 239 3965 459 4048; x_wconf 77' lang='lat' dir='ltr'><strong>Roslrildisl</strong></span> <span class='ocrx_word' id='word_1_322' title='bbox 474 3967 525 4050; x_wconf 91' lang='lat' dir='ltr'><strong>X.</strong></span> <span class='ocrx_word' id='word_1_323' title='bbox 554 3967 736 4048; x_wconf 87' lang='lat' dir='ltr'><strong>marchas</strong></span> <span class='ocrx_word' id='word_1_324' title='bbox 764 3965 855 4049; x_wconf 90' lang='lat' dir='ltr'><strong>den.</strong></span> <span class='ocrx_word' id='word_1_325' title='bbox 884 3965 1225 4078; x_wconf 80' lang='lat' dir='ltr'><strong>syalandensium,</strong></span> <span class='ocrx_word' id='word_1_326' title='bbox 1250 3967 1430 4049; x_wconf 91' lang='lat' dir='ltr'><strong>claustro</strong></span> <span class='ocrx_word' id='word_1_327' title='bbox 1455 3991 1632 4064; x_wconf 83' lang='lat' dir='ltr'><strong>aesaernm</strong></span> <span class='ocrx_word' id='word_1_328' title='bbox 1660 3962 1766 4045; x_wconf 86' lang='lat' dir='ltr'><strong>duas</strong></span> <span class='ocrx_word' id='word_1_329' title='bbox 1785 3967 2051 4049; x_wconf 88' lang='lat' dir='ltr'><strong>marcasden.</strong></span> 
     </span>
     <span class='ocr_line' id='line_1_33' title="bbox 239 4074 2052 4184; baseline 0 -23"><span class='ocrx_word' id='word_1_330' title='bbox 239 4077 409 4161; x_wconf 87' lang='lat' dir='ltr'><strong>sialand.</strong></span> <span class='ocrx_word' id='word_1_331' title='bbox 444 4081 623 4160; x_wconf 87' lang='lat' dir='ltr'><strong>Ecclesie</strong></span> <span class='ocrx_word' id='word_1_332' title='bbox 650 4077 736 4162; x_wconf 76' lang='lat' dir='ltr'><strong>wilt</strong></span> <span class='ocrx_word' id='word_1_333' title='bbox 765 4107 938 4161; x_wconf 87' lang='lat' dir='ltr'><strong>marcam</strong></span> <span class='ocrx_word' id='word_1_334' title='bbox 967 4078 1063 4160; x_wconf 91' lang='lat' dir='ltr'><strong>den.</strong></span> <span class='ocrx_word' id='word_1_335' title='bbox 1095 4077 1260 4162; x_wconf 85' lang='lat' dir='ltr'><strong>sialand</strong></span> <span class='ocrx_word' id='word_1_336' title='bbox 1286 4077 1353 4159; x_wconf 89' lang='lat' dir='ltr'><strong>Ad</strong></span> <span class='ocrx_word' id='word_1_337' title='bbox 1380 4078 1460 4158; x_wconf 90' lang='lat' dir='ltr'><strong>hec</strong></span> <span class='ocrx_word' id='word_1_338' title='bbox 1483 4074 1682 4157; x_wconf 90' lang='lat' dir='ltr'><strong>soluenda</strong></span> <span class='ocrx_word' id='word_1_339' title='bbox 1717 4076 1857 4184; x_wconf 86' lang='lat' dir='ltr'><strong>obligo</strong></span> <span class='ocrx_word' id='word_1_340' title='bbox 1890 4081 2052 4160; x_wconf 88' lang='lat' dir='ltr'><strong>curiam</strong></span> 
     </span>
     <span class='ocr_line' id='line_1_34' title="bbox 243 4186 2143 4302; baseline 0.001 -31"><span class='ocrx_word' id='word_1_341' title='bbox 243 4217 372 4288; x_wconf 88' lang='lat' dir='ltr'><strong>meam</strong></span> <span class='ocrx_word' id='word_1_342' title='bbox 402 4191 445 4270; x_wconf 92' lang='lat' dir='ltr'><strong>in</strong></span> <span class='ocrx_word' id='word_1_343' title='bbox 471 4190 632 4284; x_wconf 70' lang='lat' dir='ltr'><strong>faerslel.</strong></span> <span class='ocrx_word' id='word_1_344' title='bbox 661 4191 935 4302; x_wconf 84' lang='lat' dir='ltr'><strong>Exsequtores</strong></span> <span class='ocrx_word' id='word_1_345' title='bbox 963 4209 1098 4272; x_wconf 90' lang='lat' dir='ltr'><strong>autem</strong></span> <span class='ocrx_word' id='word_1_346' title='bbox 1127 4193 1359 4272; x_wconf 86' lang='lat' dir='ltr'><strong>testamenti</strong></span> <span class='ocrx_word' id='word_1_347' title='bbox 1383 4189 1505 4269; x_wconf 90' lang='lat' dir='ltr'><strong>huius</strong></span> <span class='ocrx_word' id='word_1_348' title='bbox 1532 4189 1736 4268; x_wconf 88' lang='lat' dir='ltr'><strong>constituo</strong></span> <span class='ocrx_word' id='word_1_349' title='bbox 1766 4186 1945 4296; x_wconf 33' lang='lat' dir='ltr'><strong>dilectos.</strong></span> <span class='ocrx_word' id='word_1_350' title='bbox 1975 4193 2051 4272; x_wconf 92' lang='lat' dir='ltr'><strong>mi·</strong></span> <span class='ocrx_word' id='word_1_351' title='bbox 2114 4197 2143 4219; x_wconf 83' lang='grc'><strong>”</strong></span> 
     </span>
     <span class='ocr_line' id='line_1_35' title="bbox 244 4297 2053 4411; baseline 0.002 -31"><span class='ocrx_word' id='word_1_352' title='bbox 244 4299 322 4381; x_wconf 91' lang='lat' dir='ltr'><strong>chi.</strong></span> <span class='ocrx_word' id='word_1_353' title='bbox 353 4319 545 4409; x_wconf 90' lang='lat' dir='ltr'><strong>nepotem</strong></span> <span class='ocrx_word' id='word_1_354' title='bbox 572 4329 708 4382; x_wconf 89' lang='lat' dir='ltr'><strong>meum</strong></span> <span class='ocrx_word' id='word_1_355' title='bbox 733 4303 953 4383; x_wconf 90' lang='lat' dir='ltr'><strong>Dominum</strong></span> <span class='ocrx_word' id='word_1_356' title='bbox 988 4301 1089 4410; x_wconf 84' lang='lat' dir='ltr'><strong>joon</strong></span> <span class='ocrx_word' id='word_1_357' title='bbox 1139 4301 1249 4383; x_wconf 85' lang='lat' dir='ltr'><strong>hillae</strong></span> <span class='ocrx_word' id='word_1_358' title='bbox 1281 4316 1323 4381; x_wconf 90' lang='lat' dir='ltr'><strong>et</strong></span> <span class='ocrx_word' id='word_1_359' title='bbox 1358 4297 1567 4380; x_wconf 88' lang='lat' dir='ltr'><strong>dominum</strong></span> <span class='ocrx_word' id='word_1_360' title='bbox 1608 4298 1813 4380; x_wconf 83' lang='lat' dir='ltr'><strong>nicolaum</strong></span> <span class='ocrx_word' id='word_1_361' title='bbox 1868 4305 2053 4411; x_wconf 83' lang='lat' dir='ltr'><strong>gregorii</strong></span> 
     </span>
     <span class='ocr_line' id='line_1_36' title="bbox 240 4413 2053 4520; baseline 0.001 -26"><span class='ocrx_word' id='word_1_362' title='bbox 240 4415 538 4495; x_wconf 88' lang='lat' dir='ltr'><strong>concanonicos</strong></span> <span class='ocrx_word' id='word_1_363' title='bbox 579 4441 688 4495; x_wconf 90' lang='lat' dir='ltr'><strong>meos</strong></span> <span class='ocrx_word' id='word_1_364' title='bbox 715 4431 757 4495; x_wconf 88' lang='lat' dir='ltr'><strong>et</strong></span> <span class='ocrx_word' id='word_1_365' title='bbox 783 4415 990 4495; x_wconf 90' lang='lat' dir='ltr'><strong>dominnm</strong></span> <span class='ocrx_word' id='word_1_366' title='bbox 1024 4413 1229 4494; x_wconf 89' lang='lat' dir='ltr'><strong>nicolaum</strong></span> <span class='ocrx_word' id='word_1_367' title='bbox 1269 4437 1526 4520; x_wconf 82' lang='lat' dir='ltr'><strong>magnnsson.</strong></span> <span class='ocrx_word' id='word_1_368' title='bbox 1567 4435 1721 4517; x_wconf 86' lang='lat' dir='ltr'><strong>rogans</strong></span> <span class='ocrx_word' id='word_1_369' title='bbox 1756 4437 1842 4491; x_wconf 89' lang='lat' dir='ltr'><strong>eos.</strong></span> <span class='ocrx_word' id='word_1_370' title='bbox 1881 4428 1926 4491; x_wconf 86' lang='lat' dir='ltr'><strong>vt</strong></span> <span class='ocrx_word' id='word_1_371' title='bbox 1970 4414 2053 4494; x_wconf 87' lang='lat' dir='ltr'><strong>hiis</strong></span> 
     </span>
     <span class='ocr_line' id='line_1_37' title="bbox 237 4518 2052 4634; baseline 0.002 -30"><span class='ocrx_word' id='word_1_372' title='bbox 237 4520 425 4604; x_wconf 91' lang='lat' dir='ltr'><strong>omnibus</strong></span> <span class='ocrx_word' id='word_1_373' title='bbox 468 4523 738 4609; x_wconf 87' lang='lat' dir='ltr'><strong>obseruandis</strong></span> <span class='ocrx_word' id='word_1_374' title='bbox 785 4523 1001 4606; x_wconf 90' lang='lat' dir='ltr'><strong>intendant</strong></span> <span class='ocrx_word' id='word_1_375' title='bbox 1044 4525 1266 4634; x_wconf 79' lang='lat' dir='ltr'><strong>diligenter</strong></span> <span class='ocrx_word' id='word_1_376' title='bbox 1288 4540 1330 4604; x_wconf 87' lang='lat' dir='ltr'><strong>et</strong></span> <span class='ocrx_word' id='word_1_377' title='bbox 1365 4551 1414 4604; x_wconf 87' lang='lat' dir='ltr'><strong>ea</strong></span> <span class='ocrx_word' id='word_1_378' title='bbox 1454 4523 1649 4604; x_wconf 81' lang='lat' dir='ltr'><strong>ordinent</strong></span> <span class='ocrx_word' id='word_1_379' title='bbox 1704 4518 2052 4632; x_wconf 86' lang='lat' dir='ltr'><strong>quemadmodum</strong></span> 
     </span>
     <span class='ocr_line' id='line_1_38' title="bbox 236 4629 2060 4748; baseline -0.001 -33"><span class='ocrx_word' id='word_1_380' title='bbox 236 4637 369 4715; x_wconf 90' lang='lat' dir='ltr'><strong>anime</strong></span> <span class='ocrx_word' id='word_1_381' title='bbox 412 4661 495 4716; x_wconf 87' lang='lat' dir='ltr'><strong>mee</strong></span> <span class='ocrx_word' id='word_1_382' title='bbox 538 4635 718 4722; x_wconf 87' lang='lat' dir='ltr'><strong>viderint</strong></span> <span class='ocrx_word' id='word_1_383' title='bbox 743 4635 947 4748; x_wconf 82' lang='lat' dir='ltr'><strong>expedire.</strong></span> <span class='ocrx_word' id='word_1_384' title='bbox 991 4653 1033 4718; x_wconf 87' lang='lat' dir='ltr'><strong>et</strong></span> <span class='ocrx_word' id='word_1_385' title='bbox 1079 4638 1186 4717; x_wconf 88' lang='lat' dir='ltr'><strong>sicut</strong></span> <span class='ocrx_word' id='word_1_386' title='bbox 1230 4663 1366 4718; x_wconf 89' lang='lat' dir='ltr'><strong>eoram</strong></span> <span class='ocrx_word' id='word_1_387' title='bbox 1412 4660 1573 4714; x_wconf 88' lang='lat' dir='ltr'><strong>summo</strong></span> <span class='ocrx_word' id='word_1_388' title='bbox 1612 4629 1752 4740; x_wconf 78' lang='lat' dir='ltr'><strong>jndice</strong></span> <span class='ocrx_word' id='word_1_389' title='bbox 1789 4634 1832 4715; x_wconf 89' lang='lat' dir='ltr'><strong>in</strong></span> <span class='ocrx_word' id='word_1_390' title='bbox 1874 4631 1942 4715; x_wconf 92' lang='lat' dir='ltr'><strong>die</strong></span> <span class='ocrx_word' id='word_1_391' title='bbox 1984 4638 2060 4747; x_wconf 85' lang='lat' dir='ltr'><strong>ju-¹</strong></span> 
     </span>
     <span class='ocr_line' id='line_1_39' title="bbox 236 4741 2050 4858; baseline 0.001 -30"><span class='ocrx_word' id='word_1_392' title='bbox 236 4744 332 4828; x_wconf 87' lang='lat' dir='ltr'><strong>dieii</strong></span> <span class='ocrx_word' id='word_1_393' title='bbox 360 4744 564 4830; x_wconf 83' lang='lat' dir='ltr'><strong>voluerint</strong></span> <span class='ocrx_word' id='word_1_394' title='bbox 593 4745 850 4858; x_wconf 85' lang='lat' dir='ltr'><strong>respondere.</strong></span> <span class='ocrx_word' id='word_1_395' title='bbox 879 4750 936 4831; x_wconf 90' lang='lat' dir='ltr'><strong>Vt</strong></span> <span class='ocrx_word' id='word_1_396' title='bbox 963 4767 1096 4830; x_wconf 88' lang='lat' dir='ltr'><strong>autem</strong></span> <span class='ocrx_word' id='word_1_397' title='bbox 1124 4749 1202 4830; x_wconf 92' lang='lat' dir='ltr'><strong>hee</strong></span> <span class='ocrx_word' id='word_1_398' title='bbox 1222 4747 1358 4828; x_wconf 87' lang='lat' dir='ltr'><strong>omnia</strong></span> <span class='ocrx_word' id='word_1_399' title='bbox 1390 4745 1523 4826; x_wconf 90' lang='lat' dir='ltr'><strong>robur</strong></span> <span class='ocrx_word' id='word_1_400' title='bbox 1545 4741 1727 4826; x_wconf 84' lang='lat' dir='ltr'><strong>habeant</strong></span> <span class='ocrx_word' id='word_1_401' title='bbox 1752 4743 1965 4829; x_wconf 79' lang='lat' dir='ltr'><strong>firmitatis.</strong></span> <span class='ocrx_word' id='word_1_402' title='bbox 1988 4748 2050 4830; x_wconf 88' lang='lat' dir='ltr'><strong>fe-</strong></span> 
     </span>
     <span class='ocr_line' id='line_1_40' title="bbox 169 4854 2051 4969; baseline 0 -29"><span class='ocrx_word' id='word_1_403' title='bbox 169 4855 170 4862; x_wconf 49' lang='lat'>‘</span> <span class='ocrx_word' id='word_1_404' title='bbox 205 4861 285 4950; x_wconf 85' lang='lat' dir='ltr'><strong>&#39;ei</strong></span> <span class='ocrx_word' id='word_1_405' title='bbox 303 4875 509 4969; x_wconf 89' lang='lat' dir='ltr'><strong>presentes</strong></span> <span class='ocrx_word' id='word_1_406' title='bbox 538 4859 691 4941; x_wconf 89' lang='lat' dir='ltr'><strong>litteras</strong></span> <span class='ocrx_word' id='word_1_407' title='bbox 719 4859 986 4943; x_wconf 85' lang='lat' dir='ltr'><strong>discretorum</strong></span> <span class='ocrx_word' id='word_1_408' title='bbox 1014 4859 1291 4956; x_wconf 88' lang='lat' dir='ltr'><strong>dominorum,</strong></span> <span class='ocrx_word' id='word_1_409' title='bbox 1319 4858 1491 4967; x_wconf 85' lang='lat' dir='ltr'><strong>capituli</strong></span> <span class='ocrx_word' id='word_1_410' title='bbox 1518 4854 1739 4939; x_wconf 89' lang='lat' dir='ltr'><strong>lundensis.</strong></span> <span class='ocrx_word' id='word_1_411' title='bbox 1784 4883 1860 4938; x_wconf 92' lang='lat' dir='ltr'><strong>nee</strong></span> <span class='ocrx_word' id='word_1_412' title='bbox 1894 4883 1980 4940; x_wconf 89' lang='lat' dir='ltr'><strong>nou</strong></span> <span class='ocrx_word' id='word_1_413' title='bbox 2004 4875 2051 4940; x_wconf 87' lang='lat' dir='ltr'><strong>et</strong></span> 
     </span>
     <span class='ocr_line' id='line_1_41' title="bbox 238 4967 2052 5084; baseline -0.001 -30"><span class='ocrx_word' id='word_1_414' title='bbox 238 4986 524 5082; x_wconf 83' lang='lat' dir='ltr'><strong>exseqntorum</strong></span> <span class='ocrx_word' id='word_1_415' title='bbox 552 4974 781 5056; x_wconf 86' lang='lat' dir='ltr'><strong>testamenti</strong></span> <span class='ocrx_word' id='word_1_416' title='bbox 808 4973 932 5056; x_wconf 87' lang='lat' dir='ltr'><strong>huius</strong></span> <span class='ocrx_word' id='word_1_417' title='bbox 958 4971 1329 5084; x_wconf 90' lang='lat' dir='ltr'><strong>infrascriptorum.</strong></span> <span class='ocrx_word' id='word_1_418' title='bbox 1354 4984 1440 5054; x_wconf 81' lang='lat' dir='ltr'><strong>‘vna</strong></span> <span class='ocrx_word' id='word_1_419' title='bbox 1466 4997 1559 5052; x_wconf 89' lang='lat' dir='ltr'><strong>eum</strong></span> <span class='ocrx_word' id='word_1_420' title='bbox 1587 4994 1677 5049; x_wconf 90' lang='lat' dir='ltr'><strong>meo</strong></span> <span class='ocrx_word' id='word_1_421' title='bbox 1703 4967 1891 5080; x_wconf 91' lang='lat' dir='ltr'><strong>proprio.</strong></span> <span class='ocrx_word' id='word_1_422' title='bbox 1932 4995 2052 5053; x_wconf 91' lang='lat' dir='ltr'><strong>eom·</strong></span> 
     </span>
    </p>
   </div>
   <div class='ocr_carea' id='block_1_3' title="bbox 0 0 2164 5975">
    <p class='ocr_par' dir='ltr' id='par_1_3' title="bbox 0 0 2164 5975">
     <span class='ocr_line' id='line_1_42' title="bbox 0 0 2164 5975; baseline 0 2"><span class='ocrx_word' id='word_1_423' title='bbox 0 0 2164 5975; x_wconf 95' lang='lat' dir='ltr'><strong> </strong></span> 
     </span>
    </p>
   </div>
  </div>
 </body>
</html>
