4317 5975
914 414 1015 471 '-
1127 396 1373 511 29²¹·-

264 628 475 711 euidenter
502 618 615 738 quod
644 654 718 707 nos
746 644 836 709 cum
866 625 1040 707 discr'eto
1054 626 1144 705 viro
1160 624 1315 735 Kaprolo
1328 620 1565 729 Raghnildis
1590 622 1673 703 filio
1685 625 1953 709 concambium
1968 651 2036 716 ten

263 768 400 821 rarum
431 739 616 833 fecimus,
644 736 879 845 accipiendo
916 738 968 819 ab
999 739 1088 845 ipso
1118 754 1274 844 partem
1301 762 1412 815 suam
1442 732 1492 813 de
1522 734 1692 839 Hisingi,
1721 762 1810 813 cum
1840 757 1949 844 parte
1975 772 2035 829 sua
2132 789 2133 792 κ

263 878 385 959 quam
415 850 557 930 habuit
585 851 626 929 in
665 846 809 943 frolale¹
837 877 917 957 que
960 849 1111 930 dicitur
1139 874 1263 928 vnum
1294 845 1374 928 bol.
1404 843 1547 925 dantes
1574 847 1701 926 eidem
1731 848 1926 952 pro'hoc,
1960 882 2037 961 pre·
2131 873 2132 876 ‘

263 962 375 1041 diurn
403 976 586 1041 nostrum
603 960 644 1039 in
659 959 949 1041 Limandahult
963 988 1054 1061 cum
1071 956 1261 1038 omnihus
1275 954 1403 1036 eidem
1419 955 1563 1062 predio
1579 960 1655 1036 iam
1677 958 1976 1063 pertinentibus,
1990 968 2036 1047 ita

215 1116 221 1123 ·
262 1089 394 1151 tamen
425 1070 538 1182 quod
567 1069 671 1151 idem
701 1072 878 1151 Karolus
917 1072 1062 1176 viginti
1093 1069 1272 1149 marchas
1307 1067 1398 1148 den.
1426 1066 1632 1149 addendas
1659 1068 1895 1150 concambio
1935 1076 2039 1157 nohis
2077 1100 2082 1108 ’

261 1182 419 1261 soluere
449 1198 652 1277 teneatur,
682 1186 731 1263 Jn
763 1183 879 1262 cuius
907 1185 966 1263 rei
995 1182 1266 1262 testimonium
1297 1208 1371 1259 nos
1400 1183 1440 1257 8t
1468 1178 1601 1259 dictus
1629 1177 1806 1257 Karolus
1833 1182 1958 1288 sigilla
1979 1213 2040 1266 no·

261 1310 342 1373 stra
387 1291 481 1373 huic
521 1294 675 1375 cartule
720 1292 908 1372 duximus
935 1290 1194 1403 apponenda,
1232 1295 1379 1371 Actum
1408 1293 1451 1370 in
1480 1289 1731 1371 Nouawalle
1763 1293 2039 1377 annodomini
2127 1368 2132 1383 .

49 1398 54 1405 ’
137 1472 141 1478 ,
262 1398 625 1503 M⁰,CC⁹,XC⁰,IX'
658 1401 926 1485 indominica
957 1404 1228 1513 qua'bistoria
1257 1399 1356 1483 deus
1383 1404 1582 1497 omniurn,
1610 1402 1834 1481 inchoatur.

586 1642 591 1649 '
632 1628 771 1712 sigillet,
793 1630 834 1715 pt
855 1650 894 1693 en
917 1651 956 1691 ur
978 1628 1102 1692 hresret
1124 1627 1230 1715 ttippt
1250 1648 1366 1708 rensc,
1387 1629 1516 1713 myclet
1541 1625 1682 1690 sladcdt.

200 2001 445 2162 ·'‚¹²78·
920 2038 1071 2145 1299
1117 1999 1288 2164 d.·16
1335 2000 1448 2119 Juli.
1777 1996 2041 2143 Ringsbult.

345 2224 548 2302 Lagmanncn
572 2220 583 2281 i
605 2218 746 2285 Wtrcnd
769 2220 840 2283 Nus
861 2213 1050 2285 statumen
1072 2222 1358 2283 Testamentariskc
1379 2220 1555 2300 anordning
1576 2238 1629 2279 cm
1652 2219 1697 2277 sin
1720 2204 1971 2302 qrarlt'rtens'hcp.

1847 2364 1883 2422 n.
1899 2369 1922 2437 a.
2025 2379 2029 2399 ι

402 2506 453 2589 lat
481 2506 644 2586 nornine
677 2507 802 2613 patris
830 2522 872 2585 et
901 2505 972 2584 filii
1001 2510 1041 2584 &
1068 2506 1235 2614 spiritus
1264 2509 1392 2586 sancti
1429 2531 1554 2586 arrian.
1632 2506 1720 2612 Ego
1749 2529 1946 2589 mcotsus
1972 2528 2041 2585 stc·

237 2637 452 2700 'nausson
472 2612 645 2723 'Legiler
673 2618 886 2698 waerendie
916 2618 957 2695 in
986 2618 1218 2697 infirmitate
1246 2620 1363 2725 graui
1391 2621 1656 2713 constitutus,
1684 2616 1897 2725 sciensque
1926 2634 2041 2695 morte

257 2728 381 2809 nichil
410 2756 494 2809 esse
526 2728 679 2807 cercius
708 2743 748 2807 et
778 2726 900 2807 nichil
930 2726 1126 2807 incercius
1155 2728 1252 2807 bora
1285 2730 1434 2809 mortis.
1462 2728 1643 2837 Jdeoque
1672 2726 1909 2807 mortalibus
1934 2726 2042 2806 nichil

258 2867 342 2919 esse
373 2840 523 2937 utilius,
553 2865 674 2948 quam
689 2836 794 2919 diem
824 2853 1047 2919 extremum
1076 2837 1348 2921 misericordie
1377 2836 1570 2948 operibus
1600 2840 2041 2945 preuenire.testamen·

257 2966 343 3030 tum
388 2979 520 3032 meum
560 2948 692 3030 condo
735 2954 774 3032 a
816 2946 1018 3032 derebus
1060 2950 1157 3032 meis
1186 2948 1333 3030 ordino
1363 2952 1405 3030 in
1433 2950 1543 3030 hunc
1571 2947 1747 3029 modum.
1810 2948 2042 3030 Mcnasteric

256 3059 618 3143 sanctimonialium
648 3061 689 3142 in
719 3059 873 3158 aslrabir
901 3079 1002 3168 aput
1029 3091 1129 3171 quas
1157 3061 1263 3170 eligo
1291 3063 1539 3168 sepulturam
1568 3061 1681 3140 iuxta
1710 3058 1899 3141 dilectam
1923 3087 2042 3170 quon·

258 3171 349 3253 dant
377 3200 544 3256 uxorem
577 3199 702 3251 meam
734 3171 823 3278 lego
852 3172 994 3278 viginti
1025 3171 1206 3252 marchas
1232 3173 1323 3280 puri
1352 3175 1521 3280 argenti.
1552 3200 1722 3280 quarum
1749 3171 2042 3252 ordinacionem

256 3283 546 3393 exequtoribus
574 3285 798 3362 testamenti
828 3282 904 3361 mei
933 3285 1160 3378 committo,
1188 3285 1274 3362 sine
1302 3286 1451 3392 quibus
1479 3280 1630 3392 aliquid
1659 3279 1709 3361 de
1738 3282 1890 3362 eisdem
1926 3284 2042 3389 vigin-
2079 3305 2085 3311 ·

172 3458 178 3468 .
255 3394 288 3472 ti
316 3395 488 3477 marchis
503 3391 718 3475 ordinandi
733 3421 804 3472 seu
829 3391 1018 3494 faciendi,
1048 3394 1248 3473 abbatissa
1278 3393 1341 3472 uel
1373 3395 1518 3504 aliquis
1547 3393 1597 3474 de
1626 3396 1875 3476 monasterio
1905 3393 2043 3473 nullam

126 3561 131 3582 2
254 3501 403 3586 haheat
431 3503 671 3586 facultatem.
736 3503 910 3583 Ecclesie
953 3505 1177 3612 lincopensi
1205 3506 1356 3584 curiam
1384 3533 1508 3584 meam
1539 3503 1714 3611 lincopie
1736 3506 1950 3609 situatam,
1976 3505 2043 3584 Ec·

255 3613 375 3696 clesie
405 3617 446 3696 in
476 3617 594 3696 venio
624 3614 673 3694 ad
704 3614 897 3694 fabricam
928 3618 1053 3722 ipsius
1082 3617 1233 3695 curiam
1264 3645 1389 3695 meam
1418 3617 1614 3715 Birsiras,
1643 3644 1733 3696 cum
1763 3616 1956 3696 omnibus
1978 3613 2042 3696 ho·

256 3725 427 3836 nisque
455 3729 498 3806 in
517 3727 603 3833 ipsa
633 3729 895 3805 continentur
924 3726 974 3806 ad
1008 3754 1188 3834 presens,
1217 3727 1287 3807 tali
1317 3727 1559 3807 condicione
1588 3727 1699 3836 quod
1739 3726 1951 3808 bondones
1978 3725 2042 3836 qui
2138 3731 2139 3734 ’

184 3860 187 3872 ·
257 3854 421 3918 seruant
451 3837 623 3918 decimas
651 3837 815 3917 ecclesie
832 3837 957 3933 dicte,
989 3837 1163 3919 habeant
1185 3853 1424 3946 potestatem
1440 3867 1577 3919 omnes
1592 3835 1787 3932 reddituS,
1803 3868 1853 3918 ex
1870 3869 1916 3918 ca
1938 3838 2042 3918 antris
2138 3896 2139 3902 η

162 3989 167 4006 ·
255 3951 424 4058 singulis
454 3949 757 4056 proueniantes,
788 3947 1016 4056 colligendi,
1044 3949 1248 4047 seruandi,
1277 3955 1407 4057 &pro
1437 3951 1611 4030 utilitate
1633 3945 1809 4028 eiusdem
1836 3966 1960 4055 prout
1987 3949 2041 4054 ip·
2138 4048 2139 4053 Ἰ

254 4061 307 4138 sis
336 4060 550 4169 placuerit,
581 4056 858 4166 dispensandi,
889 4059 1096 4160 Quantum
1127 4065 1452 4169 autem'possum
1479 4059 1665 4157 inhihe0,
1694 4087 1745 4138 ne
1788 4062 1936 4171 aliquis
1964 4063 2040 4166 epi·

170 4161 173 4172 ’
253 4197 419 4278 scopus,
449 4170 685 4262 canonicus,
715 4170 778 4249 uel
812 4170 1193 4277 prepositusdictos
1223 4172 1431 4253 bondones
1461 4171 1665 4275 impediat,
1695 4171 1798 4278 quin
1831 4173 1958 4252 libere
1979 4196 2060 4248 tta-1

49 4371 54 4378 ,
124 4313 133 4326 ·
254 4282 383 4378 leant,
418 4281 593 4390 prefatos
615 4277 812 4373 redditus,
842 4283 1031 4388 recipere,
1061 4298 1255 4377 tractare,
1285 4291 1325 4362 &
1354 4310 1430 4390 pro
1461 4284 1584 4389 ipsius
1613 4280 1778 4361 ecclesie
1804 4281 2040 4362 utilitatibus

254 4394 456 4484 ordinare,
485 4391 666 4500 alioquin
694 4393 728 4470 si
756 4419 869 4469 secus
901 4392 1030 4471 facere
1059 4397 1415 4500 attenrptauerint,
1443 4410 1593 4473 extunc
1646 4391 1815 4473 heredes
1860 4395 1937 4472 mei
1980 4391 2041 4470 ba·

209 4501 212 4509 ’
253 4503 377 4584 beant
420 4502 834 4594 liberamfacultatem
879 4519 1137 4582 memoratam
1161 4506 1311 4584 curiam
1341 4530 1434 4584 cum
1474 4504 1662 4584 omuibus
1691 4503 1810 4583 honis
1842 4505 1968 4611 ipsius
1996 4497 2040 4578 ad
2097 4600 2099 4609 Ι

252 4640 294 4692 se
311 4613 546 4709 reuocandi,
576 4620 614 4694 8<
643 4613 719 4692 sub
749 4641 863 4692 suum
893 4614 1116 4694 dominium
1149 4613 1371 4721 redigendi,
1414 4614 1546 4723 Super
1574 4641 1659 4722 quo
1686 4617 1811 4695 eciam
1843 4618 2039 4722 ipsisante
2110 4639 2114 4645 ⁴

232 4729 420 4804 'mortem
470 4753 596 4806 meam
633 4725 787 4803 litteras
814 4743 974 4832 apertas
1003 4726 1159 4806 contuli
1186 4727 1307 4830 sigilli
1334 4727 1411 4807 mei
1440 4728 1659 4806 munimine
1700 4727 1940 4820 roboratas,
1971 4723 2040 4803 Ec·
2127 4775 2133 4786 ·

250 4835 369 4920 clesie
402 4836 445 4916 in
475 4834 636 4916 nidaros
664 4852 745 4914 tres
774 4836 955 4916 marchas
985 4838 1076 4945 puri
1108 4839 1264 4945 argenti
1293 4841 1325 4918 si
1355 4854 1447 4918 ante
1476 4853 1646 4946 mortem
1675 4865 1805 4918 meam
1823 4833 2037 4916 beatiOla·

215 5027 218 5034 ,
251 4948 293 5026 ui
322 4947 457 5028 limina
488 4976 569 5028 non
599 4963 772 5058 potuero
800 4949 974 5030 uisitare.
1015 4947 1192 5030 Cuilibet
1216 4948 1395 5030 claustro
1419 4946 1644 5047 indioccsi
1673 4947 1901 5058 lincopensi
1924 4965 2038 5029 cnam
