4317 5975
982 67 992 116 Ι
1072 85 1078 102 l

818 357 874 388 ’-
987 317 1069 405 ost
1150 243 1239 389 ¹-····

121 551 260 648 rebus,
287 573 394 662 ques
419 558 520 628 tunc
547 536 799 640 babuerunt,
834 537 1044 625 boenemm
1081 535 1251 626 liberam
1276 536 1331 625 ad
1359 512 1527 650 propria
1554 537 1755 633 redeundi
1782 517 1935 628 conce,
2013 574 2020 592 ι

97 661 489 856 ,derapwmisimm
515 766 703 872 insuper,
730 759 842 871 quod
871 781 1112 850 mercatores
1147 760 1345 876 dictarum
1382 725 1611 848 Ciuitetum¹
1639 763 1691 848 ob
1720 781 1814 848 octo
1842 726 1928 848 dial.

121 889 195 970 bus
224 899 316 994 post
352 879 501 961 festum
530 875 639 958 beati
666 873 810 956 iacobi
836 873 1033 983 apostoli,
1059 873 1194 984 primo
1230 890 1466 971 venturum,
1504 903 1595 958 eum
1630 873 1764 986 plena.
1779 881 1928 963 securi·

60 990 64 998 ’
119 1013 203 1080 tate
221 1008 404 1106 ‘possunt
423 989 571 1076 ,venire
605 987 652 1066 in
680 987 927 1094 norwegiam
956 1001 998 1064 et
1025 1013 1099 1066 sua
1128 982 1276 1068 ibidem
1304 987 1777 1085 exercereme‘roimonia,
1805 988 1929 1071 acuti
2056 1021 2061 1038 ⁴

120 1106 376 1191 libertatibus
410 1098 664 1196 melioribus,
706 1123 808 1208 quas
841 1095 1093 1205 temporibus
1129 1095 1346 1178 illustrium
1381 1125 1521 1207 regum
1554 1100 1691 1208 patris.
1716 1100 1845 1182 nostri
1887 1115 1929 1180 et
2042 1097 2067 1204 ,’

120 1219 271 1304 domini
311 1213 512 1324 Haquioi,
553 1210 623 1290 aui
668 1209 819 1304 nostri,
859 1205 1095 1290 babuerunt
1130 1223 1172 1288 et
1206 1205 1417 1290 ostendere
1446 1225 1615 1314 possunt
1643 1223 1722 1320 per'
1745 1227 1931 1319 patentes

61 1342 65 1352 “
121 1333 274 1416 litteras
317 1323 536 1410 eorundem
573 1347 736 1432 regum,
781 1315 1001 1402 dummodo
1048 1333 1245 1402 nostrates
1274 1319 1316 1400 in
1345 1316 1539 1424 predictis
1549 1369 1559 1382 ‹·
1581 1320 1827 1407 Ciuitatibus
1855 1319 1931 1402 tali

119 1439 323 1552 gaudeant
350 1441 393 1520 in
423 1431 611 1515 omnibus
639 1432 846 1528 libertate,
886 1425 1219 1540 qnalemaliquo
1255 1445 1438 1538 tempore
1474 1427 1707 1514 babuerunt
1737 1435 1780 1516 in
1808 1430 1930 1516 dictis

67 1567 71 1576 '
107 1552 366 1638 ·Ciuitatibus
395 1544 623 1643 meliorem;
652 1558 694 1624 et
723 1541 831 1623 dicte
860 1541 1055 1624 Ciuitates
1079 1540 1252 1620 inimicis
1280 1541 1451 1634 nostris,
1479 1568 1561 1624 nos
1587 1559 1628 1624 et
1656 1571 1825 1653 regnum
1854 1569 1930 1624 no-

121 1683 248 1748 strum
275 1689 324 1744 ae
351 1656 535 1741 subditos
562 1669 705 1737 contra
734 1652 933 1736 iusticiam
968 1649 1314 1764 inpugnantibus,
1331 1649 1406 1736 ¹rel
1442 1649 1563 1734 nobis
1591 1669 1663 1734 aut
1690 1655 1839 1738 ndstris
1866 1654 1931 1762 jn·

122 1777 274 1861 aticiam
301 1764 613 1880 denegantibus,
641 1790 725 1852 nott
754 1761 979 1872 inpendent
1007 1761 1239 1859 consilium,
1268 1761 1462 1842 auxilium
1492 1762 1558 1844 uel
1587 1763 1767 1848 fauorem
1795 1765 1932 1875 publi·
1977 1751 2016 1840 ⁸.

122 1915 213 1974 cum
247 1885 312 1966 uel
340 1880 566 1974 oretrltom,
594 1879 639 1958 in
667 1893 851 1958 nostrum
879 1875 943 1955 vel
971 1891 1203 1956 nostrorum
1233 1873 1500 1982 preiudicium
1527 1874 1593 1954 vel
1614 1881 1846 1986 grauanter:

232 1998 277 2078 Si
303 2021 401 2076 vero
430 1990 559 2100 aliqui
585 1986 638 2071 de
666 1988 933 2084 nostratibus,
970 1983 1264 2068 mercatoribus
1291 1981 1510 2066 earundem
1538 1986 1766 2070 Ciuitatum
1788 1989 1831 2070 in
1858 1988 1932 2071 ali·

120 2137 205 2224 quo
231 2105 416 2190 iniuriati
444 2102 619 2198 luerint,
651 2099 865 2195 debemus,
908 2114 1032 2206 prout
1059 2097 1156 2179 lacti
1184 2095 1361 2206 qualitas
1388 2098 1591 2205 exegerit,
1622 2096 1845 2186 secundum
1875 2100 1933 2184 le·'

120 2219 350 2336 gospatric
375 2211 724 2324 conquerentibus
752 2209 884 2292 facere
913 2209 1069 2290 iusticie
1097 2207 1449 2317 complementum.
1615 2287 1620 2296 ,
1738 2283 1739 2290 i

231 2332 343 2411 luter
371 2349 543 2434 regnum
577 2337 763 2406 nostrum
790 2337 833 2402 et
860 2318 990 2412 dietas
1017 2320 1232 2419 Ciuitates,
1273 2345 1373 2430 pace
1408 2336 1605 2428 perpetua
1646 2312 1932 2412 nichilominus

119 2461 160 2528 et
187 2436 405 2526 concordia
433 2433 570 2516 stabili
599 2431 865 2544 perdurante,
912 2432 1145 2541 placitatum
1175 2447 1236 2514 est
1273 2429 1414 2512 eodem
1443 2429 1565 2514 modo
1593 2460 1670 2542 pro
1699 2435 1932 2518 ciuitatibus

50 2599 57 2606 ·
119 2555 282 2664 Rigensi
311 2567 353 2633 et
381 2545 530 2652 Wisby
559 2549 601 2628 in
628 2542 856 2654 gotlandia,
884 2559 925 2624 et
955 2571 1032 2651 pro
1060 2540 1354 2632 ratihabitione
1382 2538 1578 2626 dictarum
1606 2571 1656 2628 or
1686 2563 1800 2654 parte
1822 2547 1933 2628 Ciui-

121 2681 269 2761 tatum,
310 2652 450 2770 supra'
469 2656 571 2743 dieti
602 2672 888 2766 procuratores
918 2654 1142 2738 lubicenses
1169 2655 1410 2739 iurauerunt
1440 2670 1481 2736 et
1509 2654 1587 2740 fide
1615 2655 1744 2740 media
1781 2657 1933 2769 promi·

123 2795 274 2860 serunt.
1083 2809 1092 2860 ,·
1128 2839 1131 2847 .
1242 2785 1270 2825 a
1384 2814 1390 2824 ·
1686 2782 1691 2794 '

98 2935 103 2942 =
235 2891 421 2970 Preterea
447 2880 656 2977 volumus,
683 2876 797 2994 quod
823 2879 901 2964 alie
926 2878 1136 2974 ciuitates,
1164 2903 1339 2991 quarum
1372 2893 1662 2989 procuratores
1675 2905 1776 2961 non
1804 2879 1934 2962 inter·¹
2028 2863 2035 2870 ’

16 3000 22 3010 ’
120 3000 273 3083 fuerint
300 2994 537 3108 supradicto
563 2991 783 3103 colloquio,
811 2992 888 3076 bac
916 2990 1216 3100 compocisione
1231 2987 1506 3091 includantur,
1535 2988 1755 3079 dummodo
1771 2992 1932 3100 juraue·

119 3114 204 3195 rint
243 3127 286 3192 et
327 3106 555 3193 consimiles
590 3105 748 3222 litteras
788 3108 908 3192 nobis
949 3103 1156 3201 dederint,
1198 3103 1313 3213 quod
1347 3098 1540 3212 premissa
1566 3104 1701 3189 omnia
1729 3102 1934 3187 voluerint

123 3223 354 3309 obseruare.
901 3228 909 3246 ’
1157 3252 1160 3259 ¹
1548 3247 1552 3259 ¹

232 3336 381 3415 Datum
410 3327 520 3439 apud
548 3320 895 3435 Gulbergsheidh,
924 3348 1034 3409 anno
1061 3322 1215 3410 domini
1244 3325 1305 3407 Μο
1334 3326 1424 3408 CC⁰
1452 3318 1691 3427 LXXXV0',
1723 3330 1847 3409 tercia
1876 3326 1934 3407 le·

120 3450 181 3536 ria
222 3459 316 3553 post
358 3442 504 3525 festum
547 3438 760 3531 beatorum
788 3433 895 3547 petri
937 3453 979 3520 et
1019 3436 1143 3547 pauli¹
1168 3436 1465 3549 apostolorum.
1535 3440 1656 3519 Anno
1683 3464 1783 3523 tero
1818 3438 1935 3546 regni

12 3574 14 3579 ’
120 3556 253 3645 nostri
279 3569 423 3639 sexto„
484 3570 488 3581 '
601 3570 606 3581 ’
724 3572 728 3581 “
793 3572 800 3643 1

134 3902 306 4129 ryall,
632 3904 812 4084 ’,ἰᾷὃό
843 3968 926 4077 ῑᾶζ
968 3971 1000 4081 3
1039 3903 1162 4081 tuli.
1352 3884 1355 3891 Ι
1543 3963 1936 4119 Gullbergshed.
2073 3940 2077 3953 ⁶

203 4164 493 4245 Kannagllrcarr
513 4126 583 4225 lesi
606 4160 733 4307 &erige
755 4150 931 4240 lb‘rklaring
951 4180 1004 4223 orn
1020 4156 1197 4241 ltagandet,
1218 4170 1265 4224 att
1287 4158 1298 4223 i
1320 4158 1450 4224 llalrnar
1471 4160 1513 4246 pt
1535 4158 1673 4223 berttmd
1695 4156 1766 4242 dag,
1788 4159 1799 4220 i
1821 4158 1934 4223 tritten
2019 4174 2024 4184 ·

244 4248 380 4315 emellru
401 4246 538 4327 Knanng
559 4244 668 4309 Brik'i
718 4262 792 4326 orge
812 4253 894 4305 mant
914 4236 1034 4324 Norg'cr
1052 4244 1121 4307 rike
1142 4244 1162 4306 l
1182 4264 1252 4323 ena,
1274 4244 1334 4307 och
1355 4243 1431 4307 llam
1450 4240 1935 4330 opprtlnadcTyalahandelr·

204 4408 209 4417 .
245 4332 346 4399 ‚udor
366 4329 506 4449 §.andra
524 4328 632 4409 aidan,
651 4326 763 4421 clgdra
783 4328 842 4391 allt
861 4324 946 4393 brad
968 4327 1037 4391 isle
1058 4347 1174 4411 genonr
1197 4328 1287 4393 detur
1308 4328 1511 4412 lullmaltige
1529 4328 1673 4465 πεδίοιο
1701 4409 1748 4481 ¹⁴3
1765 4408 1794 4475 ὑ)

235 4514 458 4611 Omnibus,
495 4529 700 4622 presentes
727 4510 884 4596 litteras
912 4508 1176 4620 inspecturis,
1211 4512 1407 4612 Macros,
1443 4511 1510 4595 dai
1554 4514 1688 4623 gracia
1708 4510 1941 4595 'Sweorum

119 4630 408 4739 Gotoruntqu'e
434 4652 528 4722 rex,
544 4624 724 4705 salutem
757 4625 801 4704 in
830 4620 1007 4704 domino.

118 4844 398 4870 ffl-

167 4942 201 5025 1’)
221 4938 315 5005 seer
335 4936 515 5025 originalat,
535 4930 608 5001 rned
628 4941 712 5000 lanu
733 4931 951 5021 ridbtaganda
972 4930 1088 5019 Kongl.
1115 4932 1212 5019 aigill,
1236 4932 1399 5000 lb‘rrrradt
1419 4934 1430 5000 i
1451 4930 1589 5019 sybam
