4317 5975
992 400 1048 517 ἢ
1157 356 1239 475 ut
1347 374 1414 439 ..;·

306 601 417 710 poris
445 588 645 680 obliuioni
672 592 895 678 tradantur.
938 576 1169 695 aucten'tice'
1189 578 1390 705 scripture
1417 592 1649 677 testimonio
1677 584 1895 679 futurorum
1929 606 2041 691 nocete

305 714 643 806 transmittantur,
671 708 755 788 Nos
783 734 881 788 vero
908 709 996 789 sani
1025 722 1157 789 mente
1186 722 1226 787 et
1253 734 1426 814 corpore
1453 709 1495 786 in
1526 703 1728 813 puplicam
1758 708 1968 816 proferimus
1990 744 2044 799 nc·

230 824 241 833 ’
304 823 482 915 cionem,
524 818 646 924 Quod
675 845 799 899 vnum
836 833 1051 928 attungum
1094 819 1246 928 absque
1291 816 1566 898 diminucione
1598 817 1784 927 qualibet
1811 821 1992 930 ‘integrum
2014 832 2045 912 in

276 931 542 1041 ¹lrydlriawat
568 930 684 1010 simul
715 928 984 1011 domilicatum
1014 958 1105 1011 cunr
1135 930 1244 1009 omni
1286 927 1534 1038 supellectile
1563 944 1604 1007 et
1630 928 1863 1015 utensilibus
1899 936 2047 1021 omnibns

195 1064 201 1073 ·
304 1043 455 1125 ibidem
484 1040 759 1136 manentibus,
800 1042 867 1123 ita
894 1038 1119 1137 dumtaxat,
1148 1038 1259 1149 quod
1296 1041 1444 1122 coniux
1474 1066 1560 1119 mea
1599 1042 1649 1119 ·.J.
1678 1041 1838 1121 terciam
1867 1052 2048 1151 partemin

304 1152 442 1235 eodem
459 1146 663 1259 'attungo‚
694 1151 904 1250 videlicet,
932 1152 1171 1234 antifernam
1201 1179 1332 1247 snam,
1373 1166 1417 1230 et
1445 1175 1520 1259 ego
1549 1146 1648 1232 duas
1679 1168 1824 1260 partes,
1852 1154 2048 1241 claustm'et

219 1269 222 1277 “
304 1265 548 1345 monialibus
592 1265 820 1345 incretum
851 1290 926 1373 pro
951 1279 1190 1343 testamento
1219 1280 1357 1343 nostro
1386 1262 1631 1341 conferimus
1668 1279 1859 1370 perpetua
1893 1264 2048 1351 iruicione

303 1375 611 1485 possidendum,
640 1374 726 1454 Sub
753 1374 993 1454 condicione
1008 1392 1141 1454 autem
1171 1372 1263 1468 tali,
1292 1373 1413 1477 Quod
1431 1371 1593 1455 domina
1617 1374 1808 1483 priorissa
1835 1374 1966 1455 ibidem
1984 1405 2050 1461 cun

268 1586 271 1591 Ι
303 1514 502 1567 consensu
530 1504 570 1566 et
597 1512 759 1565 assensu
786 1488 916 1567 tocius
957 1483 1152 1566 inibidem
1196 1500 1441 1593 conuentus,
1484 1487 1525 1595 in
1557 1485 1637 1564 vita
1668 1484 1805 1565 nostra
1833 1482 1925 1566 duos
1949 1504 2050 1571 attun-

302 1626 396 1706 gos,
438 1597 591 1677 Xllzma
631 1612 747 1704 parte
773 1599 924 1695 minus,
968 1604 1010 1675 in
1039 1594 1316 1675 Ramstathum
1359 1595 1608 1690 concedunt,
1652 1595 1729 1677 boc
1758 1596 1878 1677 eciam
1905 1598 2051 1680 omnibns

301 1706 551 1789 declaramus
596 1734 669 1815 per
711 1734 892 1815 presens,
929 1706 1043 1815 quod
1084 1704 1354 1813 supradictam
1394 1707 1546 1786 curiam
1590 1724 1767 1788 nostram
1805 1708 1845 1786 in
1885 1706 2050 1790 lidhiauat

303 1846 424 1929 quam
455 1819 525 1898 din
554 1816 674 1900 ambo
702 1820 873 1900 vicimus
901 1817 1100 1899 nobismet
1128 1819 1223 1925 ipsis
1239 1816 1460 1925 regDiliter
1474 1816 1754 1915 obseruamua,
1782 1836 1859 1898 tam
1887 1821 1962 1927 ipsa
1986 1839 2051 1927 post

302 1958 366 2009 me
393 1956 515 2038 quam
545 1956 620 2039 ego
653 1944 743 2035 post
771 1929 898 2025 illam,
931 1931 984 2009 ln
1011 1931 1127 2009 cuius
1155 1926 1403 2009 euidenciam
1434 1927 1654 2037 pleniorem
1682 1947 1724 2011 et
1752 1930 1810 2009 rei
1825 1930 2051 2011 testimoninm

301 2041 499 2123 nobilium
530 2037 709 2149 siggilla,
737 2038 936 2136 videlicet,
966 2040 1119 2122 domini
1147 2038 1446 2147 swantapoloh,
1474 2040 1658 2137 Domine,
1687 2041 1869 2121 katerine
1896 2040 2052 2121 abbatisse

301 2154 343 2231 in
374 2168 547 2247 aretum,
564 2151 726 2231 Domini
755 2150 786 2229 B
814 2152 997 2231 canonici
1025 2151 1292 2257 lyncopensis.
1320 2150 1572 2247 waldemari,
1602 2152 1646 2232 in
1673 2150 2052 2259 siondalroptpresen·

300 2262 411 2343 tibus
426 2261 732 2371 procurauimus
749 2258 1023 2369 appendenda,
1054 2264 1201 2342 Datum
1218 2279 1258 2341 et
1272 2280 1415 2342 actum.
1445 2289 1553 2342 auno
1567 2261 1732 2343 domini.
1763 2262 1840 2345 M⁰.
1856 2263 1977 2343 CCC‘.
1989 2263 2051 2343 Vl‘.

435 2403 565 2487 S‘igiilen
586 2403 649 2466 alia
670 2403 779 2485 borta;
804 2404 885 2468 alter
904 2404 964 2469 Neo
986 2425 1004 2469 2
1026 2402 1088 2467 och
1109 2402 1129 2481 4
1151 2404 1299 2487 quaesitio
1322 2403 1607 2489 segelgarustrddnr'
1623 2404 1684 2467 och
1705 2404 1784 2469 eller
1805 2408 1864 2471 Nm
1884 2406 1902 2467 3
1922 2400 1955 2465 aa

684 2524 689 2539 ·
1046 2498 1354 2575 pergameauremse.

130 2820 207 2971 J
310 2849 478 2998 1⁴93·
876 2831 1437 2984 'coenans
1589 2995 1593 3004 .
2111 2964 2115 2990 q

348 3124 352 3130 .
381 3071 496 3133 Hiera
518 3071 752 3139 ieameamer
772 3073 1180 3155 morgougileobreltillsiu
1196 3071 1304 3136 hurtru
1326 3073 1491 3154 ingeborg,
1511 3069 1844 3153 dotteraillaguwald
1866 3069 2055 3153 ingobergam

838 3178 841 3184 ’
1796 3185 1831 3240 A.
1848 3188 1876 3242 6.
1890 3205 1906 3240 a
1922 3185 1959 3258 *i

407 3321 617 3401 Vniuersis
645 3323 785 3403 christi
820 3320 1005 3404 lidelibus
1048 3340 1255 3431 presentes
1297 3323 1453 3402 litteras
1481 3323 1625 3402 visuris
1653 3319 1716 3402 vel
1747 3319 1963 3416 audituris,
1999 3317 2058 3397 Hr-

295 3453 446 3530 Quutus
476 3455 767 3515 mctncncason
796 3432 963 3513 salutem
994 3435 1036 3511 in
1065 3431 1230 3513 domino
1245 3435 1527 3542 sempiternam
1530 3492 1695 3516 .....
1698 3470 1734 3510 ·.
1765 3493 1775 3513 .
1806 3492 1816 3513 .
1848 3491 1858 3517 .
1888 3427 2057 3510 uamlacti
2114 3439 2116 3490 l

295 3544 524 3621 memoriam
565 3545 816 3651 presencium
839 3561 980 3622 tenore
1009 3545 1171 3626 insinuo
1196 3563 1275 3625 taur
1305 3545 1476 3653 posteris
1504 3573 1622 3654 quarn
1654 3542 1869 3624 modernis.
1898 3543 1966 3623 ille.
1993 3565 2057 3646 pre

294 3649 438 3732 dilecte
467 3654 583 3732 vxori
607 3681 692 3736 mee
719 3653 936 3762 ingiburgi
952 3656 1045 3760 filie
1073 3655 1237 3734 Domini
1265 3655 1491 3763 Rangualdi
1521 3654 1819 3763 lngiborgason
1842 3653 1968 3734 curias
1982 3675 2058 3728 meas

294 3760 421 3842 dictas
450 3762 646 3870 Byerghae
672 3783 713 3846 et
742 3764 953 3874 inghernes
981 3793 1072 3845 cum
1103 3767 1257 3848 colonis
1286 3785 1327 3848 et
1354 3763 1594 3847 molendinis
1620 3767 1846 3874 ceterisque
1876 3762 2058 3844 mobilibus
2115 3837 2116 3840 ,

292 3890 333 3952 et
362 3873 711 3958 immobilibus..
740 3877 783 3954 in
811 3876 994 3956 vardhun
1028 3881 1039 3957 i
1068 3903 1145 3956 con
1168 3935 1569 3960 ...........
1597 3875 1699 3957 solet
1728 3878 1816 3957 lieri
1846 3877 1887 3956 in
1915 3871 2059 3955 crastino
2115 3967 2116 3976 χ

292 3986 532 4093 nupciarum
562 3987 779 4068 contulisse
807 3987 885 4068 hiis
914 3907 1223 4070 condicionibus
1258 3989 1529 4096 preconcessis
1560 3986 1747 4069 videlicet
1776 3983 1891 4097 quod
1918 4045 1929 4065 .
1957 4045 1965 4063 .
1991 4045 1998 4062 .
2022 4037 2057 4059 .-

291 4155 500 4180 ......
528 4112 695 4204 paterna
726 4097 947 4178 hereditate
975 4159 986 4181 .
1015 4159 1026 4180 .
1055 4159 1067 4181 .
1096 4157 1106 4178 .
1136 4114 1274 4180 tentur
1306 4096 1377 4180 sed
1414 4100 1552 4180 matris
1579 4097 1622 4178 Si
1651 4115 1784 4182 autem
1816 4093 1925 4207 qnod
1955 4156 1964 4173 .

290 4231 376 4286 eam
406 4207 559 4316 absque
594 4207 730 4290 liberis
772 4212 874 4289 mori
903 4271 913 4291 .
946 4269 956 4290 .
988 4268 1115 4290 ....
1146 4227 1274 4294 ..’..
1305 4210 1564 4316 ..predicta
1608 4207 1867 4289 bonainfra
1909 4203 2003 4287 diem
2031 4213 2059 4280 et

289 4346 439 4397 annum
471 4317 720 4408 redimantur
746 4316 838 4428 ¹pro
866 4321 1135 4428 Quatraginta
1173 4320 1344 4400 marchis
1373 4322 1467 4428 puri
1495 4321 1652 4428 argenti
1680 4321 1713 4400 si
1742 4329 1878 4401 autem
1906 4319 1982 4426 ipsa
2008 4339 2058 4390 su·

288 4431 455 4535 perstite
483 4432 568 4510 sine
598 4430 745 4512 liberis.
772 4449 814 4510 et
839 4430 979 4510 sobole
1009 4459 1070 4511 me
1099 4429 1266 4538 defungi
1308 4433 1525 4538 contigerit
1552 4448 1702 4512 extunc
1729 4430 1934 4539 sepedicta
1974 4425 2057 4505 bom
2114 4531 2116 4540 y

287 4537 364 4619 sibi
392 4542 556 4648 suisque
583 4539 800 4623 heredibus
827 4539 972 4622 cedant
999 4542 1159 4648 integro
1187 4544 1274 4626 iure
1304 4559 1502 4652 perpetuo
1532 4538 1786 4652 possidendo.
1813 4543 1864 4621 in
1894 4540 1997 4620 cuius
2013 4533 2056 4611 rei

229 4661 233 4672 '
288 4647 534 4730 euidenciam
578 4652 707 4760 sigilla
748 4653 961 4732 illustrium
1007 4650 1264 4734 dominorum
1307 4651 1494 4734 videlicet
1535 4651 1686 4736 domini
1728 4651 1807 4732 mei
1851 4649 2000 4731 Domini
2023 4641 2057 4720 ll·

287 4762 392 4869 regis
421 4764 574 4844 swecie.
599 4778 643 4843 et
671 4761 824 4848 domini
851 4765 897 4846 Ε.
926 4762 1058 4860 ducis,
1091 4761 1245 4845 domini
1287 4763 1357 4846 W.
1387 4762 1501 4846 ducis
1530 4793 1604 4846 nec
1635 4755 1714 4844 uon
1744 4779 1786 4843 et
1817 4763 1978 4843 aliorum
1999 4757 2055 4854 no·

326 4973 352 5048 *J
373 4968 497 5032 Brelvet
516 4977 550 5032 tr
570 4969 774 5036 aduderriieet
794 4969 854 5037 ocb
876 4971 918 5058 pt
939 4950 1014 5037 tiara
1035 4971 1143 5037 nattes
1164 4981 1269 5038 wien
1290 4969 1356 5035 teu
1376 4971 1437 5037 orb
1458 4969 1556 5039 tanet
1575 4970 1767 5060 triplicem.-
