4317 5975
946 413 1005 438 ··
1115 369 1196 478 594
1303 413 1411 466 -ι

248 685 252 692 ,
279 594 449 675 tionem.
492 587 543 672 de
567 606 703 672 uestre
730 591 1108 699 circumspeccionis
1137 588 1401 672 industriaet
1426 587 1619 674 fidelitate
1648 587 1819 699 probata
1847 592 1983 702 plenam
2005 602 2044 684 in¹

277 701 451 788 domino
479 699 663 783 fiduciam
692 701 942 800 obtinentes,
971 721 1011 785 et
1047 721 1276 812 sperantes,
1318 701 1429 812 quod
1474 730 1521 784 ea
1563 729 1644 810 que
1684 718 1817 785 uestre
1857 706 2037 814 prudencie

274 816 584 898 committantur
607 813 807 914 :curabitis
835 816 980 925 exequi
1015 812 1215 910 studiose,
1250 813 1365 894 vobis
1401 812 1585 922 petendi,
1617 814 1823 920 exigendi,
1851 833 1888 896 et
1925 822 2040 926 recipi·

276 925 394 1023 -ondi,
426 951 498 1033 per
526 948 600 1004 uos
630 923 695 1004 uel
722 925 846 1035 ¹alium
873 954 943 1006 seu
972 927 1073 1007 alios
1100 951 1257 1007 omnem
1289 927 1498 1033 pecuniam
1534 925 1586 1006 de
1621 922 1789 1006 denario
1829 927 1928 1006 beati
1958 933 2042 1036 petri

280 1037 448 1119 ecclesie
474 1033 654 1115 Romane
681 1037 722 1118 in
758 1063 883 1146 regno
918 1042 1051 1119 sueeie
1093 1036 1255 1132 debito,
1298 1050 1341 1116 et
1382 1036 1426 1116 in
1473 1035 1614 1117 eodem
1656 1062 1785 1146 regno
1817 1037 2043 1122 collectaria

275 1144 592 1258 quibuscunque
621 1144 674 1227 ad
701 1175 806 1256 qnos
832 1145 970 1229 eadem
998 1149 1169 1260 pecunia
1189 1148 1465 1256 peruenisset,
1500 1153 1689 1258 ipsosque
1724 1149 1883 1228 racione
1909 1170 1946 1232 et
1969 1179 2045 1232 con·

279 1274 384 1370 poto
411 1258 465 1338 ab
491 1260 549 1336 eis
575 1257 694 1337 uobis
723 1258 891 1340 redditis
918 1287 1041 1368 super
1066 1261 1240 1366 receptis
1269 1258 1457 1339 omnibus
1484 1288 1558 1366 per
1587 1257 1764 1354 eosdem,
1801 1257 1851 1338 de
1886 1259 1954 1342 biis
1983 1289 2046 1372 que

274 1369 334 1451 ab
364 1371 461 1478 ipsis
488 1371 720 1477 receperitis
748 1369 950 1479 quittandi
978 1387 1019 1450 et
1045 1365 1303 1465 absoluendi,
1345 1397 1504 1451 necuon
1534 1367 1850 1456 contradictores
1878 1387 1917 1450 et
1942 1371 2048 1453 rebel·

237 1481 243 1492 ’
283 1481 364 1578 les,
392 1507 439 1561 ac
466 1481 729 1588 impedientes
756 1481 960 1590 quoslibet
988 1473 1295 1590 percensuram
1325 1480 1630 1562 ecclesiasticam
1661 1480 1934 1589 appellacione
1962 1500 2048 1591 post

278 1593 411 1704 posita
440 1591 709 1699 conpescendi
738 1593 896 1701 plenam
927 1593 1046 1672 nobis
1071 1590 1329 1673 concedimus
1357 1607 1497 1673 tenore
1534 1593 1783 1702 presencium
1819 1608 2050 1700 potestatem,

244 1695 467 1786 'volumus
495 1719 648 1798 autem,
676 1702 789 1812 quod
816 1705 937 1784 huius
966 1706 1177 1812 pecuniam
1205 1719 1251 1782 tu
1289 1701 1417 1784 frater
1451 1765 1462 1785 .
1501 1768 1510 1786 .
1555 1704 1868 1812 Archiepiseope
1907 1731 1991 1784 urm
2008 1705 2052 1788 ad

279 1813 498 1896 concilium
528 1841 602 1922 per
630 1843 705 1894 nos
732 1831 1002 1896 conuocatum
1031 1831 1072 1895 te
1103 1816 1241 1896 uenire
1268 1816 1506 1922 contigerit,
1549 1842 1627 1897 vna
1670 1843 1763 1895 cum
1807 1807 2052 1922 procuratori·

279 1925 360 2012 bus
387 1927 530 2005 vestris
554 1923 630 2004 filii
658 1925 890 2033 Capitulum
918 1953 1023 2038 quos
1052 1924 1105 2006 ad
1131 1924 1283 2007 dictum
1314 1926 1529 2008 concilium
1560 1929 1858 2022 transmittetis,
1900 1923 1961 2006 Ad
1996 1928 2054 2007 Ca·

281 2065 432 2120 meram
460 2053 637 2116 nostram
666 2034 826 2119 deferre
855 2063 1049 2146 procures
1076 2039 1134 2118 sic
1163 2039 1288 2147 igitur
1322 2033 1466 2119 uos'in
1496 2041 1697 2147 premissis
1739 2037 1933 2119 sollicitos
1967 2038 2055 2120 exhi·

280 2149 398 2245 bere,
426 2147 482 2227 sic
513 2165 724 2260 promptos
750 2165 792 2230 et
819 2148 953 2231 fideles
981 2175 1185 2258 exponere
1214 2165 1255 2228 et
1283 2146 1432 2230 offerre
1467 2153 1635 2246 curetis,
1677 2146 1789 2260 quod
1829 2147 2056 2254 diligenciam

253 2287 403 2372 ‚quam
439 2260 485 2338 in
520 2259 596 2340 hac
632 2276 748 2370 parte
787 2259 981 2344 duxeritis
1023 2257 1315 2357 adhibendam,
1351 2262 1631 2345 commendare·
1674 2261 1817 2343 merito
1862 2259 2057 2358 ualeamus,

258 2397 438 2482 ⁸rosque
466 2387 665 2470 nostram,
693 2387 735 2452 et
763 2374 984 2480 apostolice
1011 2371 1116 2453 sedis
1145 2371 1473 2452 beneuolenciam
1509 2373 1677 2482 ualeatis
1714 2371 1883 2452 uberius
1925 2383 2058 2480 prome·

280 2484 378 2580 reri,
418 2482 566 2566 Datum
599 2486 641 2566 in
669 2486 852 2594 prioratu
881 2483 932 2565 de
957 2482 1173 2566 Grausello
1209 2510 1338 2592 prope
1380 2482 1650 2566 Manlasanam
1687 2483 1951 2566 wasionensis
1981 2480 2059 2582 dio·

100 2661 106 2676 .
280 2595 406 2691 cesis,
434 2591 493 2673 X⁰
526 2594 608 2681 kal.
635 2596 880 2696 decembris,
908 2597 1170 2707 pontificatus
1198 2597 1328 2678 nostri
1356 2621 1463 2676 auno
1490 2598 1648 2707 quinto.

299 3002 460 3147 1646⁴
938 2990 1081 3136 ¹3⁰9
1128 2988 1176 3095 d.
1223 3026 1293 3097 20
1336 2986 1459 3095 Deo
1522 2907 1525 2922 Ι
1614 3054 1619 3071 ,
1926 2979 2062 3089 slat

366 3189 557 3271 Hertigarue
575 3182 676 3249 runs
695 3180 758 3245 och
778 3183 979 3248 wamma
998 3180 1103 3262 lippus
1126 3174 1233 3260 pdbud
1257 3171 1303 3237 till
1327 3174 1495 3236 iustumne
1514 3170 1526 3233 i
1546 3168 1748 3235 ‘l'inndslrnd
1778 3168 1845 3233 och
1877 3166 2063 3234 situantur

373 3325 376 3331 .
409 3294 463 3336 om
484 3268 658 3351 utgdrande
679 3266 717 3328 ri
732 3286 770 3327 en
792 3262 919 3327 terslild
941 3258 1018 3343 gard
1038 3264 1049 3320 i
1071 3261 1253 3344 penningar,
1276 3258 1405 3321 lilssom
1428 3256 1527 3319 andra
1547 3256 1653 3319 arten
1674 3254 1867 3337 iobyggare,
1889 3254 1937 3316 till
1967 3249 2065 3315 utllud·

410 3358 465 3420 ala
487 3354 682 3435 lrigslollets
703 3348 881 3425 adduaade,
904 3344 975 3407 med
997 3342 1204 3406 faststtllande
1225 3342 1262 3403 al
1279 3342 1455 3421 grunderna
1478 3340 1528 3401 liir
1548 3338 1614 3401 desa
1640 3337 1833 3419 liirdelning,
1867 3346 1947 3398 tamt
1976 3334 2064 3397 helall·

409 3442 496 3519 ning,
516 3448 563 3498 att
582 3436 635 3497 vid
657 3437 718 3496 vite
740 3432 777 3494 al
793 3432 851 3494 allt
872 3428 963 3491 daras
983 3427 1060 3509 gods
1080 3426 1259 3489 densamma
1281 3426 1373 3513 inpan
1396 3432 1478 3483 adsta
1497 3420 1782 3505 lyndelsmlssatill
1802 3418 2064 3490 Drctsetallenm,
2124 3478 2125 3491 ,

412 3522 486 3584 med
508 3518 674 3593 idreslrill,
696 3527 741 3579 att
762 3516 869 3594 ingen,
890 3513 917 3593 ej
935 3531 975 3573 eo
1000 3511 1080 3590 gaug
1101 3510 1206 3570 slotts-
1227 3508 1304 3571 eller
1331 3504 1549 3587 kyrloboude‚
1583 3516 1655 3566 utun
1687 3503 1870 3581 blott'deu,
1904 3523 1968 3565 mm
1997 3502 2065 3583 tjertt

411 3602 486 3668 med
507 3600 614 3663 rustad
634 3598 704 3662 hist
721 3598 803 3660 eller
823 3592 967 3659 behoddc
988 3590 1138 3674 gammalt
1159 3588 1348 3675 lyrlogods,
1370 3606 1427 3649 var
1447 3586 1584 3651 derilran
1605 3584 1738 3649 behind.
1839 3666 1911 3738 Μ
1938 3684 1952 3719 ⁸

403 3786 554 3866 Enicas
581 3800 621 3864 et
648 3800 936 3863 wasnauxaos
964 3773 1028 3859 dei
1056 3774 1191 3884 gracia
1219 3770 1341 3853 duces
1367 3796 1589 3869 sweorum,
1629 3768 1833 3850 Omnibus
1863 3765 2068 3861 Tiundian,

292 3916 343 3981 et«
364 3892 581 3980 Atundiam
609 3889 954 3984 inhabitantibus,
990 3889 1035 3996 jn
1069 3884 1234 3966 domino
1270 3882 1549 3979 dileccionem,
1591 3882 1784 3989 graciam,
1828 3896 1873 3961 et
1909 3879 2068 3969 salutem,

291 4011 497 4115 Quoniam
525 4005 576 4088 ad
605 4000 863 4115 quittandum
892 4015 934 4079 et
961 3994 1222 4092 soluendum,
1258 3992 1549 4103 stipendiariis,
1587 3989 1789 4097 videlicet,
1830 3989 2019 4071 militibus
2040 4000 2070 4065 et

293 4120 500 4228 armigeris
527 4120 748 4209 extraneis,
791 4140 895 4223 qaros
913 4121 1021 4217 'pro¹
1041 4107 1275 4190 defensione
1317 4106 1432 4214 regni
1472 4100 1525 4185 ad
1565 4103 1926 4211 recuperacionem
1965 4100 2069 4210 pacis,

294 4217 447 4341 m'agna‘
469 4227 736 4339 perplexitate
763 4220 980 4332 compulsi,
1015 4217 1164 4302 adduci
1198 4215 1384 4313 fecimus,
1429 4216 1582 4295 instans
1619 4214 1833 4295 necessitas
1856 4237 1949 4297 *nos
1986 4236 2072 4293 con·

296 4324 435 4455 pellit,
466 4340 583 4420 vobis
607 4338 713 4419 sieut
740 4332 831 4441 alijs
859 4335 973 4443 regni
1002 4328 1162 4427 ineolis,
1190 4356 1311 4438 super
1341 4325 1646 4409 contribucione
1675 4322 2087 4435 pecuniaria,specia·¹
2124 4432 2125 4443 ,

163 4455 168 4462 ’
298 4456 392 4535 liter
420 4454 625 4546 intimare,
660 4445 846 4529 volumus
882 4443 1011 4525 modis
1038 4440 1225 4533 omnibus
1266 4456 1307 4520 et
1350 4435 1602 4533 mandamus,
1629 4439 1848 4547 quatinus,
1893 4447 2073 4517 omneset

238 4568 240 4573 ’
293 4565 444 4674 singuli
473 4589 598 4673 penes
624 4586 718 4656 vos,
752 4583 897 4637 nouem
938 4554 1190 4637 marcharum
1226 4576 1437 4660 expensas,
1472 4548 1685 4644 babentes,
1728 4576 1850 4629 vnam
1898 4544 2073 4627 marchan

293 4669 573 4771 denariorum,
600 4671 740 4783 etqui
768 4692 838 4748 sex
867 4665 1049 4747 marchas
1077 4668 1121 4755 in
1148 4664 1333 4773 expensis
1369 4661 1606 4756 habuerint,
1635 4656 1843 4742 dimidiam
1878 4656 2072 4745 marcham,

294 4789 370 4899 qui
399 4814 496 4867 vero
522 4804 607 4869 tres
635 4780 814 4864 marchas
843 4780 885 4858 in
914 4775 1118 4887 expensis,
1147 4771 1247 4855 duas
1275 4800 1386 4871 oras,
1414 4790 1455 4854 et
1481 4772 1553 4885 qui
1582 4770 1794 4853 duodecim
1834 4797 1997 4850 orarum
2021 4792 2074 4845 ex·

299 4884 445 5010 pensas
480 4896 716 4989 habuerint,
757 4917 876 4971 enam
920 4916 1032 4968 oram
1076 4886 1233 4988 denen,
1275 4904 1368 4968 ante
1410 4885 1735 4993 purificationem
1766 4879 1889 4963 beate
1930 4874 2073 4986 virginis

299 5015 379 5093 iam
408 5008 653 5119 proximam,
681 5004 739 5114 jta
761 4990 887 5113 quod
905 5016 1005 5083 tune
1031 4996 1085 5083 ad
1116 4994 1296 5081 vltimum
1325 4998 1368 5079 in
1395 5011 1591 5109 promptu
1625 4996 1723 5097 sint,
1760 4990 1973 5077 exsoluere
2006 5002 2072 5069 stu·
