4317 5975
843 335 1259 460 ..6,7..

139 573 386 684 Risaebergb.
454 575 587 655 Anno
615 570 784 655 domini.
825 555 906 657 bl‘.
942 571 1078 660 CCC⁰.
1104 569 1177 660 X⁰.
1213 572 1387 659 sabbato
1419 575 1622 686 proximo.
1660 592 1754 662 ants
1795 577 1942 662 festum

11 692 13 697 ’
139 689 258 770 beate
285 687 523 797 Margaretc.

766 792 1154 876 restauratricem
1174 795 1214 860 de
1235 798 1324 862 Moa.

220 911 279 979 En
300 911 372 978 litet
392 910 456 979 och
476 909 610 976 skadadt
630 908 717 994 aigill
737 907 838 972 tunes
859 911 871 973 i
890 907 1018 992 bebdll3
1039 912 1245 998 Hertigarnes
1266 933 1359 1000 synas
1380 913 1449 980 icke
1471 911 1568 979 balva
1588 911 1697 980 blitris
1717 913 1861 980 dicatu.
1911 901 1914 906 ¹

149 1277 309 1425 1690.
760 1274 914 1388 1310
960 1196 1008 1381 d.
1059 1207 1135 1390 ao
1178 1273 1293 1385 Juli.
1585 1273 1939 1426 Helsingborg.

220 1463 412 1546 Hertigarne
433 1462 517 1527 Em
538 1461 601 1527 och
622 1461 822 1532 Wacamas
842 1461 1009 1534 skrilrelse,
1028 1482 1083 1525 om
1104 1461 1196 1527 dera's
1216 1463 1291 1529 med
1311 1461 1464 1546 brodren,
1485 1453 1939 1554 Ilourrugbirgar,inglugaa

258 1546 434 1631 tiirlikning
456 1567 510 1610 om
530 1548 640 1612 Rilets
660 1547 791 1631 delniug
811 1545 874 1612 och
895 1545 1092 1632 liirvaltniug
1113 1567 1158 1612 m.
1179 1569 1222 1612 m.
1557 1629 1590 1690 L·
1608 1631 1637 1690 d·
1652 1629 1693 1688 H:
1714 1651 1742 1698 h
1759 1633 1802 1704 Q

244 1731 391 1812 Eatccs
418 1746 459 1811 et
486 1731 766 1814 vcspasianus
795 1733 928 1812 Duces
956 1729 1174 1830 Sueorum,
1216 1729 1412 1814 omnibus·
1439 1749 1655 1841 praesentes
1688 1734 1842 1817 litteras
1874 1734 1935 1814 in·

11 1872 13 1875 ·
136 1843 334 1952 spectnris
360 1842 527 1923 salutem
559 1845 598 1922 in
628 1843 804 1923 Domino
839 1843 1134 1952 sempiternam.
1197 1841 1397 1926 Noverint
1432 1845 1630 1943 universi,
1670 1845 1785 1958 quod
1825 1869 1936 1926 anno

136 1955 296 2035 Domini
327 1953 368 2034 M
386 1955 499 2035 CCC.
521 1954 572 2036 X.
602 1954 712 2035 XIII.
744 1937 905 2034 kalend.
934 1955 1108 2062 Augusti
1137 1941 1249 2061 apud
1277 1954 1592 2066 Helsingborglr,
1619 1958 1725 2040 inter
1754 1955 1935 2064 magnili-

54 2123 60 2128 -
134 2093 225 2146 cum
254 2066 504 2173 Principem,
533 2063 749 2146 Dominum
787 2065 997 2174 Birgerum
1031 2065 1179 2176 Regem
1224 2064 1394 2164 Sueciae,
1437 2066 1601 2149 fratrem
1644 2085 1852 2164 nostrum,
1891 2079 1935 2147 et

135 2178 238 2273 Nos,
266 2203 389 2284 super
417 2174 627 2259 discordiis
656 2177 850 2257 hactenus
879 2176 995 2257 motis
1030 2191 1072 2256 et
1104 2174 1277 2273 habitis,
1319 2178 1472 2260 exstitit
1511 2178 1645 2260 taliter
1687 2180 1967 2288 placitatum·
2000 2179 2009 2184 ’

135 2288 324 2396 Inprimis
352 2287 463 2396 quod
491 2288 583 2396 Ipse
611 2285 760 2368 habere
787 2286 933 2369 debeat
960 2315 1051 2367 cum
1080 2287 1190 2370 omni
1218 2286 1311 2394 jure
1338 2304 1379 2369 et
1408 2288 1607 2387 dominio,
1636 2292 1722 2371 sine
1758 2287 1932 2370 diminu-

134 2401 245 2479 tione
272 2398 475 2509 qualibet,
502 2417 628 2480 terras
656 2398 952 2504 infrascriptos,
995 2396 1148 2478 scilicet
1191 2398 1460 2508 Helsingiam,
1504 2395 1811 2498 Fiedrundiam,
1852 2417 1934 2481 tres

134 2510 365 2620 provincias
392 2509 434 2589 in
465 2511 744 2606 Vestmannia,
772 2533 875 2620 quas
902 2509 1017 2618 prius
1044 2507 1207 2604 habuit,
1236 2525 1363 2592 totam
1379 2509 1580 2593 dioecesin
1596 2511 1933 2622 strengenensem

134 2637 176 2702 et
203 2635 378 2702 castrum
410 2621 623 2729 Nycopiae,
653 2638 799 2702 terram
828 2619 1052 2728 Ostgotbiae
1080 2637 1120 2702 et
1148 2635 1322 2702 castrum
1359 2618 1606 2730 Stekeborg,
1645 2637 1795 2704 terram
1829 2617 1930 2702 Vid-

133 2731 209 2829 bo,
237 2731 408 2813 insulam
438 2732 627 2829 Visinxo,
655 2731 842 2831 Grenna,
870 2729 1026 2840 Wijstlr
1055 2747 1096 2812 et
1124 2729 1302 2840 Tuetha,
1331 2731 1745 2844 terram'Nydiunge,
1780 2743 1931 2815 terram

131 2840 361 2940 Finwidiae,
389 2860 537 2925 terram
563 2839 796 2942 Verendiae,
825 2858 865 2924 et
893 2857 1042 2924 terram
1086 2841 1345 2926 Gothlandiae
1386 2871 1478 2926 cum
1521 2843 1651 2953 Visby
1679 2864 1720 2929 et
1754 2859 1932 2928 castrum

132 2955 176 3037 in
203 2953 403 3065 Wiborg,
432 2957 508 3055 ita,
535 2953 648 3066 quod
677 2954 797 3038 nobis
825 2981 1019 3064 expensas
1048 2954 1228 3065 plenarie
1256 2952 1471 3053 refundat,
1496 2955 1530 3037 si
1558 2983 1661 3068 quas
1689 2983 1767 3069 pro
1788 2953 1932 3039 usibus

129 3069 256 3176 ipsius
282 3068 404 3148 castri
430 3084 616 3149 constare
644 3069 795 3177 poterit
824 3093 899 3147 nos
926 3066 1078 3150 fecisse.
1141 3067 1241 3149 Item
1270 3068 1405 3149 omnia
1440 3067 1549 3151 bona
1584 3096 1655 3149 sua
1691 3066 1932 3180 patrimoni·

109 3179 209 3260 'alia
237 3194 278 3259 et
304 3179 521 3289 acquisita,
549 3206 624 3261 nec
653 3206 735 3260 non
758 3194 800 3260 et
827 3195 982 3288 partem
1012 3179 1054 3258 in
1085 3195 1220 3261 monte
1248 3180 1384 3287 cupri,
1419 3206 1513 3291 quas
1549 3183 1681 3288 ipsum
1717 3176 1931 3261 lraeredita·

131 3292 194 3370 rio
220 3288 309 3397 jure
336 3292 558 3402 contingit3
590 3289 662 3387 bis,
690 3318 783 3400 quae
808 3305 1056 3399 sequuntur,
1098 3292 1277 3399 exceptis
1316 3292 1457 3387 curiis,
1485 3288 1674 3373 videlicet
1714 3290 1933 3385 Simnnxb,

131 3402 263 3482 insula
306 3401 471 3502 Morbo,
512 3401 653 3483 insulis
696 3403 895 3481 concessis
935 3401 1113 3485 Henrico
1153 3402 1375 3510 Borgravio
1414 3400 1465 3482 de
1507 3400 1767 3510 stromberg,
1807 3400 1931 3485 curiis

132 3512 245 3622 Harg
273 3528 315 3593 et
342 3512 527 3623 Sponga,
555 3530 596 3597 et
623 3511 882 3609 molendinis,
910 3540 1002 3623 quae
1030 3541 1053 3593 a
1081 3512 1202 3595 nobis
1229 3513 1335 3595 idem
1363 3513 1485 3593 titulo
1515 3514 1822 3623 permutationis
1857 3511 1933 3591 ha·

130 3623 240 3719 buit,
269 3624 309 3703 in
369 3652 513 3705 uarum
540 3623 955 3734 recompensationem
983 3626 1159 3707 restituit
1187 3626 1272 3734 ipse
1299 3627 1453 3705 curiam
1482 3624 1636 3733 Ekeby.
1682 3626 1784 3706 Item
1813 3622 1932 3705 bouis

129 3735 313 3816 Dominae
338 3654 547 3834 lladbvix,
576 3752 619 3815 et
645 3736 728 3815 suis
756 3732 984 3814 haeredibus
1015 3731 1185 3816 dimissis
1221 3759 1294 3843 per
1337 3750 1494 3815 nostras
1537 3752 1720 3842 patentes
1755 3737 1932 3829 litteras,

129 3862 172 3928 et
200 3847 319 3928 bonis
346 3845 645 3954 pertinentibus
672 3842 725 3925 ad
758 3845 975 3925 Dominum
1005 3843 1232 3953 Tyrgillum
1267 3842 1469 3954 quondam
1497 3844 1781 3942 Marscalcum,
1808 3842 1934 3925 curiis

128 3955 371 4052 Faaldanes,
399 3958 554 4041 colonis
576 3958 619 4037 in
647 3954 808 4037 duabus
835 3954 958 4036 curiis
986 3954 1028 4034 in
1058 3955 1265 4035 Suennum
1293 3970 1370 4037 ete.
1404 3954 1505 4035 Item
1534 3954 1789 4037 medietatem
1823 3950 1933 4035 'redi-
1978 4036 1982 4041 ,

129 4087 246 4151 tuum
276 4070 601 4176 provenientium
629 4067 680 4150 de
707 4065 811 4146 villa·
832 4064 962 4172 Visby
988 4081 1030 4145 et
1057 4080 1164 4146 terra
1195 4064 1454 4149 Gothlandiae
1482 4065 1534 4149 ad
1563 4082 1720 4174 tempus
1757 4068 1932 4181 praesens

128 4181 182 4264 tis
208 4179 493 4290 placitationis.
550 4181 649 4263 Aliis
677 4204 775 4258 vero
808 4180 945 4273 terris,
978 4178 1121 4257 eastris
1149 4194 1190 4257 et
1218 4176 1416 4260 reditibus
1443 4180 1558 4288 regni
1594 4178 1746 4259 Sueeiae
1783 4176 1932 4259 nostris

128 4293 271 4375 usibus
305 4292 623 4387 remanentibus,
666 4290 723 4370 ita
765 4288 876 4397 quod
920 4290 1078 4369 ratione
1121 4306 1340 4386 terrarum,
1380 4305 1604 4373 castrorum
1633 4305 1676 4370 et
1703 4287 1928 4386 redituum,

130 4403 258 4487 eidem
289 4402 404 4484 fratri
435 4408 574 4485 nostro
601 4401 790 4509 homagio
818 4400 903 4481 Nos
931 4400 1019 4505 pari
1049 4427 1168 4481 manu
1197 4417 1238 4480 et
1266 4404 1494 4499 conamine,
1522 4416 1563 4482 et
1590 4402 1631 4482 in
1660 4400 1834 4483 solidum
1857 4424 1935 4480 nos
1967 4432 1971 4447 ¹

130 4515 401 4623 astringimus.
456 4516 509 4595 Et
536 4516 571 4595 si
599 4514 769 4594 alterum
801 4528 984 4592 nostrum
1015 4514 1118 4592 mori
1147 4515 1379 4620 contingat,
1420 4530 1519 4593 tunc
1554 4528 1694 4612 terrae,
1733 4529 1863 4594 castra
1889 4522 1933 4589 et

59 4638 65 4647 '
130 4627 288 4709 reditus
316 4624 499 4733 praedicti
528 4624 579 4707 ad
614 4626 869 4733 superstitem
915 4623 1167 4731 integraliter
1207 4623 1481 4705 revolvantur.
1552 4625 1671 4706 Item·
1697 4624 1932 4733 placitatum

129 4753 215 4834 est,
239 4735 351 4848 quod
382 4734 486 4817 idem
516 4737 641 4819 frater
668 4724 878 4816 noster-in
905 4735 1024 4815 terris
1050 4761 1127 4816 suo
1155 4732 1336 4816 dominio
1364 4732 1555 4832 dimissis,
1583 4734 1694 4816 nulla
1723 4754 1853 4818 castra
1882 4728 1936 4814 dc
2018 4736 2021 4744 ’

130 4875 244 4931 noro
270 4863 500 4947 construat,
533 4876 606 4931 nec
635 4874 708 4929 nos
737 4848 779 4929 in
809 4847 927 4926 terris
954 4846 1102 4927 nostris
1130 4872 1244 4927 versa
1266 4846 1369 4928 'vice
1422 4844 1625 4958 Quodque
1654 4876 1791 4929 omnes
1819 4844 1934 4952 regni
2043 4932 2048 4940 ,

133 4958 287 5085 sueciae
311 4956 475 5058 incolae,
501 4961 542 5041 iu
572 4958 851 5071 cujuscunque
879 4953 1061 5040 dominio
1090 4956 1264 5055 fuerint,
1298 4954 1536 5067 gaudebuut
1563 4958 1645 5041 suis
1679 4956 1937 5041 libertatibus
2150 5068 2152 5075 Ι
