4317 5975
814 407 925 508 *r
982 365 1069 464 aar·
1172 413 1238 440 -ι

112 580 182 687 ,gii
210 571 520 692 quonicthclibet
539 579 784 666 ‹delerentcs
805 595 984 669 ‘omnem
1003 573 1428 697 operam-pietatis'et
1455 587 1625 680 eliorum
1655 587 1930 700 spieitualiuna
2045 555 2053 567 ¹
2139 539 2141 546 Ι

123 691 328 773 bonorum
357 707 404 772 et
424 692 714 802 beneficiorum
729 723 827 807 que
849 696 954 778 fiunt
981 713 1022 780 et
1045 698 1380 808 ficrilcontigerit
1396 703 1437 782 in
1454 700 1652 808 hospitali
1670 715 1713 781 et
1726 751 1731 771 »
1743 703 1930 809 passagia

121 802 367 910 supradictis
395 807 613 914 participes
640 833 725 887 esse
753 807 941 890 uolumus
965 827 1010 890 et
1036 828 1256 893 consortes.
1275 807 1413 894 ¹Vobis
1428 806 1553 918 igit'ur
1576 809 1929 922 auctoritateapoe

121 914 263 994 stolica
293 913 1230 1033 districtius'iniungisrusutquociescumque
1258 949 1330 1004 vos
1359 924 1566 1005 missarum
1597 918 1928 1030 sollempniacee

120 1019 288 1108 labrare.
309 1027 536 1136 contigerit.
567 1029 959 1114 Oraciones'dontra
987 1050 1238 1140 paganorum
1269 1033 1477 1140 perfidiam
1508 1062 1582 1143 per
1605 1033 1928 1130 'ecclesismopa
1968 1117 1973 1138 ¹

121 1133 293 1218 dinatas.
320 1166 496 1248 quarum
524 1141 657 1248 prima
682 1142 1224 1252 Omnipoteossempiterne
1253 1142 1362 1225 deus.
1394 1143 1575 1226 Secunda
1595 1144 1829 1254 ‚specialiter
1857 1141 1927 1226 de-

119 1264 264 1356 putata
279 1247 327 1329 ad
343 1266 539 1332 secretam
565 1249 993 1336 Sacrificiumdcmine
1008 1271 1061 1336 et
1090 1256 1255 1342 terciam
1272 1251 1365 1335 dici
1383 1273 1476 1364 post
1496 1257 1817 1351 communionem
1834 1283 1926 1365 pre-

13 1420 15 1424 >
104 1359 240 1467 ¹cipue
267 1366 501 1443 consuetam
531 1365 744 1445 Protector
763 1365 973 1475 incipiunt
1000 1365 1161 1447 deuotis
1189 1364 1392 1468 mentibus
1420 1365 1636 1448 effundatis
1664 1384 1708 1448 vt
1725 1375 1811 1474 ,per
1842 1370 1927 1448 sin-

13 1572 14 1575 q
119 1469 235 1582 gulas
264 1499 459 1582 personas
486 1475 858 1587 ecclesiasticas-in
905 1473 1141 1560 sacerdocio
1183 1479 1422 1562 constitutas
1466 1476 1583 1561 uobis
1625 1477 1826 1560 subiectas
1856 1480 1927 1587 pio

120 1584 256 1688 cordis
271 1585 422 1669 affectu
450 1582 530 1666 dici
559 1589 601 1666 in
629 1589 839 1670 missarum
865 1589 1088 1672 earundem
1117 1589 1262 1696 officijs
1290 1587 1455 1671 faciatis.
1484 1588 1670 1670 Personis
1698 1608 1830 1678 autem
1850 1617 1926 1672 cc·

36 1717 40 1725 ·
119 1696 350 1780 clesiasticis
378 1695 563 1779 uolentes
592 1697 753 1806 plenius
782 1700 1000 1808 prouidere
1027 1697 1266 1799 diocesanis
1294 1725 1435 1782 eornm
1463 1696 1725 1808 dispensandi
1752 1703 1925 1782 cumeis
2062 1699 2067 1705 ’

118 1809 313 1919 quicum
341 1837 364 1890 a
392 1836 546 1890 canone
575 1811 639 1890 uel
668 1810 722 1892 ab
755 1810 921 1892 homine
953 1812 1077 1895 latam
1118 1812 1549 1895 excommunicacionis
1590 1813 1841 1892 sentenciam
1861 1816 1927 1893 in·

118 1921 339 2004 currissent
364 1919 675 2028 irregularitatis
717 1939 855 2003 notam
884 1925 925 2002 in
969 1921 1176 2004 miscendo
1206 1951 1247 2007 se
1282 1921 1432 2004 diuinis
1462 1921 1603 2003 officiis
1630 1919 1955 2018 contraxerunt
2022 2007 2027 2016 ,

118 2031 186 2112 uel
204 2031 260 2110 ob
282 2030 322 2112 id
353 2031 458 2112 infra
487 2029 640 2113 dictum
669 2034 993 2144 quinquennium
1022 2033 1262 2116 contrahere
1289 2035 1402 2144 'ipsos
1430 2035 1647 2142 contigerit
1675 2032 1772 2132 dum
1803 2035 1924 2116 modo
2015 2113 2017 2118 .

118 2157 276 2224 tantum
307 2140 359 2223 de
388 2143 507 2224 bonis
520 2169 660 2225 eorum
677 2149 866 2254 magistro
895 2161 936 2224 et
965 2144 1160 2235 fratribus
1182 2147 1279 2254 ipsis
1301 2171 1379 2254 pro
1398 2145 1579 2227 subsidio
1595 2145 1812 2224 memorate
1833 2174 1924 2254 per·

116 2252 541 2373 soluerint‘quantum
571 2256 849 2363 expenderent
877 2258 920 2337 in
949 2255 1153 2337 ueniendo
1183 2255 1235 2337 ad
1261 2277 1469 2339 romanam
1502 2255 1654 2338 curiam
1668 2271 1709 2334 et
1725 2255 1924 2343 morando·

118 2367 161 2446 in
191 2365 277 2474 ipsa
306 2389 382 2474 pro
412 2363 717 2474 dispensacione
755 2365 988 2450 huiusmodi
1030 2366 1253 2478 optinenda
1288 2383 1329 2449 et
1370 2369 1579 2451 redeundo
1620 2367 1747 2448 eciam
1775 2365 1826 2446 ab
1856 2395 1923 2449 ea·

13 2521 28 2547 2
116 2475 207 2557 dem
237 2477 313 2556 nisi
342 2476 448 2558 forte
493 2479 534 2557 in
578 2480 789 2589 episcopos
824 2480 889 2561 uel
916 2477 1084 2570 abbates
1115 2479 1177 2562 uel
1222 2478 1322 2562 alios
1349 2481 1577 2590 superiores
1606 2480 1795 2586 proprios
1823 2479 1923 2560 inie·
2050 2475 2054 2486 '

116 2588 265 2670 cissam
293 2592 435 2669 manus
459 2605 609 2670 temere
635 2591 844 2673 violentas.
900 2594 1144 2702 Postquam
1173 2592 1227 2673 ab
1254 2591 1719 2673 excommunicacionum
1762 2607 1923 2674 sentcn-

24 2797 29 2804 .
117 2700 189 2782 ciis
217 2727 320 2810 quas
347 2700 605 2782 incurrerant
631 2702 698 2784 uel
726 2703 935 2784 incurrere
963 2705 1072 2811 ipsos
1100 2704 1317 2812 contigerit
1344 2720 1527 2814 tempore
1545 2698 1922 2809 supradictoiuxta
1998 2765 2016 2792 .,

116 2811 287 2892 formam
317 2801 481 2901 ecclesie
512 2810 663 2894 suerint
690 2812 865 2894 absoluti
901 2815 1062 2924 plenam
1100 2817 1342 2898 auctoritate
1384 2813 1636 2926 presencium
1665 2805 1922 2894 concedimus
1960 2889 1970 2902 ,
2005 2839 2048 2904 ·,

116 2922 346 3006 facultatem
390 2924 591 3005 Omnibus
620 2926 787 3036 insuper
812 2942 854 3007 et
880 2925 1048 3037 singulis
1091 2941 1171 3007 tam
1201 2927 1355 3009 clericis
1383 2955 1513 3039 quam.
1533 2923 1665 3023 laicis
1684 2924 1920 3005 cuiuscum-

13 3103 16 3113 ᾗ
117 3060 198 3148 que
227 3034 778 3145 dignitatis:preeminencie.
812 3031 964 3119 orilinis
1005 3035 1256 3145 condicionis
1292 3040 1357 3119 uel
1386 3056 1513 3124 status
1541 3038 1717 3118 existant
1744 3034 1822 3116 sub
1857 3038 1922 3117 in-

115 3138 898 3256 terminacione,malediceionis'eterne
925 3148 1155 3238 districcius
1179 3148 1406 3233 inhibemus
1435 3179 1486 3239 ne
1545 3148 1757 3259 ueinquam
1788 3147 1920 3257 quod·
1987 3136 1991 3151 ’

117 3260 179 3341 uis
205 3256 428 3339 subsidium
456 3260 500 3340 in
528 3258 639 3341 dicto
675 3263 860 3371 passagio
901 3260 1052 3344 eisdem
1095 3262 1287 3368 magistro
1329 3279 1369 3343 et
1412 3179 1605 3342 iratribus
1648 3254 1920 3357 exhibere'ab

12 3386 15 3399 ¹
116 3369 349 3469 huiusmodi
376 3369 587 3470 voluntate
612 3373 818 3453 retrahere
846 3373 913 3454 uel
941 3376 983 3454 in
1013 3371 1190 3483 quoduis
1232 3359 1344 3454 aliud
1381 3373 1647 3481 eciampium
1679 3395 1783 3479 opus
1810 3397 1920 3450 com-

116 3497 280 3576 mutare.
300 3479 366 3564 uel
393 3510 479 3593 quo
508 3484 640 3578 minus
667 3483 902 3585 huiusmodi
927 3486 1122 3592 largiatur
1149 3484 1371 3567 subsidium
1395 3484 1522 3565 verbo
1550 3483 1613 3563 vel
1642 3498 1764 3589 opere
1792 3482 1919 3589 impe·

115 3592 202 3677 dire
231 3608 446 3702 presumat.
475 3592 610 3705 Siquis
638 3623 738 3677 uero
766 3613 908 3680 contra
938 3614 1118 3678 nostram
1148 3595 1468 3703 prohibicionem
1490 3589 1720 3675 huiusmodi
1748 3608 1919 3703 attemp-

114 3722 204 3811 tare
232 3705 706 3814 presumpserineandem
736 3724 780 3808 et
806 3708 1082 3815 apostolorum
1107 3708 1287 3813 ipsorum
1317 3736 1363 3788 ac
1392 3722 1571 3787 nostram
1600 3734 1621 3785 a
1651 3732 1731 3813 qua
1761 3702 1920 3783 nullum

115 3816 272 3901 absolui
302 3814 487 3897 volumus
516 3835 651 3924 preter
681 3844 804 3927 quam
833 3821 876 3898 in
914 3819 1053 3900 mortis
1080 3814 1253 3897 articulo
1299 3843 1513 3925 quousque
1540 3814 1709 3923 duplum
1740 3812 1918 3895 eiusdem

114 3925 284 4011 subsidii
310 3926 542 4008 exhibuerit
570 3928 684 4037 quod
712 3956 787 4036 per
815 3925 1090 4037 impedimenti
1120 3928 1411 4035 prestacionem
1433 3921 1661 4009 huiusmodi
1689 3922 1795 4006 dicte
1810 3941 1917 4005 terre
1965 3955 1993 4024 j

13 4126 19 4135 ,
114 4039 368 4135 subtractum
396 4039 595 4121 exstiterit
635 4066 678 4135 se
718 4043 887 4122 ‘nouerit
913 4043 1170 4121 incursurum
1186 4039 1382 4149 videoque
1426 4037 1716 4120 fraternitatem
1745 4051 1919 4118 vestram

115 4178 325 4232 monemus
353 4165 395 4229 et
422 4148 634 4231 hortamur
661 4151 703 4232 in
733 4151 815 4232 lilio
844 4150 911 4233 dei
951 4152 1077 4260 patris
1115 4149 1232 4233 vobis
1281 4150 1524 4260 iniungimus
1556 4150 1612 4228 in
1641 4148 1791 4227 virtute
1820 4145 1917 4226 obe-

114 4262 272 4347 diencie
303 4260 487 4344 districte
515 4260 780 4370 precipiendo
809 4260 1043 4344 mandantes
1070 4262 1273 4367 Quatinus
1302 4280 1483 4344 tenorem
1512 4276 1553 4340 ct
1583 4257 1753 4339 formam
1782 4256 1917 4338 indul·

114 4374 350 4485 genciarum
377 4370 610 4453 huiusmodi
637 4374 777 4466 christi
805 4372 992 4477 fidelibus
1019 4374 1077 4453 eis
1107 4373 1318 4482 proposito
1347 4372 1472 4458 verbo
1499 4370 1565 4452 dci
1592 4368 1809 4452 dominicis
1836 4368 1918 4452 sin·

115 4486 222 4594 gulis
250 4500 291 4565 et
320 4484 477 4565 festinis
503 4499 546 4565 et
572 4481 661 4565 aliis
688 4482 832 4569 diebus
859 4486 911 4566 de
938 4486 1089 4595 quibus
1119 4481 1334 4593 expediens
1363 4484 1485 4565 luerit
1514 4484 1557 4565 in
1584 4480 1759 4565 ecclesiis
1787 4497 1828 4561 et
1857 4478 1916 4559 lo·

114 4598 173 4679 cis
189 4613 437 4699 uestrarum
452 4595 662 4677 ciuitatum
689 4612 731 4677 et
759 4596 976 4681 diocesium
1018 4598 1306 4690 inmissurum
1349 4595 1597 4705 sollempniis
1625 4611 1665 4675 et
1692 4591 1779 4673 aliis
1807 4592 1917 4677 horis

99 4704 434 4816 congruentibus
463 4706 681 4815 publicetis
709 4736 756 4789 ac
785 4734 858 4817 per
885 4727 1062 4795 rectores
1081 4706 1340 4789 ecclesiarum
1369 4722 1409 4787 et
1439 4703 1738 4815 predicatorum
1768 4706 1814 4784 ac
1846 4704 1916 4783 mi·
1982 4715 1985 4723 ’

118 4846 264 4902 norum
293 4814 659 4934 ordinumlratres
679 4831 728 4903 'et
754 4819 855 4902 alios
868 4821 1076 4927 religiosos
1095 4820 1160 4923 uel
1176 4844 1369 4927 personas
1383 4817 1667 4901 ecclesiasticas
1695 4813 1916 5013 eappndem

194 4978 200 4992 ,
254 4939 563 5018 auunculi.
606 4939 614 5013 J
663 5011 667 5022 .
884 4960 890 4971 ·
1253 4968 1255 4975 ,
1481 4958 1484 4967 =
1666 4948 1669 4956 ·
1816 4977 1847 5026 a·
