4317 5975
816 309 1252 494 *9³⁹⁶
1360 430 1430 518 ··,,

252 662 256 674 «
307 636 451 692 norum
480 626 521 691 et
547 611 839 718 possessionum
866 608 1241 704 commutationem,
1277 608 1384 687 inter
1412 606 1541 715 ipmrn
1571 608 1787 691 Dominum
1813 623 1971 705 nostrum
1993 626 2049 709 Re.

238 760 243 768 ·
305 752 395 830 gem
424 737 466 800 et
495 748 569 801 nos
597 722 673 801 rite
700 738 741 801 et
770 720 945 827 legitime
974 717 1142 815 lcctsm,
1183 732 1265 798 tam
1304 734 1429 799 nun
1457 734 1498 799 et
1526 719 1827 805 irrevocabilem
1853 728 1979 813 babere
2000 757 2058 817 ro·

307 832 440 912 lomus
467 858 517 911 ex
545 846 718 941 utruque
746 848 873 940 parte,
900 830 1013 942 qnod
1044 856 1177 941 neque
1193 851 1265 939 per
1293 826 1466 911 eundem
1488 832 1705 911 Dominum
1737 853 1908 921 nostrum
1930 844 2054 953 liegen,
2099 830 2101 835 ’

305 944 440 1052 'neque
470 941 543 1051 per
570 968 645 1023 nos
672 942 735 1025 v‘el
765 943 931 1032 heredes
965 956 1126 1023 nostros
1167 956 1239 1021 aut
1273 965 1369 1021 suos
1414 946 1594 1024 reuocari
1624 944 1774 1040 valent,
1812 970 1879 1033 sut
1904 954 2053 1065 eliquats

255 1086 258 1091 ·
303 1080 381 1135 nus
410 1055 571 1133 irritari.
603 1054 691 1136 Hoc
724 1056 844 1135 etism
879 1054 1059 1163 adjecto,
1100 1051 1212 1163 quud
1240 1048 1403 1163 siquid
1431 1056 1473 1135 in
1502 1054 1642 1151 bonis,
1684 1056 1832 1163 prediis
1857 1063 1914 1141 rel
1940 1093 2053 1170 posscs-

246 1162 251 1172 ’
301 1163 723 1273 sionibuspretiietis,
757 1189 841 1278 que
877 1164 1056 1273 nosipsi
1085 1164 1259 1245 Domino
1301 1181 1442 1245 nostro
1468 1166 1570 1274 Regi
1609 1168 1828 1249 dimisimus
1860 1188 1898 1251 et
1922 1178 2054 1283 asign-

302 1279 507 1369 narimus‚
536 1278 761 1385 impetitum
792 1280 856 1359 rel
885 1276 1158 1385 calumpniose
1187 1274 1310 1356 fuerit
1339 1274 1595 1386 impeditum,
1630 1279 1686 1359 ita
1715 1279 1826 1389 quod
1855 1282 1924 1365 boc
1948 1286 2054 1371 diebus

300 1388 454 1469 nostris
480 1388 564 1503 sibi
586 1414 669 1469 uon
704 1392 926 1499 poterimus
952 1390 1241 1497 appropriare,
1269 1388 1332 1468 vel
1361 1386 1413 1471 de
1444 1388 1592 1497 prediis
1612 1392 1761 1471 nostris
1790 1392 1876 1473 aliis
1900 1396 2053 1479 sullicieu·

298 1508 365 1578 ter
393 1498 629 1596 refundere,
669 1499 836 1582 heredes
881 1517 1042 1582 nostros
1085 1496 1152 1578 sd.
1176 1497 1255 1578 boc
1297 1498 1525 1581 laciendum
1562 1528 1648 1582 esse
1676 1501 1862 1584 volumus
1886 1506 2054 1613 obligatos.
2106 1518 2110 1528 ‘

262 1680 266 1687 .
300 1609 494 1691 Similiter
522 1626 564 1691 et
592 1613 676 1719 ipse
692 1614 902 1718 *Dominus
930 1605 1067 1691 noster
1094 1610 1180 1691 Res
1209 1604 1419 1691 tenebitur
1446 1610 1497 1691 url
1529 1626 1684 1693 tanturn
1708 1612 1828 1695 nobis
1855 1616 1913 1695 rel
1938 1619 2055 1699 heredi·

157 1782 163 1791 ,
300 1720 379 1801 bus
407 1720 895 1818 nostris‘reiundendum,
929 1724 1034 1802 sieut
1061 1718 1114 1801 de
1142 1721 1334 1829 predictis
1363 1724 1681 1829 possessionibus
1709 1742 1781 1805 aut
1812 1724 1949 1833 prediis
1972 1733 2056 1811 nobis

262 1890 267 1909 ‘
298 1833 1020 2025 tili'alfstttirbitlttiltt
1033 1831 1155 2053 fu{ii
1173 1830 1265 2050 ,lli
1278 1831 1536 2053 ibiibi
1553 1832 1739 2052 sibl
1759 1834 1907 2031 iiim
1921 1840 2057 2033 sill

194 2048 199 2055 ’
295 2048 404 2135 idem
426 2054 589 2133 nomine
617 2007 693 2133 sub
720 2056 928 2138 tenebitur
954 2004 1187 2162 adimplere.
1216 2054 1262 2133 ln
1293 2057 1576 2162 premissorum
1608 2058 1735 2163 igitur
1761 1974 1936 2139 omnrbb
1960 2014 2056 2143 rbbur

298 2180 340 2245 et
375 2161 619 2245 euidentiam
649 2166 891 2276 pleniorem,
919 2192 999 2245 uus
1027 2192 1118 2245 cum
1148 2164 1298 2275 Sigillis
1320 2165 1529 2248 Nobilium
1546 2170 1815 2250 Domitiorum
1840 2170 1943 2251 Erici
1966 2170 2057 2251 Sueu-

218 2371 222 2375 ⁷
296 2283 387 2357 rum
415 2290 457 2355 et
485 2274 736 2358 Waldemari
764 2275 976 2359 Finlandie
1001 2275 1139 2357 diuina
1169 2275 1424 2383 providentia
1460 2279 1642 2376 Ducum,
1670 2308 1717 2360 ac
1743 2280 1916 2363 sitorum
1944 2282 2061 2363 uses·

296 2402 432 2466 torum
460 2383 514 2466 de
540 2388 710 2467 consilio
737 2390 863 2496 ipsius
891 2388 1054 2469 Domini
1101 2388 1229 2468 nostri
1272 2388 1394 2496 Regis
1435 2387 1645 2471 Sweorum
1689 2390 1878 2488 illustris,
1916 2391 2058 2499 Sigillum

297 2512 481 2577 nostrum
524 2500 777 2607 presentibus
806 2516 868 2579 est
896 2526 1133 2607 appensum.
1191 2499 1342 2579 Datum
1381 2498 1510 2581 srsnu
1546 2504 1669 2583 Auno
1697 2504 1862 2585 Domini
1891 2502 2058 2587 Miliesino

170 2634 187 2657 ··
234 2664 238 2671 .
293 2607 483 2748 cccsss.
511 2626 661 2719 quarto
690 2612 783 2693 Kal.
812 2613 993 2721 Augusti.

305 2888 475 3037 1404.
840 2920 844 2929 ·
954 2868 1104 2981 1303
1150 2866 1198 2981 d.
1253 2913 1272 2981 t
1325 2870 1453 3022 Aug.
1535 2910 1540 2919 ·
1798 2789 2076 3020 Linlrbpiugr

360 3064 564 3142 „Lissum
582 3061 798 3125 Donoussm
818 3061 907 3144 lntyg
928 3071 974 3124 stt
999 3061 1226 3146 liyrloberrleu
1248 3061 1360 3126 Fierid
1382 3065 1391 3122 i
1413 3059 1548 3141 Heilsby
1575 3081 1616 3124 cu
1639 3059 1686 3124 till
1715 3061 1872 3146 llisbopen
1892 3059 2059 3122 'o‘irerlenmr

427 3149 472 3207 rin
495 3145 640 3208 romrtirr
664 3146 853 3230 Liuliipiugs
873 3145 1048 3228 domiyrin
1081 3147 1220 3208 stsrsdda
1250 3145 1395 3226 rittigbet
1417 3145 1426 3204 i
1450 3139 1621 3205 Lindebult
1653 3143 1723 3206 med
1757 3145 1805 3206 lb's
1838 3141 1897 3206 ocb
1919 3131 2059 3226 insumi

425 3226 579 3290 liirbebill
600 3227 709 3290 endunt
729 3231 768 3290 sl'
783 3225 970 3289 kcmmuude
991 3229 1082 3289 treu-
1095 3228 1279 3310 albsstuing·
1765 3304 1836 3368 „R
1853 3324 1895 3380 w
1914 3310 1966 3364 „a

1855 3348 1866 3380 r

301 3525 305 3532 .
348 3453 358 3473 '
402 3446 603 3526 Omnibus
633 3461 834 3554 presentes
863 3444 1016 3526 litteras
1045 3444 1298 3550 inspecturis,
1327 3464 1584 3524 vsrvsnsrrss
1612 3444 1754 3526 crvruu
1783 3445 2062 3532 Lrncorsnsrus‚

170 3579 177 3605 ⁸
288 3556 457 3638 salutem
487 3559 528 3638 in
556 3557 753 3652 Domino,
782 3555 978 3635 Constare
1014 3553 1199 3634 volumus
1242 3553 1473 3650 euidenter,
1516 3554 1628 3664 quod
1659 3555 1861 3637 Dominus
1904 3547 2063 3634 Finuidus

95 3697 102 3708 ·
193 3739 198 3746 .
289 3687 425 3749 rector
452 3668 616 3750 ecclesie
643 3663 693 3746 de
723 3666 909 3774 Haesleby
938 3667 980 3746 in
1010 3681 1147 3745 nostra
1167 3667 1364 3774 presentia
1395 3669 1650 3759 constitutus,
1669 3669 1908 3772 recognocit
1935 3683 1971 3744 et
1994 3685 2064 3742 con·

289 3778 415 3860 fessus
443 3797 520 3878 est,
549 3775 660 3891 quod
691 3794 872 3890 tempore
902 3775 1143 3857 venerabilis
1178 3779 1301 3888 patris
1329 3777 1521 3886 Episcopi
1553 3777 1738 3872 Henrici,
1768 3777 1897 3859 felicis
1916 3770 2064 3858 recorda·

288 3891 429 3987 tionis,
458 3889 656 4002 quicquid
683 3888 785 3996 juris
813 3887 954 3970 habuit
982 3890 1024 3968 in
1054 3885 1300 3996 Lyndaebult
1330 3917 1420 3968 cum
1452 3888 1639 3966 omnibus
1670 3885 1788 3968 bonis
1820 3887 2022 3969 mobilibus
2038 3897 2064 3958 et

286 4002 576 4098 immobilibus,
603 3999 654 4081 ad
683 3996 850 4082 eandem
879 4001 1032 4079 curiam
1062 4000 1373 4108 pertinentibus,
1402 3999 1456 4079 ob
1484 4000 1615 4078 anime
1642 4027 1713 4081 sue
1744 4000 1965 4082 remedium
1995 4019 2065 4076 con·

286 4113 382 4203 tulit
411 4111 629 4192 liberaliter
658 4127 699 4191 et
729 4139 837 4192 mere
864 4109 951 4191 sedi
980 4110 1223 4219 lincopensis
1266 4111 1429 4191 ecclesie
1471 4108 1522 4189 ab
1552 4131 1601 4189 eo
1630 4109 1701 4219 qui
1731 4112 1863 4194 eidem
1880 4111 1973 4218 *sedi
2001 4131 2064 4214 pre·

286 4224 381 4320 luit,
411 4239 613 4332 perpetuo
644 4219 942 4330 possidendum.
981 4223 1083 4301 Cum
1127 4239 1259 4302 autem
1304 4221 1408 4301 idem
1452 4219 1639 4302 dominus
1668 4219 1710 4300 F.
1742 4219 1895 4303 dietam
1926 4225 2065 4304 curias,

284 4334 493 4444 usquead
524 4333 599 4414 hec
627 4335 805 4440 tempora
838 4360 913 4440 pro
934 4331 1075 4411 usibus
1103 4333 1186 4436 suis
1215 4333 1439 4428 retinuerit,
1468 4329 1634 4411 eandem
1657 4356 1706 4412 ex
1737 4361 1862 4430 nunc,
1891 4361 1977 4414 curn
2003 4353 2063 4409 oru-

286 4447 408 4526 nibus
437 4445 629 4526 bonis'ut
657 4445 843 4552 superius
871 4458 930 4521 est
959 4469 1210 4550 expressum,
1240 4439 1440 4523 fructibus
1465 4443 1665 4523 duntaxat
1694 4447 1790 4524 anni
1822 4445 2000 4526 instantis
2017 4465 2064 4516 cr·

283 4558 412 4667 ceptis
440 4556 567 4636 libere
595 4611 607 4634 .
634 4613 644 4636 .
675 4612 684 4634 .
715 4616 725 4647 ,
756 4615 765 4638 .
802 4615 811 4634 .
842 4613 853 4632 .
883 4554 924 4633 in
959 4580 1100 4636 manus
1128 4551 1281 4652 domini
1311 4555 1502 4663 Episcopi
1532 4553 1807 4662 Lincopensis.
1860 4555 1926 4638 Ad·
1952 4555 2064 4635 burun

282 4685 414 4748 sutem
444 4666 689 4748 euidentiam
719 4663 961 4775 pleniorem,
987 4661 1216 4773 sepedictus
1241 4665 1433 4748 dominus
1464 4665 1505 4748 F.
1535 4682 1739 4776 presentes
1758 4663 1935 4750 Litteras
1962 4658 2066 4771 sigillo

282 4780 459 4863 ciuitatis
494 4777 602 4858 dicte
648 4779 765 4885 petiit
815 4776 1073 4872 communiri,
1118 4771 1256 4858 datum
1287 4792 1327 4857 et
1354 4793 1488 4858 sctum
1518 4777 1734 4910 Liucopic,
1781 4782 1903 4860 Anno
1933 4768 2065 4858 Domini

211 4921 218 4934 “
280 4890 491 4976 millesimo
518 4887 703 4974 cecili
733 4889 784 4970 ad
815 4886 974 4970 vincula
1002 4887 1133 4969 sancti
1162 4887 1280 4972 Petri.
1543 4895 1547 4904 '
1765 4945 1768 4952 -
1892 4893 1969 5098 4'5
2083 5001 2086 5013 Ι

1873 5029 1885 5085 r
1921 5029 1980 5082 o.
