4317 5975
979 426 1036 448 ....
1134 380 1229 469 „a
1314 405 1397 444 =..

268 608 420 691 ‘mrim
449 630 555 687 meas
591 600 771 711 biorgur
808 603 848 679 8(
883 598 1004 708 saeby.
1046 602 1249 685 laenius
1286 546 1382 683 iacti
1421 557 1694 695 monaulum
1727 600 1910 710 :sigillum
1950 630 2070 686 meum

210 765 218 775 ,
287 746 380 801 cum
408 717 494 798 istis
521 714 608 795 aliis
636 712 737 793 duxi
768 712 1020 822 presentibus
1046 712 1351 823 apponendum.
1378 716 1523 795 Actum
1559 737 1679 792 anno·
1704 710 1859 795 domini
1896 713 2073 800 .M'.OE·.

287 829 444 916 XC⁴.I⁸‚
475 828 526 911 in,
544 822 609 907 die
638 822 765 907 Marci
793 823 1061 931 ewangeliste.

846 950 848 958 ’
895 963 1025 1046 ‘sigillet
1043 964 1219 1045 torulus,
1239 986 1362 1027 manno
1382 984 1471 1049 φιτ.

207 1387 212 1397 ,
299 1344 460 1463 mat·
836 1368 1004 1476 1291.
1048 1328 1097 1435 a
1144 1328 1392 1437 23—28.
1436 1329 1560 1475 apr.
1886 1251 2109 1475 spatas

337 1625 340 1637 Ι
366 1551 505 1616 Utsalde
526 1548 774 1632 isle-Bislopen
796 1548 806 1609 i
827 1546 946 1631 Upsala
967 1550 1080 1614 Jonans
1101 1548 1288 1613 stadtbstelse
1309 1552 1350 1635 pd
1377 1551 1436 1612 den
1465 1550 1549 1611 forat
1571 1548 1631 1629 (iic.
1652 1550 1711 1611 Neo
1731 1546 1812 1630 699)
1835 1547 1943 1628 giorda
1970 1519 2074 1611 anord·

419 1636 531 1716 ningee
552 1654 603 1696 om
625 1634 765 1713 anslaget
783 1632 835 1696 Γᾶ(
854 1634 992 1697 Svensta
1025 1633 1218 1697 susannae
1249 1637 1260 1695 i
1291 1637 1391 1712 Paris,
1422 1646 1503 1696 sumt
1533 1631 1714 1716 yuerligsre
1745 1632 1955 1693 ilirordnande
1984 1636 2018 1694 al
2041 1654 2074 1695 en

419 1718 660 1805 nppbiirdstnan,
682 1736 723 1777 m.
745 1734 786 1777 m.

1768 1792 1804 1849 A.
1822 1815 1845 1867 7.
1866 1815 1890 1849 ι.
1909 1796 1950 1851 26.

398 1902 599 2017 Omnibus
629 1951 835 2043 presentes
864 1934 1016 2015 litteras
1045 1937 1287 2044 inspecturis
1313 1935 1456 2015 Frater
1485 1937 1693 2014 toneneas
1730 1933 1987 2012 miseracione
2020 1930 2073 2012 di·

141 2080 143 2087 ·
237 2048 242 2058 ’
275 2051 389 2133 uina·
411 2046 643 2157 vpsaliensis
670 2045 840 2127 ecclesie
869 2048 1043 2143 Electus,
1073 2047 1251 2127 Salutem
1281 2048 1323 2125 in
1353 2046 1518 2126 domino
1553 2044 1850 2151 sempiternam,
1888 2044 1988 2123 Cum
2021 2041 2073 2122 le·

252 2162 372 2251 ,licis
400 2154 696 2240 recordacionis
737 2158 924 2237 dominus
964 2158 1139 2239 lacobus
1181 2158 1416 2266 upsaliensis
1457 2155 1786 2261 archiepiscopus
1829 2153 2073 2262 predecessor

245 2344 246 2347 ,
283 2287 421 2355 noster
448 2298 540 2349 cum
568 2294 767 2349 consensu
796 2270 860 2347 sui
888 2269 1054 2376 capituli
1084 2267 1135 2349 ad
1171 2271 1365 2348 honorem
1403 2267 1470 2375 dej
1508 2272 1548 2345 8(
1584 2292 1835 2345 communem
1871 2266 2072 2345 utilitatem

263 2390 322 2465 .&
349 2378 731 2491 multiplicationem
762 2381 1037 2461 ministrorum
1066 2377 1210 2459 domus
1238 2377 1307 2487 dej
1335 2379 1385 2460 de
1413 2375 1713 2459 canonicalibus
1740 2374 1904 2459 decimis
1928 2374 1980 2455 de
2000 2376 2073 2473 Li·

194 2490 232 2542 ’·
282 2489 456 2575 hundari
483 2497 522 2571 8(
549 2488 771 2582 sanandam
800 2491 1135 2599 proueniantibus
1169 2488 1393 2570 ordinasset
1428 2495 1466 2580 8(
1502 2488 1660 2568 fecisset
1701 2489 1741 2567 in
1778 2486 2000 2571 subsidium
2038 2490 2073 2564 &

258 2603 620 2687 .'sustentacionem
649 2629 876 2709 pauperum
904 2602 1121 2683 scolarium
1159 2600 1209 2681 de
1247 2601 1410 2699 diocesi
1449 2597 1647 2707 upsalensi
1689 2600 1845 2706 parisiis
1882 2597 2072 2682 stadenei-

283 2744 362 2812 um,
421 2711 594 2795 uandam
630 2709 888 2819 prebendam,
932 2710 1204 2819 diligencioris
1249 2709 1505 2819 postmodum
1550 2707 1890 2791 consideracionis
1932 2710 2071 2789 intuitu

282 2742 506 2921 attendens,
534 2821 741 2931 predictas
772 2820 948 2905 decimas
991 2825 1090 2919 suis,
1149 2849 1396 2932 suorumque
1438 2847 1713 2903 successorum
1759 2820 1999 2902 utilitatibus
2037 2823 2070 2898 8(

281 2935 513 3031 commodis,
541 2949 683 3045 vtpote
711 2935 862 3016 vicinas
891 2938 990 3016 mari
1019 2935 1145 3045 magis
1181 2953 1420 3042 competere,
1459 2934 1623 3012 retentis
1660 2960 1752 3013 cum
1786 2962 1983 3015 consensu
2016 2928 2071 3009 sui

281 3048 449 3158 capituli
470 3073 546 3157 pro
575 3073 616 3126 se
645 3047 806 3155 suisque
833 3048 1132 3127 successoribus
1161 3046 1353 3154 predictis
1383 3044 1557 3141 decimis,
1585 3045 1698 3126 Loco
1727 3045 1888 3128 illarum
1909 3043 2070 3126 decimas

281 3159 528 3270 episcopales
556 3155 607 3236 de
637 3154 909 3263 gastrikaland
938 3164 978 3236 8(
1005 3155 1132 3265 Tierp
1160 3153 1212 3235 ad
1247 3183 1343 3236 usus
1372 3155 1646 3264 predictorum
1689 3184 1916 3264 pauperum
1958 3153 2072 3235 scola·
2129 3239 2134 3250 ,

281 3273 386 3352 rium
416 3269 728 3379 permutacionis
770 3266 890 3348 titulo
927 3271 1133 3375 perpetuis
1167 3267 1420 3373 temporibus
1454 3269 1686 3376 assignauit,
1727 3269 1810 3347 Nos
1846 3287 1980 3349 autem
2013 3292 2071 3344 or·

165 3411 168 3418 ·
281 3381 534 3464 dinacionem
563 3382 603 3456 8(
631 3379 973 3485 permutacionem
1017 3381 1093 3458 rite
1138 3378 1436 3459 racionabiliter
1475 3387 1513 3462 8(
1556 3378 1707 3460 utiliter
1749 3378 1801 3458 ab
1844 3407 1896 3462 eo
1938 3377 2072 3464 factas,

280 3509 388 3573 ratas
417 3497 455 3572 8(
484 3489 630 3586 firmas,
659 3488 808 3582 habere
835 3496 874 3568 8(
913 3497 1148 3597 permanere
1192 3489 1384 3586 volentes,
1427 3489 1585 3570 easdem
1622 3490 1674 3571 de
1703 3488 1833 3572 nostri
1886 3511 2073 3572 consensu

281 3601 452 3712 capituli
504 3603 743 3681 innouamus
785 3606 824 3680 8(
864 3597 1100 3686 innouando
1149 3600 1404 3708 presentibus
1452 3601 1746 3697 confirmamus,
1790 3603 1878 3684 Nos
1917 3603 2072 3706 insuper

213 3752 215 3756 ’
251 3712 532 3798 'attendentes
559 3711 673 3821 qu'od
710 3709 899 3820 predictis
937 3711 1160 3791 scolaribus
1193 3709 1246 3792 de
1282 3711 1400 3792 dictis
1439 3711 1603 3793 decimis
1641 3714 1772 3793 minor
1809 3711 1950 3796 debito
1985 3731 2071 3820 pro·

280 3827 421 3907 uenire
451 3825 577 3932 possit
605 3821 764 3904 utilitas.
800 3825 876 3904 nisi
916 3841 1135 3933 perpetuus
1164 3824 1352 3930 prouisor
1381 3825 1616 3904 instituatur
1653 3822 1703 3904 ad
1740 3851 1805 3904 eas
1839 3818 2073 3934 colligendas
2110 3865 2115 3870 ·

161 3983 168 3992 ·
278 3938 505 4044 diligenter,
535 3939 574 4014 8(
602 3931 903 4016 commutandas
931 3935 1112 4031 solerter,
1142 3938 1181 4014 8(
1214 3933 1385 4016 fideliter
1422 3937 1579 4044 parisiis
1612 3937 1951 4030 transmittendas,
1988 3955 2070 4013 cum

279 4047 449 4130 consilio
478 4047 608 4126 nostri
637 4043 815 4154 Capituli
858 4046 1051 4157 sepedicti
1083 4046 1339 4157 prouisorem
1391 4045 1617 4156 predictum
1660 4045 1710 4127 ad
1756 4048 1833 4128 boc
1876 4041 2070 4128 ordinaui-

45 4137 51 4150 ’
138 4261 141 4266 ¹
279 4188 367 4241 mus
395 4165 434 4239 8(
464 4157 642 4252 fecimus,
672 4159 738 4236 cui
766 4183 842 4264 pro
881 4155 1085 4266 prebenda
1123 4163 1163 4238 8(
1206 4161 1504 4240 sustentacione
1545 4164 1585 4239 8(
1627 4159 1665 4239 ei
1707 4158 1750 4241 in
1795 4159 1873 4240 boc
1913 4153 2070 4263 negocio

278 4268 599 4368 succedentibus,
628 4266 801 4348 decimas
830 4270 1079 4350 canonicales
1115 4267 1165 4350 de
1207 4272 1398 4380 semingia
1437 4266 1613 4350 hundari
1650 4270 1950 4378 prouenientes„
1987 4286 2069 4344 cum

276 4409 474 4463 consensu
505 4380 633 4460 nostri
667 4378 862 4488 sepedictj
899 4379 1065 4488 capituli
1108 4397 1307 4489 perpetuo
1349 4380 1599 4489 integraliter
1642 4381 1898 4490 assignamus,
1940 4377 2010 4489 qui
2034 4375 2070 4449 81

277 4491 422 4574 doctor
450 4489 702 4598 studentium
740 4509 1028 4599 nunccupetur,
1065 4493 1310 4604 Quicunque
1345 4509 1479 4574 autem
1513 4494 1557 4572 in
1593 4491 1821 4602 predictum
1857 4491 2080 4575 doctorem·

278 4633 352 4715 per
379 4619 576 4684 rectorem
603 4603 786 4709 ipsorum
825 4621 1052 4709 assumptus
1091 4602 1224 4700 fuerit,
1260 4607 1294 4685 si
1329 4605 1372 4686 in
1408 4605 1531 4686 sacris
1566 4603 1782 4687 ordinibus
1817 4632 1901 4688 non
1934 4601 1997 4692 sit,
2030 4616 2069 4672 st

278 4718 320 4795 in
349 4713 530 4796 ordinem
559 4741 716 4793 sacrum
745 4711 849 4794 infra
878 4713 1087 4794 dimidium
1117 4743 1280 4813 annum,
1313 4721 1354 4798 8(
1380 4718 1424 4797 in
1460 4708 1732 4824 presbiterum
1767 4713 1871 4796 infra
1907 4703 2067 4795 trienni·

276 4852 344 4908 um
374 4854 396 4906 a
426 4844 607 4931 tempore
634 4812 777 4906 collate
805 4825 883 4905 sibi
920 4825 1101 4938 predicte
1139 4827 1359 4938 prebende,
1399 4825 1718 4934 computandum
1754 4825 1874 4910 faciat
1910 4840 2064 4936 promo*

140 5009 145 5016 .
274 4937 374 5036 ueri,
402 4937 620 5032 matutinis,
648 4938 790 5018 maiori
820 4938 935 5020 muse
964 4945 1002 5022 8(
1030 4941 1207 5051 vesperis
1236 4941 1280 5020 in
1313 4935 1439 5020 choro
1477 4938 1521 5024 in
1558 4939 1723 5023 eeclesia
1757 4955 1902 5050 nostm
1937 4925 2065 5015 eatltt·
