4317 5975
868 290 1467 480 55302'

298 593 423 674 eciam
453 585 647 668 debemus
675 582 794 666 filiam
824 600 1000 664 nostram
1029 586 1275 668 constituere
1305 583 1501 666 haeredem
1532 602 1624 694 post
1652 609 1726 666 nos
1747 587 1861 694 regni
1882 585 2047 698 Norregie.

298 703 343 782 Si
371 701 498 782 filium
528 697 765 806 legittimum
794 694 1109 793 obtinuerimus,
1137 712 1224 776 tum
1258 723 1349 777 cum
1392 693 1531 776 eadem
1572 695 1652 775 lilia
1697 713 1833 776 nostra
1878 696 2049 786 domicello

240 830 244 835 ’
280 803 493 924 'praedicto
521 837 589 889 sex
618 806 740 886 millia
779 807 1029 888 marcharum
1068 806 1228 915 argenti
1263 805 1450 888 dabimus
1488 807 1530 886 in
1573 805 1730 903 dotem,
1770 821 1812 886 et
1851 825 1986 890 tantun
2017 813 2053 894 de

280 917 469 1032 ‘argento
511 917 615 1000 idem
657 916 893 999 domicellus
935 944 1081 1026 sponse
1124 945 1195 998 sne
1237 917 1429 1025 praedicte
1477 919 1639 998 racione
1667 916 1899 1002 durationis
1925 940 2055 1029 propter

280 1036 461 1142 'nuptias
489 1057 568 1141 qve
594 1027 879 1136 morgbengiof
901 1027 1050 1110 dicitur
1076 1029 1300 1138 assignabit
1324 1025 1514 1110 videlicet
1542 1027 1650 1133 bona
1676 1056 1747 1110 seu
1773 1031 2055 1116 certosredditus

299 1164 376 1254 pro
404 1142 556 1223 eodem⁴
613 1138 655 1218 Si
684 1166 780 1217 vero
810 1139 934 1220 haeres
962 1140 1076 1248 regni
1106 1140 1249 1236 fuerit,
1278 1139 1391 1220 dabit
1420 1137 1549 1220 eidem
1578 1158 1671 1222 octo
1702 1140 1826 1220 millia·
1848 1143 2056 1224 marcharum

298 1249 393 1369 puri
422 1256 464 1334 in
494 1248 757 1342 donacionem
788 1268 956 1359 propter
984 1252 1167 1359 nuptias,
1196 1269 1236 1332 et
1264 1275 1461 1359 supereo
1492 1249 1587 1331 lecit
1623 1249 1741 1331 nobis
1770 1250 1958 1332 »dominus
1995 1254 2058 1336 Rex

298 1366 424 1447 Dacie
452 1390 545 1444 cum
572 1363 654 1442 suis
684 1355 868 1441 fidelibus
896 1361 1140 1442 caneionem.
1212 1360 1345 1442 Debet
1385 1360 1509 1441 eciam
1546 1359 1731 1464 dominus
1773 1363 1857 1443 Rex
1899 1363 2005 1443 Dacie
2031 1383 2059 1444 et

301 1479 410 1557 bona
438 1471 517 1554 lide
575 1472 730 1552 remisit
757 1471 967 1551 intendere
993 1471 1165 1552 sollicite
1202 1487 1243 1552 ct
1271 1471 1456 1553 fideliter'
1479 1475 1689 1580 cooperari
1717 1501 1811 1580 pro
1853 1488 1938 1553 toto
1973 1501 2061 1581 posse

285 1581 374 1669 ¹suo
401 1583 511 1696 qvod
541 1503 739 1663 llominus
766 1582 954 1689 Birgerus
983 1584 1070 1662 Rex
1097 1582 1318 1664 Srevornm
1349 1583 1605 1691 ad¹·regimen
1635 1585 1748 1692 regni
1776 1585 1840 1664 sui
1867 1581 2061 1676 redeat‚et
2118 1599 2119 1610 ‘

300 1699 537 1807 dignitatem
566 1695 735 1801 regiam,
764 1709 804 1772 et
831 1693 942 1802 qvod
971 1693 1076 1775 filius
1104 1721 1201 1776 snus
1229 1691 1471 1775 Domicellus
1499 1694 1669 1802 Magnus
1696 1695 1931 1804 sepedictus
1955 1719 2062 1776 sucee-

298 1808 370 1888 dat
398 1808 528 1888 eidem
558 1806 663 1913 patri
693 1831 784 1899 suo,
813 1808 917 1884 sicut
945 1819 1108 1886 tenetur
1137 1805 1280 1886 merito
1310 1807 1351 1884 in
1381 1802 1540 1886 eisdem.
1577 1806 1670 1913 lpse
1697 1806 1884 1886 dominus
1911 1797 2063 1911 Birgena

46 1905 57 1914 ⁸
130 1989 136 1998 .
177 1936 180 1940 ’
300 1913 386 1999 R'ex
414 1917 634 1998 Svevorum
666 1912 877 2023 praedictus
904 1914 1247 2025 dispensacionem
1276 1918 1320 1996 in
1347 1917 1458 1997 curia
1489 1918 1730 2024 procurabit
1746 1945 1871 2025 super
1886 1931 2064 2002 contracta
2118 1951 2119 1954 Ν

302 2029 545 2110 matrimonii
574 2031 681 2106 inter
710 2027 817 2136 ipsos
845 2024 1100 2108 domicellum
1129 2026 1319 2134 Magnum
1355 2041 1396 2108 et
1432 2025 1554 2108 filiani
1593 2047 1769 2108 nostram
1810 2024 2065 2136 supradictam,

290 2149 391 2222 'curn
434 2138 728 2247 idem-quarto
769 2137 900 2244 gradu
941 2138 1301 2247 consanguinitatis
1343 2165 1385 2218 sa
1428 2139 1646 2244 attingunt.
1715 2140 1916 2245 Caeterum
1944 2155 1984 2216 ut
2007 2165 2063 2247 pax

300 2260 342 2332 'et
369 2251 563 2331 securitas
589 2243 821 2355 supradicte
848 2252 953 2328 inter
983 2276 1057 2330 nos
1084 2265 1125 2330 et
1149 2267 1273 2354 regna
1309 2263 1446 2330 nostra
1489 2264 1705 2330 teneantur
1744 2247 1893 2332 amodo
1928 2249 2067 2329 uinculo

300 2363 468 2442 firmiori
494 2377 536 2442 ct
562 2360 716 2466 singula
745 2358 822 2438 alia
849 2387 929 2468 qve
959 2363 1280 2467 praemittuntur,
1322 2359 1583 2440 deducantur
1607 2359 1942 2441 commodabilius
1968 2375 2003 2439 et
2026 2357 2066 2436 fa

84 2436 88 2446 ἱ
161 2511 166 2520 ’
301 2471 523 2552 vorabilius
550 2467 601 2549 ad
629 2468 833 2563 effectum,
861 2471 993 2580 aliqva
1022 2469 1073 2550 de
1102 2470 1220 2552 bonis
1247 2487 1289 2572 et
1323 2469 1520 2554 reditibus
1555 2471 1599 2552 in
1635 2471 1850 2552 Hal'landia
1894 2498 1943 2552 ex
1981 2484 2067 2594 parte

300 2581 454 2666 boreali
484 2577 592 2689 apud
623 2580 750 2661 Etber
777 2580 853 2660 sub
881 2601 966 2662 rata
996 2599 1038 2660 et
1064 2579 1201 2662 debita
1238 2583 1431 2693 porcione
1468 2607 1544 2691 pro
1586 2581 1705 2663 bonis
1734 2585 1885 2664 nostris
1914 2597 2069 2662 materna
2123 2637 2124 2654 ,

168 2731 173 2738 ·
272 2693 490 2802 ‘omnibus
517 2690 622 2770 infra
652 2717 820 2798 regnum
851 2693 972 2773 Dacia
999 2694 1084 2774 sitis
1115 2692 1230 2774 nobis
1259 2691 1478 2799 assignabit
1506 2706 1546 2774 et
1583 2691 1772 2775 residium
1800 2709 1909 2776 terre
1936 2719 1982 2772 ex
2005 2694 2068 2798 ipsa

302 2821 419 2917 parte
447 2799 557 2912 apud
593 2801 717 2882 Ethre
753 2800 932 2911 predicte
968 2801 1156 2887 videlicet
1196 2819 1375 2915 quatuor
1415 2802 1573 2900 harod,
1615 2805 1811 2886 Dominus
1855 2806 1942 2885 Rex
1978 2803 2070 2882 Dacia
2123 2873 2124 2908 ,

301 2916 420 2998 nobis
448 2914 642 2995 concessit
670 2913 711 2992 in
748 2914 968 3023 pheodum,
1010 2943 1101 2995 cum
1137 2915 1316 3026 juribus,
1358 2914 1697 3025 possessionibus,
1744 2914 2012 3011 libertatibus,
2044 2926 2071 2991 et
2122 2909 2124 3021 l

173 3045 177 3054 '
251 3098 265 3111 .
301 3027 548 3121 attinenciis,
577 3025 681 3104 sicut
709 3050 755 3104 ea
784 3052 916 3107 eomes
944 3026 1119 3109 lacobus
1147 3055 1170 3109 a
1199 3028 1529 3136 progenitoribus
1560 3028 1684 3136 ipsius
1712 3030 1836 3138 Regis
1876 3028 1995 3109 Dacia
2030 3022 2071 3103 di
2122 3028 2124 3099 l

292 3140 483 3220 noscitur
512 3136 676 3217 liberius
704 3139 899 3232 tenuisse,
927 3154 968 3215 et
996 3136 1047 3217 de
1073 3138 1216 3218 eodem
1246 3139 1408 3221 residuo
1437 3157 1483 3219 ut
1517 3166 1659 3247 supra,
1699 3140 1896 3221 faciemus
1931 3138 2071 3217 Domino

293 3251 403 3357 'Regi
431 3274 504 3357 per
536 3273 611 3334 nos
640 3244 871 3353 homagium
899 3266 1056 3327 etcum
1084 3248 1313 3330 bominibus
1341 3266 1382 3330 et
1410 3248 1747 3357 incolisipsorum
1776 3248 1920 3331 haerod
1940 3248 2072 3331 domino
2123 3310 2124 3327 ,

301 3362 401 3467 Regi
429 3376 471 3444 et
498 3382 647 3438 corone
675 3360 790 3465 regni
818 3359 941 3437 Dacia
970 3360 1180 3439 servicium
1211 3361 1401 3441 faciemus
1428 3361 1629 3471 requisiti,
1665 3362 1742 3442 hoc
1771 3362 1954 3471 adjecto,
1991 3352 2072 3468 qvod
2122 3328 2124 3397 l

300 3469 480 3554 convicti
507 3496 584 3575 pro
613 3484 740 3547 morte
771 3470 896 3575 patris
923 3467 1075 3549 domini
1106 3472 1209 3578 regis
1243 3472 1367 3551 Dacie
1403 3471 1581 3578 ipsorum
1610 3470 1776 3553 heredes
1812 3490 1858 3553 et
1887 3471 2071 3580 complices
2122 3448 2124 3599 l

299 3582 401 3663 Daci
431 3579 579 3659 ibidem
608 3576 838 3658 nullatenus
866 3577 1131 3686 colligantur,
1159 3598 1218 3676 et,
1243 3600 1288 3661 ut
1316 3586 1400 3688 ipsa
1432 3580 1565 3662 haerod
1595 3597 1636 3663 et
1672 3599 1802 3665 castra
1848 3582 1994 3665 ibidem
2030 3604 2072 3659 re

300 3706 549 3800 cuperentur
576 3688 628 3769 ad
658 3716 798 3769 manus
825 3703 1003 3786 nostras,¹
1032 3694 1241 3799 cooperari
1275 3688 1394 3773 debet
1428 3688 1612 3775 dominus
1647 3694 1735 3774 Rex
1770 3696 1899 3780 Dacia
1934 3690 2072 3773 fideliter

301 3804 511 3884 nobiscum
542 3815 630 3880 toto
659 3826 787 3907 posse.
842 3803 1013 3882 Praetera
1048 3799 1101 3882 ad
1139 3829 1276 3914 preces
1318 3818 1358 3882 et
1400 3804 1615 3886 instantias
1658 3821 1816 3884 nostras
1847 3806 1901 3887 de
1941 3797 2074 3913 speciali

186 3980 194 3988 .
302 3914 436 4023 gracia
466 3911 583 3993 duxit
609 3907 796 3992 dominus
823 3912 910 3991 Rex
937 3912 1061 3993 Dacie
1090 3911 1401 4010 admittendum,
1429 3912 1539 4023 qvod
1571 3940 1716 3995 uxores
1743 3932 1786 3995 et
1810 3916 1934 3997 liberi
1950 3936 2075 4001 norem,

303 4052 379 4135 pro
407 4023 691 4129 mortepatris
719 4023 781 4101 sai
809 4022 1109 4118 convictorum,
1151 4040 1192 4103 et
1220 4023 1433 4133 complices
1463 4026 1660 4133 ipsorum,
1705 4043 1747 4125 et
1787 4056 1933 4111 eorum
1971 4022 2074 4109 liberi.

302 4139 372 4245 qvi
402 4136 563 4213 racione
590 4158 824 4219 excessuum
852 4160 1015 4214 suorum
1048 4133 1154 4213 bona
1190 4160 1281 4231 sua,
1321 4150 1533 4244 anteqvatn
1576 4134 1692 4217 fratri
1737 4156 1882 4221 nostro
1913 4154 1953 4219 et
1987 4130 2075 4215 nobis

301 4242 759 4353 homagium'fecerant,
786 4245 959 4326 amisisse
993 4244 1192 4351 legittime
1213 4244 1499 4343 dinoscuntur,
1536 4244 1652 4329 bonis
1686 4248 1768 4329 suis
1803 4266 1978 4332 utantur
2014 4269 2074 4325 ma·
2122 4196 2124 4317 l

302 4361 427 4442 ternis
456 4352 747 4434 tantummodo.
802 4354 1028 4460 Complices
1055 4380 1154 4437 vero
1182 4356 1362 4463 ipsorum
1390 4355 1459 4465 alii
1488 4381 1643 4455 ornnes,
1666 4360 1857 4467 ipsorum
1890 4385 2026 4440 uxores
2047 4367 2076 4433 et

301 4479 441 4555 eoruin
470 4465 608 4560 liberi,
635 4465 705 4573 qvi
733 4482 945 4574 antequam
975 4468 1017 4545 iu
1051 4467 1262 4549 servicium
1307 4483 1490 4556 nostrum
1533 4472 1794 4563 venerantia
1842 4468 2076 4577 Norvegiau,
2122 4416 2124 4511 l

302 4581 408 4662 bona
434 4605 503 4675 sua
520 4590 687 4683 propter.
715 4600 897 4656 excessus
925 4602 1030 4671 suos,
1048 4593 1104 4676 ut
1131 4578 1410 4686 praemittitur,
1430 4582 1759 4678 uonemiserant,
1783 4598 1958 4662 utantur
1975 4578 2075 4685 regn'o'

297 4704 344 4769 et
371 4689 489 4767 bonis
516 4690 607 4769 suis·
626 4687 812 4769 omuibus
843 4689 1020 4794 paternis
1047 4703 1090 4769 et
1117 4690 1324 4785 maternis,
1351 4691 1409 4771 sic
1432 4678 1735 4786 nihilominus,¹
1758 4693 1828 4805 qvi
1867 4692 2076 4775 concionem

302 4799 468 4887 domiuo
497 4799 587 4913 regi·
608 4798 730 4886 Dacis
759 4797 944 4895 fecerint,
986 4826 1104 4919 qvam
1140 4801 1226 4920 ipse
1261 4796 1429 4891 'duxerit
1471 4798 1778 4923 acceptandam,
1821 4804 1966 4913 reliqvi
2001 4821 2076 4878 varo

1880 4914 1987 5010 bona
