4317 5975
678 299 853 459 us·-
959 389 1016 490 rs
1125 437 1182 469 .-

104 589 255 718 ntique
283 606 406 689 .VIII.
436 607 553 719 porci
580 609 750 723 antiquj,
778 626 820 693 et
855 611 916 695 .Χ.
950 614 1131 693 iuuenes.
1167 611 1354 698 vtensilia
1371 611 1513 708 eciam
1548 612 1801 717 omnia‚,tam
1837 612 1892 715 ad

102 720 424 808 culturam-terne
446 750 578 831 qnam.
602 720 656 803 ad
681 722 869 805 victualia
900 730 939 805 ἃ
967 724 1044 803 alia
1079 722 1290 803 commoda
1318 722 1486 821 familie,
1515 724 1889 833 proutseeundum

101 858 339 919 communem
367 859 526 913 cursum
560 860 657 913 eure
685 835 909 917 domestice
930 832 1055 917 fuerit
1097 851 1355 942 oportunum.
1389 932 1392 937 ¹
1425 834 1624 918 Volumus
1668 854 1802 941 aptam
1844 854 1920 948 vt·
2042 843 2047 861 ’

101 943 364 1071 post-obitum
392 959 575 1025 nostrum
603 943 687 1026 duo
713 947 886 1029 scolares
916 946 1083 1055 cognatj
1111 945 1254 1053 nostrj.
1291 945 1419 1026 silicet
1458 946 1768 1055 holmgerusa&
1802 948 1890 1031 lau·

100 1082 258 1152 renerus,
286 1056 416 1135 omnis
443 1056 599 1137 fructus
627 1057 774 1138 vicarie
804 1056 962 1169 prefate
1006 1087 1084 1167 pro
1126 1084 1198 1139 sua
1239 1058 1536 1138 sustentacione
1563 1060 1669 1161 siin
1696 1060 1891 1141 clericatu
1974 1073 1977 1076 ‘
2034 1084 2042 1098 ⁸
2085 1079 2088 1086 '

101 1194 347 1279 perseverare
380 1166 587 1249 voluerint
615 1170 859 1277 percipiant,
888 1162 1095 1280 usquead
1124 1168 1245 1250 finem
1281 1166 1468 1275 decennij
1496 1197 1666 1262 ⁸exnunc
1693 1172 1890 1260 continue
1988 1246 1995 1255 .

99 1275 363 1387 computandj.
405 1306 490 1388 quo
531 1294 746 1377 transacto,
786 1279 1044 1391 supradictus
1081 1280 1206 1360 frater
1249 1296 1386 1361 noster
1427 1278 1494 1359 uel
1537 1281 1806 1390 propinquior
1846 1287 1890 1363 de

99 1392 197 1503 prior
225 1405 326 1471 natu
354 1385 405 1471 de
433 1390 651 1474 heredibus
680 1391 781 1490 suis,
809 1420 913 1504 quos
941 1391 1216 1503 presentandJ⁸¹
1231 1417 1448 1519 personam
1475 1386 1675 1491 >idoneam
1712 1391 1773 1482 ad,
1791 1420 1888 1473 ean·

98 1502 175 1587 dem
204 1502 394 1583 vicariam
414 1501 610 1601 ,uolumus
639 1523 787 1587 extunc
823 1510 864 1585 n
901 1504 944 1583 in
980 1518 1192 1613 posterum·
1224 1532 1290 1611 Jus
1325 1501 1476 1583 habere
1511 1502 1688 1612 aliquem
1724 1530 1888 1609 presepe
1939 1502 1951 1533 “
2019 1550 2026 1572 s
2089 1510 2095 1518 ”

96 1629 171 1695 tent
197 1615 407 1723 preposito
436 1610 648 1722 upsalensi,
677 1615 751 1726 quj
778 1644 866 1697 eam
895 1613 1132 1697 conferendi
1159 1642 1232 1696 seu·
1256 1616 1302 1694 iu
1328 1640 1375 1693 ea
1400 1614 1604 1710 ‚vicariurn
1637 1612 1889 1720 instituendi,

98 1753 242 1809 necnon
272 1727 503 1807 institutum
531 1726 565 1806 si
593 1752 677 1835 quo
706 1726 757 1809 ad
785 1754 827 1808 se
855 1727 920 1807 vel
949 1728 1026 1809 sibi
1054 1726 1263 1809 commissa
1292 1724 1463 1805 semele
1490 1724 1681 1806 habuerit
1716 1720 1887 1808 destitu-

98 1835 194 1935 endi,
220 1838 314 1942 ¹iure
343 1851 544 1947 perpetuo
573 1836 742 1918 liberam
787 1838 934 1919 haheat
976 1837 1219 1937 facultatem.
1282 1837 1336 1919 Et
1370 1836 1468 1946 quia
1501 1833 1641 1947 predia
1676 1863 1758 1946 que
1794 1864 1887 1947 pre·
1970 1865 1973 1869 ⁴
2060 1858 2098 1924 ,’

97 1946 187 2030 dieto
217 1945 340 2029 modo
369 1975 446 2056 pro
475 1950 607 2028 anima
649 1967 789 2031 nostra
820 1949 1063 2059 legauimns,
1092 1979 1169 2058 pro
1196 1949 1341 2058 maiorj
1370 1962 1485 2056 parte
1512 1945 1563 2028 de
1590 1949 1710 2029 bonis
1747 1945 1888 2030 fratris

97 2060 205 2143 nostri
236 2061 475 2169 recepimus,
504 2058 762 2142 loeoeorurn
793 2061 870 2144 sibi
899 2067 939 2142 &
973 2063 1055 2141 suis
1098 2057 1314 2144 heredibus
1356 2057 1608 2141 refundimus
1637 2058 1800 2140 Curiam
1843 2062 1888 2143 in
1964 2149 1966 2156 ,

97 2174 243 2281 hagsta
273 2199 364 2278 cum
394 2170 580 2251 omnibus
609 2172 838 2281 attinencijs
875 2171 1096 2255 mobilibus
1126 2178 1190 2253 ·&.
1208 2170 1502 2268 immobilibus,
1538 2170 1723 2252 volentes
1749 2162 1886 2272 ciebis

99 2282 274 2373 lominus,
305 2284 419 2363 utin
454 2280 623 2391 reliquis
660 2282 779 2365 bonis
819 2288 968 2366 nostris
1009 2299 1092 2363 tam
1137 2282 1487 2393 patrimonialibus
1527 2284 1633 2365 sieut
1674 2276 1887 2392 halqujssi

40 2446 42 2453 =
97 2394 235 2493 fcrsbv,
265 2421 387 2505 quam
423 2392 770 2503 contemplacione
807 2424 979 2505 persone
1014 2411 1152 2476 nostre
1185 2395 1391 2507 acquisitis
1426 2394 1531 2505 sicut
1561 2410 1696 2503 grand
1722 2399 1763 2474 ἃ
1785 2394 1887 2480 ‘fiet-

96 2504 231 2603 holme,
264 2531 422 2585 necnon
450 2505 492 2584 in
521 2522 727 2612 posterum
758 2507 1030 2618 acquirendis,
1059 2504 1288 2615 sepedictus
1311 2504 1436 2592 frater
1463 2520 1602 2586 noster
1629 2506 1747 2585 nobis
1768 2505 1887 2587 here·
1953 2602 1958 2611 .

98 2616 226 2698 ditario
255 2616 344 2724 jure
373 2613 575 2713 succedat,
604 2618 668 2709 ita
696 2633 831 2698 tamen
865 2618 979 2730 quod
1015 2616 1281 2699 hereditatem
1316 2620 1444 2727 ipsam
1480 2644 1566 2698 non
1601 2613 1724 2698 adeat
1754 2609 1885 2700 donee
2027 2644 2031 2653 ·

96 2732 211 2809 omnia
243 2757 322 2838 que
352 2726 576 2835 legauimus
605 2728 688 2808 sint
715 2730 857 2811 soluta.
915 2734 1165 2812 Exeeutores
1199 2756 1297 2810 vero
1335 2731 1453 2812 huius
1489 2728 1620 2836 nostrj
1651 2730 1884 2838 testamenti
1980 2792 1987 2810 Ι
2046 2788 2058 2833 ¹.
2112 2772 2117 2783 ¹

96 2842 368 2923 constituimus
387 2840 641 2946 Prepesitum
671 2840 943 2948 vpsalensem,
973 2844 1152 2924 Priorem
1182 2839 1355 2921 fratrum
1384 2836 1684 2950 predicatorum
1699 2842 1884 2939 sietunie,
1992 2849 1998 2855 ”
2063 2948 2071 2967 ,

94 2953 310 3034 &fratrem
340 2966 524 3031 nostrum
553 2944 808 3034 benedictum
839 2954 983 3061 sepius·
1008 2967 1283 3032 memoratum.
1346 2953 1494 3033 Actum
1521 2946 1632 3060 apud
1659 2950 1883 3061 harlsberg,

94 3065 192 3149 luno
220 3061 389 3172 dominj.
417 3063 885 3144 M⁰.CC⁰.LXXX⁰VIII⁰
916 3063 962 3172 jn
993 3059 1194 3143 dominica
1215 3061 1379 3146 Letare.
1409 3062 1412 3069 ’

168 3204 296 3289 Sigillen
322 3223 350 3286 1,
372 3223 402 3284 a,
422 3203 453 3284 4,
465 3202 496 3266 ’6
516 3203 675 3288 endelige3
707 3203 726 3265 3
749 3201 820 3266 med
842 3225 953 3290 repen,
974 3203 1159 3267 oruslrillen
1180 3201 1289 3278 borta3
1310 3199 1332 3262 5
1352 3197 1433 3315 med.
1446 3219 1565 3286 πρωὶ
1586 3219 1607 3286 7
1627 3148 1798 3264 bortl'ellet.

154 3833 292 3914 Konuug
314 3831 406 3895 Erres
426 3833 437 3893 i
459 3799 641 3894 Dannmurl
669 3813 953 3910 Besla'rmelsebref
968 3829 1018 3894 sor
1039 3830 1219 3895 Kauikerne
1239 3831 1250 3892 i
1271 3825 1362 3894 Lund
1385 3824 1458 3890 med
1479 3824 1650 3890 llilallelse
1670 3827 1741 3891 frdn
1761 3827 1879 3911 Kongl.

199 3915 366 4000 utslyldcr
387 3914 425 3978 ds
441 3915 530 3977 deras
550 3913 730 3978 Laudboar.
785 3915 788 3926 '
1841 3925 1844 3935 '

1608 3991 1645 4047 A.
1663 4007 1686 4048 ι.
1704 4009 1746 4066 17.

200 4137 475 4244 Priailegztcm
502 4131 620 4216 Erici
644 4103 753 4242 regis
780 4133 829 4213 de
856 4135 1039 4214 libertate
1054 4135 1281 4212 colonorum
1297 4129 1464 4242 caprioli
1475 4126 1527 4208 ab
1541 4134 1648 4210 omni
1659 4127 1880 4241 expedicio·
2015 4162 2016 4165 ¹

174 4327 190 4349 „
271 4257 334 4330 nis
362 4253 601 4356 graucrnine
642 4266 682 4329 et
706 4245 968 4359 jmpetr‘eicne
995 4246 1214 4326 exactoria.
1249 4243 1352 4323 June
1386 4253 1437 4322 εί.
1474 4240 1626 4321 stanti.
1662 4244 1877 4349 vectigali·

270 4361 354 4458 bus,
386 4364 461 4439 &c
642 4361 645 4368 '

176 4538 212 4620 Ε
241 4539 322 4619 Dei
351 4537 499 4644 gracia.
528 4534 738 4617 Danorurn
766 4532 1078 4641 sclauorumque
1106 4557 1191 4613 rex.
1248 4527 1452 4611 Omnibus
1477 4526 1557 4640 hoe
1580 4528 1776 4639 scriptum
1789 4555 1876 4610 cer·

85 4651 275 4732 nantibus,
304 4648 477 4730 salutem
509 4645 554 4755 'jn
589 4646 765 4726 Domino
800 4643 1094 4752 sempiternam.
1160 4641 1313 4725 Notum
1350 4640 1518 4723 facimus
1559 4655 1641 4720 tam
1678 4643 1874 4748 presenti·

85 4759 146 4842 bus
172 4790 298 4874 quam
321 4760 488 4842 futuris.
518 4751 631 4870 quod
659 4753 827 4838 dilectos
856 4755 975 4837 nobis
1004 4754 1234 4836 Canonicos
1268 4750 1497 4835 lundenses
1528 4778 1609 4833 vna
1637 4780 1729 4832 cum
1758 4752 1876 4834 bonis

84 4897 208 4954 eorum
238 4889 284 4952 et
314 4870 497 4982 personis
526 4873 583 4953 eis
611 4868 888 4950 attinentibus.
917 4865 994 4947 snb
1023 4884 1163 4948 nostra
1203 4867 1463 4977 protectione
1501 4879 1544 4945 et
1586 4863 1715 4944 tutela
1740 4891 1874 4946 susce·
1910 4908 1916 4913 ·

85 4983 199 5090 pimus
229 4985 407 5096 speciali.
463 4980 720 5065 Dimittentes
747 4981 804 5063 eis
832 5006 971 5064 omnes
998 4978 1155 5062 villicos
1181 4994 1222 5061 et
1250 4977 1428 5060 colonos.
1455 4992 1713 5086 ceteramque
1733 5001 1878 5058 eorum

93 3611 205 3759 959.
466 3677 472 3689 ss
666 3609 818 3716 1288
865 3607 913 3715 d.
968 3645 1034 3756 17
1084 3605 1232 3712 Mars.
1523 3599 1881 3752 Helsingborg.
2077 3516 2096 3617 κ’
