4317 5975
791 436 1008 521 -···81
1123 400 1263 505 --ν

113 662 174 747 bus
201 682 410 769 possumus
436 652 631 766 operibus
659 656 875 767 preuenire
902 656 1112 768 cupientes
1137 662 1227 739 sani
1254 661 1386 741 merite
1414 662 1455 743 8(
1481 686 1654 773 corpore
1683 665 1724 744 8(
1751 661 1891 747 inno·-

110 791 177 857 stra
201 770 304 850 bona
333 774 373 850 8(
402 796 497 850 sana
531 770 721 850 memoria
750 770 961 871 constituti
989 768 1290 852 Testamentum
1319 787 1503 853 nostrum
1530 778 1572 857 &
1600 790 1781 855 nostram
1807 776 1901 857 >bo--

109 910 230 969 norum
258 880 569 991 disposicionem
598 880 777 965 Vltimam
805 882 1017 963 condimus
1043 888 1086 966 8(
1112 881 1278 963 facimus
1305 884 1348 964 in
1375 882 1484 967 hunc
1512 883 1688 969 modum.
1726 890 1778 967 Jn
1806 888 1904 998 pri-5

109 998 166 1081 mis
190 999 248 1074 &c
276 996 359 1075 like
390 995 480 1075 med
495 996 758 1101 foregcieude
785 996 868 1078 Nso
896 998 970 1102 941
1005 998 1070 1078 till
1094 996 1245 1076 Datum
1265 998 1307 1077 8(
1324 998 1483 1077 Actum.
1503 996 1767 1106 skyeldawik.
1782 1017 1891 1080 anno
1978 1029 1983 1040 ¹
2059 1068 2062 1075 .

111 1116 140 1191 8(
173 1122 352 1213 tempore
393 1104 650 1215 supradictis.
694 1106 773 1189 hoe
813 1123 950 1187 autem
978 1124 1038 1189 est
1065 1124 1252 1188 nostrum
1293 1107 1478 1189 ultimum
1525 1117 1892 1193 testamentum&
1964 1126 1967 1132 ’
2045 1130 2065 1160 ‘

105 1234 220 1300 nostra
248 1218 388 1298 vltima
417 1220 606 1301 voluntas
629 1216 743 1332 quod
770 1223 809 1299 8(
837 1246 960 1329 quarn
987 1218 1124 1301 valere
1165 1217 1351 1300 volumus
1391 1219 1482 1329 jure
1521 1224 1759 1303 testamenti.
1789 1225 1892 1304 &si

21 1354 22 1359 ‘
104 1357 173 1411 non
196 1327 543 1411 valeret..valebit
571 1329 622 1411 de
655 1332 744 1413 iure
774 1332 1004 1412 testamenti
1028 1332 1172 1414 saltem
1199 1330 1386 1412 volumus
1414 1330 1527 1442 quod
1555 1334 1689 1414 valeat
1717 1332 1808 1441 jure
1822 1362 1890 1415 co·

104 1441 322 1524 dicillorum.
352 1442 415 1523 rel
437 1442 607 1559 epistole
636 1442 700 1526 uel
729 1442 890 1524 alterius
919 1443 1136 1525 cuiuslibet
1164 1441 1304 1523 vltime
1332 1442 1555 1525 voluntatis
1583 1444 1891 1557 quod&quam

104 1552 205 1662 sigilli
230 1557 363 1635 nostri
392 1555 641 1663 appensione
669 1555 821 1637 muniri
850 1554 1017 1636 fecimus
1045 1553 1098 1635 ad
1142 1555 1334 1635 maiorem
1373 1555 1683 1663 precedencium
1725 1559 1891 1639 firmita-

106 1685 179 1748 tem.
207 1664 386 1745 Petimus
420 1667 546 1746 eciam
576 1682 783 1774 presentes
825 1666 981 1748 litteras
1023 1665 1156 1776 sigillo
1198 1664 1336 1772 dilecti
1377 1666 1513 1750 fratris
1554 1671 1685 1751 nostri
1725 1669 1890 1754 illustris

101 1777 203 1886 Regis
228 1778 378 1860 sweoie
406 1778 647 1860 confirmari.
976 1861 980 1867 .

788 1884 911 1972 sigillet
932 1885 1026 1971 neigot
1044 1884 1189 1951 sbadadt.

43 2291 257 2381 ,soon
377 2337 384 2345 .
550 2270 552 2273 ’
687 2244 866 2401 ,1a89
914 2252 962 2359 d.
1019 2290 1087 2359 1o
1132 2250 1244 2359 Juli.
1574 2219 1892 2385 Stockbolm.

166 2441 345 2527 Konungen
367 2440 500 2507 merus
521 2439 561 2505 lta
581 2440 657 2505 bref
673 2442 714 2529 pa
732 2441 827 2506 Eine
849 2444 896 2507 till
918 2441 949 2505 S.
970 2442 1070 2505 Clara
1088 2440 1221 2505 Kloster
1241 2442 1252 2505 i
1273 2438 1469 2504 stocthotm.
1562 2522 1589 2579 A
1616 2525 1632 2581 3
1657 2524 1672 2577 s
1697 2542 1709 2578 ι
1735 2523 1761 2579 ἀ

190 2624 363 2733 Magnus
390 2620 456 2707 dei
484 2625 620 2734 gracia
649 2623 862 2707 Sweorum
890 2623 1207 2735 Gotltorumque
1234 2624 1342 2724 Rex,
1371 2624 1573 2707 Omnibus
1601 2651 1767 2735 presens
1795 2626 1892 2708 seri·

101 2752 197 2847 ptum
224 2737 504 2834 cernentibus,
533 2735 699 2817 salutem
736 2737 781 2816 in
809 2736 988 2833 domino,
1030 2736 1296 2832 Meminimus,
1339 2763 1415 2816 nos
1445 2736 1549 2834 loco,
1578 2741 1618 2817 8(
1647 2738 1893 2818 monasterio
1956 2763 1961 2767 ·

102 2866 219 2931 macte
234 2848 368 2946 Clare,
396 2846 510 2960 quod
537 2848 647 2958 apud
674 2846 888 2930 Stokbolm
914 2848 959 2928 in
986 2847 1290 2956 presenciarum
1315 2849 1582 2945 construitur,
1604 2849 1784 2942 Rothma
1798 2876 1891 2929 cunr
1925 2942 1928 2946 f

99 2962 224 3042 ceteris
252 2961 397 3043 insulis
425 2961 504 3042 sibi
533 2958 809 3041 adiacentibus
838 2959 891 3040 ab
920 2960 1109 3068 antiquo,
1139 2959 1286 3039 nostris
1309 2958 1558 3067 specialibus
1587 2959 1730 3040 litteris
1746 2988 1892 3069 perpe·

101 3087 160 3153 tuo
178 3072 422 3171 contulisse,
447 3070 518 3154 sed
547 3101 598 3154 ne
627 3070 678 3152 de
703 3071 837 3169 Eknp,
863 3099 948 3182 que
974 3073 1087 3152 inter
1112 3085 1270 3150 ceteras
1294 3069 1427 3150 eidem
1455 3071 1635 3164 Rotbmo
1662 3070 1892 3154 adiacentes

100 3183 232 3267 insulas
261 3202 524 3296 conputatur,
555 3182 726 3265 dubium
750 3181 922 3294 aliquod
947 3180 1294 3292 possit'suboriri,
1322 3209 1374 3260 an
1402 3179 1513 3263 dicto
1548 3185 1793 3264 monasterio
1830 3199 1893 3265 at·

101 3296 217 3394 tinent,
275 3323 327 3398 eo
355 3294 469 3406 quod
496 3296 605 3377 inter
632 3297 738 3404 ipsas
776 3295 930 3377 insulas
964 3295 1009 3375 in
1038 3292 1232 3404 predictis
1273 3294 1424 3374 nostris
1466 3293 1612 3377 litteris
1654 3295 1920 3377 nominatim.

99 3434 167 3488 non
194 3409 452 3518 exprimitur,
481 3407 734 3516 presentibus
762 3424 949 3490 constare
975 3406 1163 3486 volumus
1192 3408 1232 3484 8(
1260 3401 1421 3504 futuris,
1444 3413 1528 3488 'nos
1555 3406 1705 3488 dictam
1721 3407 1892 3490 insulam
2001 3492 2006 3497 ,
2112 3403 2123 3420 ’

101 3517 204 3614 Elina
231 3548 326 3600 cum
356 3520 440 3602 suis
468 3521 711 3616 attinentiis,
740 3521 846 3601 sicut
876 3519 1054 3628 reliquas
1080 3514 1132 3596 ad
1162 3532 1424 3597 memoratam
1465 3517 1644 3612 nothas
1685 3519 1892 3629 pertinen·
1982 3552 1986 3559 ⁸

99 3647 165 3728 tes,
190 3631 353 3741 prelato
382 3633 627 3719 monasterio
664 3647 802 3712 sancte
838 3631 958 3712 Clare
1001 3642 1202 3738 perpetuo
1247 3628 1478 3710 contulisse.
1521 3633 1571 3714 Jn
1601 3631 1716 3713 cuins
1744 3633 1805 3713 rei
1833 3649 1892 3712 te·
1989 3699 1992 3706 .

99 3741 325 3824 stimonium*
347 3769 512 3854 presens
539 3742 737 3850 scripturn
764 3759 906 3824 nostro
920 3741 1054 3850 sigillo
1069 3741 1259 3849 jussimus
1273 3742 1538 3841 communiri,
1570 3744 1731 3841 Datum,
1747 3740 1891 3826 Stocls·

94 3850 201 3954 bolm,
229 3881 343 3937 auno
370 3853 535 3952 domini,
563 3853 927 3952 M⁸,CC',LXXX',
955 3855 1087 3950 Nono,
1117 3850 1252 3948 Sexto,
1282 3849 1392 3950 Jdus,
1421 3851 1533 3962 Julij.

461 3997 517 4063 Etr
537 3997 642 4084 styrie
663 3996 700 4062 ai
715 3997 827 4084 sigillet
848 3997 943 4062 fiores
963 3997 1005 4083 pa
1026 3995 1102 4082 gula
1121 3991 1184 4057 och
1205 3988 1283 4056 roda
1303 3993 1515 4060 silkestridar.

101 4401 256 4473 moa.
407 4385 410 4392 '
729 4361 886 4513 1289
928 4359 982 4471 sl
1036 4396 1119 4472 ro·
1150 4357 1268 4470 luli.
1477 4503 1482 4510 ¹

163 4551 233 4618 Um
254 4549 420 4614 Hannonis
439 4569 507 4616 sors
524 4549 692 4638 bytesbret'
705 4550 749 4640 pt
770 4551 846 4638 gods
866 4553 877 4615 i
899 4546 1137 4639 Osterglitbland
1157 4549 1207 4616 till
1223 4547 1374 4616 watra
1395 4547 1516 4617 kloster
1539 4557 1624 4614 emor
1648 4546 1889 4618 Rambammar

213 4636 227 4698 i
248 4633 331 4698 Saea
351 4635 427 4698 rite.

1590 4711 1628 4774 Α.
1644 4714 1668 4774 3.
1685 4731 1713 4773 v.
1729 4716 1755 4789 4

188 4817 398 4902 Vniversis
426 4835 630 4931 presentes
659 4817 813 4904 litteras
841 4819 987 4903 visuris
1011 4820 1079 4905 uel
1102 4817 1308 4905 audituris
1334 4842 1410 4904 vus
1438 4837 1629 4901 nonnata
1664 4839 1744 4901 sun
1779 4814 1913 4899 satu--

94 4944 163 5014 tem
191 4933 234 5014 in
266 4933 447 5015 omnium
471 4930 688 5016 saluatore.
717 4933 919 5016 Nouerint
947 4950 1153 5044 presentes
1180 4934 1336 5046 pariter
1365 4936 1406 5014 8(
1432 4928 1563 5014 futuri
1590 4927 1672 5011 tale
1700 4955 1887 5011 concam·
2007 4935 2010 4937 *
2090 4966 2095 4974 ·

235 5073 284 5128 So.
311 5073 430 5148 Duplam.
456 5071 498 5132 11.
585 5059 591 5070 ¹
1642 5061 1682 5115 ῙῙ
