4317 5975
910 373 1179 459 ‘n'rsss
1287 412 1406 455 n.

355 609 406 689 Jn
423 603 541 689 cuius
554 605 614 687 rei
632 591 917 697 testimonium,
930 626 1010 681 vnn
1026 618 1117 683 cum
1130 588 1291 711 sigillis,
1311 596 1554 682 venerabilis
1567 597 1697 679 Patris
1711 601 1878 680 Domini
1897 600 2061 680 lohan-¹

104 730 107 736 ’
186 770 188 776 ·
241 716 305 801 nis
333 714 399 799 dci
424 718 562 827 gracia
591 714 707 795 electi
735 713 969 823 upsalensis,
997 716 1038 793 u
1066 714 1231 793 Domini
1260 712 1443 793 Nicbolai
1469 709 1611 792 decani
1626 711 1810 792 ciusdem·
1819 713 2003 813 ecclesie
2018 718 2060 794 ἃ

35 830 38 837 ’
241 833 480 913 Conuentu's
501 826 861 937 sanctimonialium
882 827 926 905 in
940 852 1022 923 sco,
1037 830 1078 905 St
1092 823 1229 905 fratris
1242 816 1659 904 Jssaettssittunensis
1675 822 1845 920 lectoris,
1866 823 2062 932 sigillum

241 970 370 1025 meum
399 938 655 1050 presentibus
683 954 743 1019 est
779 962 1013 1048 appensum.
1051 938 1198 1021 Datum
1234 934 1447 1031 Sinonis
1471 939 1592 1014 Anno
1628 935 1790 1015 Domini
1827 937 2060 1039 Millesimc

241 1052 525 1135 Ducentesimo
554 1051 823 1160 Nonagesimo
850 1051 985 1133 Primo
1013 1051 1064 1130 ln
1093 1048 1279 1129 Crastino
1307 1048 1419 1127 Beati
1446 1046 1557 1125 Erici
1590 1046 1712 1155 Regis
1751 1050 1804 1129 Et
1837 1050 2064 1148 Martius.-

299 1204 303 1211 '
666 1192 797 1279 Sigillcn
818 1196 877 1265 Nto
902 1214 929 1274 r,
950 1212 980 1273 a,
1002 1194 1021 1258 3
1042 1190 1196 1273 aladade3
1217 1192 1277 1255 Nto
1297 1190 1442 1269 dunstan
1463 1189 1634 1252 bortlellct.

24 1480 28 1493 Ι
96 1497 101 1513 ⁵
169 1528 172 1535 Ι
253 1520 417 1673 105o.
863 1490 1130 1709 repud
1184 1488 1428 1667 135th
1734 1509 2057 1709 Linktiping.

323 1781 573 1879 nep-capium
599 1783 609 1844 i
635 1780 810 1868 Linldping
838 1781 997 1847 sin-ilvclse
1020 1780 1066 1844 till
1088 1779 1325 1866 Dum-Capitlet
1346 1780 1355 1841 i
1375 1778 1494 1863 Upsala
1514 1777 1647 1841 idrande
1668 1776 1834 1842 ldrruttadt
1858 1782 2057 1868 Biskopsvel.
2103 1753 2110 1778 ;

1680 1929 1914 1990 binum

348 2067 601 2151 Reuerendis
615 2066 1021 2151 dominisfsstbonestis
1028 2069 1237 2176 preposito
1244 2064 1472 2175 &capitulo
1486 2062 1651 2145 ecclesie
1661 2066 1916 2175 upsalensis.
1932 2070 2055 2178 Capi·

244 2182 375 2267 tulum
404 2181 638 2290 lincopense
664 2180 802 2263 debita
845 2181 1011 2260 honoris
1053 2181 1286 2261 reuerencia
1321 2206 1419 2257 cum
1456 2174 1597 2257 salute.
1639 2177 1770 2257 Sacris
1818 2181 2055 2262 canonibus
2153 2248 2156 2263 .

240 2296 431 2375 nouimus
457 2320 543 2375 esse
567 2310 744 2387 cautum,
773 2308 817 2371 ut
843 2290 950 2371 ultra
981 2307 1064 2371 tres
1095 2318 1250 2370 menses
1277 2289 1468 2397 pontifice
1496 2289 1666 2395 proprio
1706 2318 1789 2370 non
1826 2309 1954 2372 vacet
1989 2320 2052 2373 ec·

241 2406 359 2489 elesia
390 2402 633 2486 cathedralis
660 2430 712 2484 ne
742 2430 817 2509 pro
851 2398 1009 2482 defectu
1041 2403 1214 2511 pastoris
1251 2400 1500 2483 dominicum
1544 2426 1707 2507 gregem
1751 2402 1877 2509 lupus
1922 2430 2052 2511 rapax

240 2514 407 2597 invadat
433 2531 504 2595 aut
532 2513 695 2595 viduata
723 2512 888 2597 ecclesia
918 2514 960 2592 in
998 2518 1080 2594 suis
1117 2513 1377 2612 facultatibus
1402 2536 1529 2620 graue
1557 2510 1812 2619 dispendium
1852 2518 2052 2621 paciatur.
2154 2588 2156 2593 .

240 2630 300 2709 Ea
329 2643 499 2735 propter
528 2625 854 2707 honememoric
884 2623 1102 2707 benedicto
1135 2627 1327 2734 episcopo
1369 2639 1511 2704 nostro
1553 2621 1775 2731 lincopensi
1820 2652 1938 2706 anno
1981 2627 2053 2708 dc-

209 2740 353 2823 *mini
380 2736 639 2821 M⁰.CC·⁰.XG.
670 2738 803 2847 primo
827 2750 979 2817 octauo
1010 2736 1202 2818 kalendas
1230 2738 1331 2818 iunii
1367 2737 1472 2815 sicut
1508 2734 1586 2815 deo
1621 2732 1777 2842 placuit
1814 2738 1928 2817 viam
1966 2740 2053 2819 vni·
2089 2806 2092 2811 .
2146 2735 2151 2743 ’

241 2850 363 2933 nerse·
385 2851 516 2931 carrus
558 2850 741 2957 ingresso
782 2876 1035 2958 corporeque
1065 2876 1232 2958 presens
1274 2864 1399 2957 prout
1435 2847 1558 2947 moris
1591 2862 1652 2925 est
1679 2846 1954 2930 ecclesiastice
1991 2874 2051 2931 re·

209 2978 430 3046 nocenter
459 2958 610 3046 tradito
639 2960 856 3071 sepulture.
886 2962 970 3043 Nos
999 2963 1232 3069 prepositus
1267 2968 1308 3041 81
1343 2958 1528 3041 canonici
1565 2956 1817 3069 lincopenses
1855 2962 2051 3042 conueni-

242 3089 356 3154 entes
385 3075 426 3152 in
455 3080 582 3156 annui
607 3071 658 3160 ael
693 3069 955 3156 tractandum.
993 3073 1043 3153 de
1085 3069 1151 3152 die
1194 3072 1402 3152 electionis
1445 3070 1573 3150 futuri
1616 3070 1819 3179 pontilicis
1865 3070 2049 3155 faciende

179 3221 182 3232 ’
242 3186 459 3267 terminum
487 3184 664 3293 vigiliam
702 3199 953 3292 pentecostes
989 3183 1177 3264 duximus
1218 3184 1486 3263 statuendum.
1531 3182 1675 3261 Citatis
1715 3184 1841 3290 igitur
1893 3188 2050 3266 interim

244 3300 284 3378 δι
312 3313 410 3376 tunc
439 3295 695 3405 presentibus
724 3298 911 3376 omnibus
953 3298 1024 3404 qui
1066 3295 1256 3375 electioni
1298 3292 1540 3375 celebrande
1585 3292 1801 3374 debuerint
1845 3297 2051 3380 voluerint

244 3411 285 3486 8<
314 3423 538 3515 potuerunt
565 3406 775 3488 commode
814 3409 1004 3488 interesse
1041 3405 1148 3487 diem
1185 3406 1394 3488 electionis
1427 3404 1670 3486 celebrande
1705 3407 1874 3488 terciam
1913 3409 2049 3489 feriam

245 3530 498 3628 pentecostes
528 3517 761 3626 prefiximus
790 3547 871 3628 qua
900 3517 1065 3630 quidem
1104 3517 1171 3598 die
1216 3520 1260 3598 in
1305 3518 1486 3625 capitulo
1528 3534 1671 3597 nostro
1711 3544 1786 3599 nos
1822 3523 2050 3631 recepimus

246 3628 296 3710 de
327 3629 525 3712 electione
553 3630 681 3712 futuri
710 3630 912 3738 pontilicis
941 3633 1045 3714 sicut
1087 3629 1275 3710 duximus
1315 3631 1540 3710 tractaturi.
1584 3629 1690 3712 Saue
1733 3649 1825 3739 post
1870 3631 2050 3714 diuersos

216 3757 445 3828 tractatus
476 3743 581 3824 inter
612 3769 686 3822 nos
715 3742 874 3826 habitos
910 3749 949 3823 &
983 3743 1283 3822 nominacioncs
1325 3740 1588 3821 diuersarum
1621 3767 1891 3848 personarum
1934 3747 2053 3852 simp·

177 3889 181 3899 ·
247 3853 342 3932 lices
371 3881 418 3932 ac
447 3852 710 3940 discussiones
739 3858 780 3934 δι
807 3855 1095 3963 inquisiciones
1123 3854 1365 3963 multiplices
1400 3851 1562 3932 tandem
1602 3851 1762 3961 'placuit
1797 3857 1920 3938 nobis
1956 3855 2053 3934 vni-

248 3965 375 4046 uersis
403 3971 442 4045 lic
469 3965 635 4073 singulis
664 3993 738 4073 per
766 3966 872 4046 uiam
909 3966 1191 4074 compromissi
1228 3983 1365 4047 nostre
1411 3965 1577 4050 uiduate
1603 3964 1771 4047 ecclesie
1820 3957 2045 4077 prouidere.

249 4073 555 4159 considerantes·
578 4075 794 4158 diificulter
823 4075 1123 4160 inultitudincns
1151 4079 1200 4157 in
1230 4106 1353 4158 vnum
1389 4076 1607 4156 conuenire
1646 4083 1687 4157 8t
1728 4105 1824 4186 sepe
1869 4083 1912 4160 in
1955 4107 2048 4186 pau·

249 4214 319 4272 cos
349 4191 487 4296 pocius
516 4188 702 4296 spiritum
731 4189 888 4271 consilii
917 4193 1086 4270 sanioris
1114 4190 1253 4269 uenire
1290 4187 1554 4297 dedimusque
1596 4186 1755 4295 plenam
1798 4194 1839 4270 &
1886 4191 2046 4271 liberam

195 4333 196 4336 ¹
250 4301 493 4384 unanimiter
523 4315 760 4407 potestatem
790 4301 963 4382 dominis
991 4301 1154 4410 hirgero
1181 4300 1348 4381 iohanni
1389 4305 1432 4379 ⁴&
1478 4301 1658 4410 haquino
1703 4301 1800 4410 viris
1839 4300 2047 4409 fidedignis
2136 4297 2141 4308 '

252 4410 533 4499 concanonicis
561 4413 710 4496 nostris
739 4429 784 4492 vt
811 4441 1013 4524 quemque
1043 4413 1099 4492 hii
1128 4427 1209 4492 tres
1237 4413 1355 4493 simul
1385 4411 1450 4493 uel
1486 4411 1571 4494 duo
1606 4415 1785 4521 ipsorum
1821 4413 1874 4496 de
1907 4442 1951 4505 se
1985 4409 2047 4491 uel

251 4521 340 4601 aliis
369 4521 419 4602 de
449 4524 602 4628 gremio
631 4538 765 4605 tamen
794 4524 921 4632 ipsius
950 4524 1114 4605 ecclesie
1142 4524 1264 4612 nobis
1291 4531 1331 4605 &
1358 4522 1465 4606 dicte
1489 4524 1660 4604 ecclesie
1689 4544 1825 4607 nostre
1859 4526 2047 4635 eligerent

252 4635 338 4716 sine
365 4632 684 4716 contradictione
713 4633 896 4743 qualibet
928 4637 970 4715 in
999 4635 1198 4744 prelatum
1234 4636 1472 4718 haberemus
1507 4640 1548 4714 8t
1582 4653 1788 4745 pastorem
1824 4639 1918 4742 Qui
1946 4659 2045 4715 sece-

253 4742 394 4826 dentes
422 4747 465 4824 in
494 4762 649 4853 partem
677 4747 935 4853 &spiritum
965 4764 1148 4828 sanctum
1175 4749 1408 4830 invocantes
1443 4745 1590 4828 deuote
1627 4765 1751 4858 prout
1786 4750 1906 4830 nobis
1942 4757 2068 4856 post.

194 4863 200 4870 ”
254 4853 414 4944 modum
446 4857 672 4946 retulerunt
701 4857 995 4940 deliberacione
1033 4887 1078 4942 ac
1118 4862 1422 4947 examinacione
1457 4860 1562 4940 inter
1599 4887 1645 4943 se
1683 4861 1837 4965 habita
1867 4852 2045 4967 diligenti

128 4968 133 4977 ’
254 4967 417 5052 tandem
462 4969 505 5048 i'n
546 4967 754 5074 dominum
796 4969 1044 5089 laurencium
1085 4969 1264 5055 eiusdem
1305 4974 1470 5058 ecclesie
1502 4973 1756 5090 prepositum
1795 4967 2052 5073 concorditer
2122 5069 2126 5083 .
