4317 5975
783 426 1200 508 -523-

30 594 34 600 -
127 647 286 798 1577.
557 599 560 603 ¹
743 655 894 770 1308
941 657 989 764 d.
1039 659 1306 766 adears.
1695 623 1917 780 Drebro.

194 839 332 922 Kooung
352 839 483 902 Bassum
503 820 813 908 diverenslommelse
832 843 893 907 ocb
921 847 1088 930 liirliloiog
1121 850 1192 914 med
1213 851 1278 912 sina
1301 848 1417 914 briider·
1438 844 1622 928 Hertigsrne
1644 841 1721 908 Erit
1744 841 1804 906 och
1826 843 1918 906 Wal-

247 924 371 1005 demar,
393 934 473 986 mmt
494 923 633 986 viliores
656 925 705 988 liir
725 928 913 991 deusamma.
1099 923 1102 930 ’

1401 1007 1780 1070 Ε.8ο.Ιι.ι.οοΙι[αὶ.ι.

223 1125 434 1207 Universis
465 1143 680 1234 praesentes
717 1128 854 1212 literas
893 1131 1156 1242 inspecturis,
1200 1133 1402 1214 Bradanus
1446 1133 1518 1212 Dei
1553 1132 1680 1239 gratia
1716 1131 1917 1210 Sneorum

110 1238 425 1366 Gothornmque
453 1237 559 1337 Rex,
587 1240 755 1322 salutem
788 1243 827 1321 in
858 1244 1033 1324 Domino
1062 1241 1368 1355 sempiternam!
1416 1240 1470 1324 Ut
1497 1246 1606 1326 firma
1639 1270 1716 1351 pax
1744 1259 1785 1322 et
1820 1265 1916 1320 vera

110 1350 326 1433 concordia
359 1367 463 1429 mter
493 1378 566 1430 nos
594 1367 635 1433 et
664 1353 810 1434 fratres
840 1373 1001 1437 nostros
1030 1355 1259 1438 karissimos
1289 1355 1505 1451 Dominos,
1539 1355 1701 1434 Erieum
1730 1369 1770 1430 et
1799 1349 1917 1430 Wal-

110 1464 338 1558 demarum,
366 1461 442 1542 Dei
470 1464 598 1570 gratia
631 1465 762 1546 Duces
790 1465 998 1548 Sueorum¹
1018 1465 1193 1550 illustres
1241 1461 1244 1472 ’
1275 1467 1428 1580 rpetuis
1457 1462 1710 1574 temporibus
1746 1459 1916 1542 inviola-

110 1573 246 1656 bilite'r
288 1571 548 1670 observetur,
592 1578 866 1684 promittimus
909 1581 1056 1661 eisdem
1103 1496 1299 1661 fratribbs
1330 1579 1493 1660 nostris
1520 1578 1562 1656 in
1594 1576 1633 1654 vi
1676 1573 1916 1654 sacramenti

111 1689 223 1796 prius
253 1689 293 1767 iu
321 1684 585 1768 Placitatione
615 1715 745 1797 nuper
775 1687 884 1799 apud
915 1691 1138 1802 Nycopiam
1170 1691 1438 1800 corporaliter
1479 1687 1647 1799 praestiti
1676 1712 1799 1794 super
1825 1711 1915 1769 eor·

109 1827 185 1907 pus
213 1799 384 1893 Christi,
412 1794 526 1907 quod
554 1816 595 1879 et
625 1827 733 1881 nunc
762 1800 888 1882 libera
918 1820 958 1883 et
986 1821 1210 1911 spontanea
1240 1803 1448 1884 voluntate
1476 1798 1770 1910 approbamus,
1803 1792 1916 1904 quod

107 1939 245 1992 onmes
275 1937 425 2006 causae,
454 1905 720 1994 dissensiones
748 1928 789 1993 et
816 1912 1028 1996 discordiae
1071 1914 1241 2024 majores
1269 1931 1309 1994 et
1340 1915 1532 2008 minores,
1573 1909 1767 1989 hactenns
1810 1909 1917 1986 inter

108 2044 181 2102 nos
214 2021 554 2132 qualitercunque
582 2023 758 2122 obortae‚
787 2023 937 2107 debent
966 2054 1014 2107 ex
1045 2043 1160 2134 parte
1190 2041 1327 2108 nostra
1356 2051 1439 2104 esse
1475 2021 1646 2102 remissae
1685 2019 1846 2127 penitus
1874 2033 1917 2098 et

9 2235 15 2250 .
107 2132 272 2229 sedatae,
302 2161 376 2213 nec
406 2131 492 2228 ullo
521 2161 702 2246 unquam
732 2152 914 2244 tempore
944 2166 1017 2247 per
1046 2166 1120 2220 nos
1148 2137 1198 2220 ad
1228 2139 1405 2218 animum
1427 2133 1620 2217 revocari.
1649 2130 1696 2210 ln
1725 2131 1764 2208 vi
1793 2130 1914 2209 etiam

109 2244 285 2352 ejusdem
319 2247 559 2326 sacramenti
603 2246 879 2329 submittimus
907 2265 947 2328 et
977 2250 1264 2331 committimus
1307 2268 1380 2330 nos
1416 2261 1638 2355 spontanea
1684 2240 1914 2335 voluntate,

108 2356 273 2467 quoad
304 2357 439 2437 omnia
469 2362 801 2470 nos‘tangentia,
825 2361 975 2469 majora
1011 2378 1052 2441 et
1082 2364 1251 2458 minora,
1285 2359 1484 2442 voluntati
1512 2374 1552 2438 et
1573 2352 1817 2435 ordinationi
1847 2362 1914 2432 eoss

107 2467 278 2549 rundem
310 2467 480 2548 fratrum
511 2489 764 2567 nostrorum,
793 2499 967 2582 quorum
997 2459 1247 2554 ordinationi
1276 2474 1319 2553 in
1347 2470 1536 2552 omnihus
1573 2483 1680 2548 stare
1710 2464 1914 2555 volumus,

104 2595 146 2694 et
176 2598 221 2662 ut
249 2584 355 2661 inter
388 2606 471 2659 nos
515 2580 809 2690 disponendum
860 2583 1134 2680 decreverint,
1182 2583 1461 2693 reputabimus
1504 2607 1577 2660 nos
1611 2591 1844 2670 contentos,
1874 2589 1916 2653 et

105 2693 217 2802 quod
248 2691 471 2773 astabimus
499 2699 555 2772 eis
584 2711 728 2774 contra
757 2695 981 2804 quemlibet
1009 2696 1211 2777 hominem
1243 2697 1416 2778 bonores
1431 2695 1624 2801 ipsorum,
1652 2689 1740 2796 jura
1771 2703 1811 2767 et
1841 2685 1914 2766 bo·

104 2832 160 2884 na
185 2821 378 2914 tanquam
408 2805 575 2912 propria
604 2822 690 2885 tota
721 2807 903 2913 potentia
934 2825 1070 2903 nostra
1102 2804 1378 2905 defendendo,
1421 2833 1493 2886 neo
1524 2800 1716 2910 dampna,
1744 2795 1915 2904 injurias

105 2913 169 2999 vel
197 2915 433 3025 gravamina
467 2915 564 3025 ipsis
592 2935 662 2998 aut
690 2917 922 3001 bominibus
950 2921 1032 3001 suis
1058 2947 1129 3000 seu
1164 2921 1260 3029 ipsis
1289 2915 1606 3011 adhaerentibus,
1647 2939 1720 2991 neo
1759 2903 1914 3021 aliquid

104 3030 147 3108 in
177 3028 359 3137 ipsorum
389 3027 669 3137 praejudicium
700 3030 858 3112 occulte
888 3031 950 3111 vel
983 3032 1189 3113 manifeste
1217 3032 1349 3113 lacere
1368 3029 1580 3121 debemus,
1611 3023 1671 3105 vel
1701 3024 1822 3101 etiam
1852 3035 1912 3099 at·

102 3154 271 3220 tentare.
301 3140 631 3221 Commissionem
660 3141 780 3223 etia'm
809 3160 1033 3225 castrorum
1063 3144 1301 3225 Calmarniae
1330 3160 1370 3225 et
1401 3137 1638 3248 Borglrolma
1656 3134 1799 3215 factam
1830 3134 1912 3212 Do·
1991 3204 1995 3211 .

102 3252 221 3331 minis
251 3252 296 3333 E.
325 3267 366 3330 et
397 3252 466 3331 W.
495 3253 678 3364 Ducibus
707 3253 881 3352 Sneciae,
917 3254 1113 3337 fratribus
1154 3256 1301 3339 nostris
1329 3255 1370 3335 in
1401 3254 1552 3335 christo
1595 3244 1811 3327 karissimis
1841 3271 1913 3353 per

103 3362 283 3444 nobilem
313 3365 444 3443 virum
475 3365 693 3446 Dominum
722 3366 921 3447 Karolum
951 3366 1220 3473 'l'hydhislras,
1257 3386 1356 3448 tnnc
1384 3364 1624 3446 advocatum
1656 3364 1838 3440 nostrum
1870 3357 1912 3433 in

100 3474 251 3556 eisdem
281 3474 420 3557 castris
448 3472 490 3553 'et
518 3504 592 3583 per
622 3477 722 3557 alios
754 3496 978 3559 castrenses
1007 3478 1157 3560 ibidem
1201 3478 1462 3573 ratificamus,
1492 3490 1531 3555 et
1562 3502 1646 3556 eam
1678 3468 1911 3550 innovando

51 3687 58 3699 .
101 3586 270 3668 omnino
298 3584 587 3695 approbamus.
617 3588 703 3667 Sub
732 3588 873 3670 eodem
903 3608 1043 3672 nostro
1071 3606 1323 3671 sacramento
1364 3590 1614 3695 resignamus
1655 3608 1817 3664 exnunc
1846 3606 1923 3661 ca··

102 3713 187 3779 stra
219 3700 354 3778 omnia
384 3696 605 3779 Finlandiae
633 3718 674 3779 et
704 3704 882 3808 partium
908 3703 1184 3793 orientalium,
1213 3700 1400 3782 videlicet
1422 3700 1564 3779 Aaboo
1594 3712 1634 3775 et
1662 3692 1912 3774 Tavestabus

99 3826 143 3890 et
170 3809 380 3917 Wiborgb
408 3836 499 3890 cum
529 3812 649 3889 terris
676 3810 956 3919 adjacentibus
984 3813 1131 3893 eisdem
1162 3833 1202 3893 et
1229 3840 1350 3922 quam
1380 3813 1462 3891 cito
1490 3808 1703 3887 transsitus
1733 3803 1911 3910 patuerit

98 3921 151 4002 ad
181 3919 457 4016 Finlandiam,
490 3936 531 4000 et
561 3938 694 4029 partes
723 3920 812 4002 illas
840 3924 1068 4020 orientales,
1108 3920 1387 4007 mandabimus
1418 3918 1612 4028 praelectis
1655 3917 1804 3996 nostris
1834 3912 1910 3991 ibi·

98 4030 212 4129 dem,
249 4031 362 4144 quod
392 4047 523 4113 castra
554 4030 742 4142 praedicta
777 4051 817 4114 et
845 4050 971 4115 terras
999 4064 1088 4115 cum
1122 4034 1373 4141 pertinentiis
1414 4033 1495 4112 suis
1538 4028 1684 4111 eisdem
1716 4024 1910 4106 fratribus

99 4147 249 4225 nostris
277 4146 461 4224 Dominis
490 4145 673 4223 Ducibus
702 4143 867 4225 tradant
896 4165 935 4226 et
963 4148 1218 4227 committant
1250 4148 1371 4254 pleno
1400 4144 1500 4253 jure.
1531 4138 1641 4253 quod
1672 4141 1704 4219 si
1733 4156 1908 4218 castrum

98 4254 307 4365 Wiborgh
337 4255 496 4335 tradere
525 4252 602 4335 sibi
633 4283 716 4335 non
745 4260 966 4365 poterimus
995 4260 1069 4338 ista
1100 4260 1206 4354 vice,
1236 4284 1309 4366 per
1337 4255 1443 4338 idem
1478 4252 1749 4365 promittimus
1775 4277 1907 4330 sacra·
2038 4262 2041 4270 ’

97 4385 302 4462 mentum,
333 4385 652 4475 utquocunque
682 4366 802 4449 modo
830 4372 1069 4477 poterimus,
1101 4398 1330 4480 procurare
1359 4369 1569 4462 debemus,
1614 4362 1736 4445 utad
1768 4388 1907 4443 manus

94 4476 319 4561 eorundem
348 4478 518 4558 fratrum
548 4494 778 4559 nostrorum
808 4484 911 4561 sicut
940 4482 1015 4562 alia
1041 4499 1172 4563 castra
1205 4483 1336 4563 valeat
1371 4480 1571 4561 devenire.
1601 4492 1641 4556 et
1670 4478 1700 4555 si
1732 4503 1804 4583 per
1834 4498 1929 4579 nos,

94 4589 252 4673 dictum
283 4612 456 4671 castrum
488 4588 600 4669 nullo
630 4588 749 4671 modo
780 4598 905 4700 possit
934 4596 1129 4702 optineri,
1165 4610 1296 4674 astare
1325 4585 1515 4672 debemus
1558 4588 1741 4669 Dominis
1772 4586 1933 4689 fratri-y

95 4706 178 4786 bus
209 4705 353 4783 nostris
387 4702 556 4782 consilio
599 4701 840 4800 et'auxili0,
882 4734 970 4786 cum
1009 4710 1119 4787 omni
1165 4706 1346 4814 potentia
1391 4716 1548 4796 nostra,
1580 4716 1624 4779 nt
1654 4701 1694 4779 in
1725 4700 1904 4808 ipsorum

26 4852 30 4857 ·
100 4816 315 4926 perveniat
342 4830 594 4922 potestatem.
633 4814 733 4894 Item
764 4816 803 4894 vi
831 4814 1010 4922 ejusdem
1037 4818 1274 4897 sacramenti
1305 4816 1431 4895 nostri
1462 4811 1757 4923 promittimus,
1792 4808 1906 4921 quod

98 4944 230 5008 terras
259 4942 487 5007 contractas
515 4943 555 5007 et
584 4925 714 5023 bona,
742 4954 834 5036 quae
863 4926 966 5006 inlra
999 4956 1165 5035 regnum
1197 4927 1314 5007 nobis
1351 4923 1554 5005 dimittere
1582 4922 1806 5018 voluerint,
1834 4920 1905 5001 de-

97 5040 244 5122 bemus
271 5036 493 5120 secundum
523 5035 629 5147 leges
656 5052 698 5118 et
728 5040 870 5153 patriae
897 5037 989 5146 jura
1018 5056 1175 5137 tenere,
1209 5067 1282 5120 nec
1311 5037 1485 5119 subditis
1510 5036 1615 5117 nltra
1643 5062 1777 5117 casum
1806 5063 1904 5118 con·
