4317 5975
802 349 890 466 --
968 335 1049 482 ors
1161 449 1217 468 -

108 619 334 701 iohannem
380 619 622 704 subicientes
676 622 851 702 examini
893 650 940 702 ac
996 625 1333 722 circumstanciis,
1391 655 1471 735 que
1527 625 1633 710 circa
1692 656 1903 736 personam

109 734 257 840 ipsius,
313 733 425 813 iuxta
484 733 670 813 llormam
724 733 844 814 nobis
894 734 1084 816 traditam
1153 739 1331 818 fluerent
1387 736 1648 837 attendende‚
1703 741 1904 821 sufficien-

12 835 32 894 ἶ
105 860 168 925 ter
228 861 268 924 et
325 844 594 924 consolatorie
650 843 828 951 jnuentis
884 846 926 924 in
982 850 1091 954 ipso,
1145 866 1189 926 vt
1245 847 1296 932 ad
1352 877 1489 930 omnes
1545 851 1709 932 ordines
1768 879 1904 933 aecem

104 950 220 1050 dere,
250 982 297 1034 ac
325 955 631 1036 ecclesiasticum
662 955 921 1051 beneficium,
964 961 1092 1037 eciam
1128 961 1159 1038 si
1190 988 1328 1039 curam
1371 960 1594 1043 animarum
1638 960 1805 1042 baberet
1835 989 1905 1043 an·

105 1091 248 1145 nexam
267 1067 466 1173 -optinere
496 1082 650 1173 posset,
679 1095 768 1168 cum
799 1066 940 1146 eodem
972 1067 1290 1174 dispensauimus
1326 1074 1565 1152 auctoritate
1599 1075 1803 1180 premissa.
1838 1100 1906 1151 sn·

107 1203 180 1286 per
208 1204 290 1286 qua
319 1174 643 1286 dispensacione,
669 1205 757 1257 cum
789 1177 996 1259 Jobannes
1024 1179 1248 1286 sepefatus,
1278 1200 1364 1261 tum
1394 1199 1563 1290 propter
1592 1201 1905 1265 nostramoccu·

104 1288 330 1396 petionem,
359 1303 445 1367 tum
475 1304 644 1397 propter
671 1289 733 1368 sui
763 1290 887 1397 ipsius
914 1288 1162 1369 obliuionem
1192 1308 1232 1368 et
1263 1293 1534 1398 ignoranciam
1557 1291 1643 1375 dari
1667 1295 1744 1375 sibi
1767 1311 1905 1403 petere

106 1415 264 1478 nostras
292 1398 445 1479 litteras
475 1401 669 1481 omisisset
698 1428 763 1480 eas
804 1416 939 1478 tamen
976 1418 1068 1510 post
1112 1403 1269 1510 aliquot
1316 1430 1516 1502 annorum
1560 1406 1781 1502 curricula,
1823 1422 1905 1486 tam

107 1509 362 1620 presbiterali
390 1507 532 1592 ordine
560 1538 694 1621 quam·
712 1529 852 1597 curato
883 1510 1078 1593 beneficio
1100 1514 1173 1591 iam
1193 1530 1375 1620 optento,
1400 1507 1652 1621 prvdencius-
1674 1533 1713 1596 et
1743 1515 1905 1597 caucius
1965 1509 1970 1528 ¹

107 1621 330 1730 periculum
366 1621 479 1730 quod
512 1650 733 1702 erearum
763 1620 925 1703 defectu
955 1621 1031 1703 sibi
1062 1641 1197 1729 posset
1231 1625 1439 1714 imminere
1477 1622 1753 1722 considerans,
1783 1654 1805 1705 a
1834 1655 1907 1708 no·

105 1732 168 1812 bis
189 1735 409 1812 instancins
426 1735 620 1840 peciisset,
649 1760 724 1813 nos
753 1734 850 1842 quia
879 1733 1174 1842 aliquantulum
1202 1733 1436 1814 offuscatam
1457 1735 1673 1816 habuimus
1697 1736 1793 1816 facti
1814 1765 1906 1844 pre·
2020 1799 2022 1804 -

107 1842 220 1922 libati
251 1846 482 1924 memoriam
511 1873 601 1924 cum
632 1871 704 1953 per
732 1846 1010 1924 attestaciones
1048 1847 1260 1924 iuratorias
1297 1845 1632 1927 Reuerendorum
1663 1875 1710 1927 ac
1740 1846 1907 1956 fidedig-

104 1980 246 2036 norum
263 1955 440 2037 virorum
461 1955 715 2037 dominorum
731 1956 859 2035 silicet
874 1958 998 2052 piari,
1026 1954 1175 2037 blatbie
1204 1973 1325 2064 atque
1349 1959 1516 2036 sunonis
1536 1959 1907 2038 concanonicorum

108 2082 333 2146 nostrornm
363 2066 665 2175 wpsalensium‚
695 2068 765 2174 qui
798 2082 877 2145 tam
905 2069 1145 2175 ·recepcioni
1185 2067 1409 2146 litterarum
1446 2069 1623 2175 ipsarum
1665 2070 1906 2178 apostolica-

107 2205 197 2256 rum
225 2195 347 2285 quam
376 2177 673 2285 dispensacioni
702 2176 918 2256 earundem
948 2179 1188 2270 auctoritate
1219 2197 1263 2256 ut
1288 2179 1536 2286 premittitur
1572 2207 1644 2287 per
1674 2207 1746 2258 nos
1774 2180 1908 2274 fincte,

107 2288 318 2368 nobiscum
347 2306 552 2396 presentes
581 2289 762 2386 fuerant,
791 2288 847 2366 sic
876 2316 916 2368 se
946 2291 1142 2369 veraciter
1170 2288 1320 2368 habere
1350 2290 1541 2397 premissa
1584 2287 1703 2372 nobis
1747 2290 1909 2396 plenius

108 2401 350 2481 constitisset
380 2418 582 2504 presentes
611 2399 764 2506 litteras
803 2416 942 2479 nostro
987 2429 1033 2480 ac
1063 2400 1340 2508 predictorum
1369 2402 1531 2480 testium
1560 2401 1700 2507 sigillis
1730 2403 1909 2509 signatas

79 2526 328 2593 ,memorato
358 2513 534 2590 Domino
575 2511 748 2592 Jobanni
782 2510 827 2617 jn
867 2515 1153 2617 premissorum
1200 2513 1377 2598 omnium
1421 2511 1587 2591 euidens
1633 2513 1909 2591 testimonium

52 2693 59 2700 .
108 2620 296 2701 duximus
324 2621 600 2704 concedendas
629 2625 777 2702 Datum
806 2623 969 2730 wpsalie
998 2626 1118 2709 Anno
1147 2619 1299 2704 domini
1319 2621 1379 2704 Μο
1396 2621 1530 2702 CCC0.
1554 2622 1701 2702 X⁰.'in
1731 2625 1906 2703 crastino

111 2731 220 2812 beati
250 2732 357 2813 Erici
390 2735 510 2844 Regis
538 2752 578 2814 et
607 2733 791 2814 martiris.
849 2731 853 2738 ’
1693 2731 1707 2752 “

536 2877 587 2940 Pe
595 2875 792 2960 frdrm'dan:
811 2875 1016 2962 Dispensacio
1037 2895 1134 2962 super
1153 2874 1282 2939 defectu
1303 2865 1469 2938 nat‘alium.
1508 2921 1511 2929 .
1533 2949 1537 2966 J

102 3044 107 3050 -
138 2994 287 3078 sigium
313 3015 346 3073 1,
369 3016 404 3081 α,
425 2972 444 3057 3
465 2996 477 3057 i
497 2997 593 3081 grone
614 3013 690 3078 vax,
710 3012 779 3067 mer
800 2993 863 3060 och
882 2993 1007 3085 mindtc
1027 2992 1183 3081 skndade,¹
1203 2992 1367 3078 andeliga3
1386 2994 1410 3077 4
1429 2989 1611 3075 bortlcllet,
1632 3008 1757 3065 remano
1779 3009 1870 3081 quar.

121 3454 297 3605 1671(
745 3464 895 3570 1310
941 3462 988 3567 d.
1038 3378 1111 3590 ad
1159 3464 1274 3607 Maj.
1694 3456 1909 3565 Thorsb.
2042 3578 2046 3588 Δ

186 3653 303 3737 Biskop
322 3648 478 3718 mnam
498 3651 510 3711 i
529 3648 629 3713 stare
650 3648 727 3713 bref
742 3654 785 3738 pa
805 3661 855 3714 ett
872 3648 1067 3735 qrarnrttlle
1093 3650 1104 3713 i
1124 3650 1287 3796 Ldnppnts
1309 3650 1371 3713 ccli
1392 3646 1505 3713 derrid
1526 3642 1666 3713 verende
1688 3654 1750 3729 ang
1771 3655 1852 3708 tamt
1869 3666 1910 3707 en

229 3731 410 3798 stacktralls
431 3732 716 3814 sagittantem
735 3754 809 3819 myr
830 3756 899 3799 som
919 3735 1039 3795 lemnes
1058 3731 1171 3796 Hdkan
1223 3733 1295 3817 jekn
1316 3730 1424 3817 thyre
1445 3740 1533 3795 emot
1552 3730 1633 3793 hans
1648 3728 1910 3811 godsiQrflttak.

1619 3812 1656 3866 A·
1673 3812 1698 3866 d
1716 3826 1747 3863 aa

218 3915 420 4002 Omnibus
449 3941 610 4027 presens
639 3918 833 4024 scriptum
861 3918 1139 4016 cernentibus,
1167 3916 1450 3997 Barmutraus
1476 3910 1541 3995 dei
1562 3912 1696 4022 gracia
1717 3911 1909 3991 scarensis

107 4034 342 4143 episcopus,
385 4027 552 4110 salutem
580 4028 623 4107 in
652 4026 816 4108 domino
845 4032 1149 4140 sempiternam,
1177 4028 1328 4109 Notum
1358 4022 1544 4122 facimus,
1602 4020 1684 4106 uod
1720 4018 1772 4103 de
1810 4018 1925 4103 con-'

107 4146 198 4228 silio
227 4159 268 4224 et
296 4167 460 4220 assensu
488 4136 657 4248 capituli
685 4139 814 4220 nostri
840 4143 1055 4239 warensis,
1084 4140 1426 4250 permutacionetn
1455 4054 1659 4246 quandam
1678 4130 1909 4245 prediorum

11 4243 13 4254 ’
109 4284 201 4339 cum
228 4252 409 4363 haquino
437 4249 546 4333 dicto
584 4246 731 4357 dyaekn
767 4248 820 4333 de
855 4250 1132 4349 kioesta’oum
1173 4276 1324 4359 genero
1365 4246 1526 4328 arnuidi
1565 4260 1699 4343 saeter,
1741 4238 1909 4325 lecimus

109 4394 184 4477 per
215 4366 327 4446 hunc
355 4356 545 4457 modum,
567 4360 776 4457 videlicet,
805 4362 917 4471 quod
945 4390 1020 4446 nos
1062 4360 1202 4473 predia
1245 4361 1372 4471 ipsius
1404 4356 1579 4439 haconni
1607 4358 1651 4439 in
1692 4350 1909 4483 lrpaetoegb‚
2030 4409 2034 4417 ,

110 4507 204 4562 cum
231 4474 419 4557 omnibus
446 4475 528 4553 suis
557 4472 786 4580 attinencijs
814 4476 920 4555 intra
950 4500 1065 4583 sepes
1093 4492 1135 4555 et
1154 4488 1267 4555 extra
1296 4468 1447 4552 habere
1474 4466 1690 4549 debeamus
1710 4490 1910 4575 Jureper·

112 4606 240 4701 petuo
270 4583 531 4696 possidenda,
571 4587 723 4664 Dantes
753 4610 829 4691 pro
855 4584 1004 4667 eisdem
1040 4580 1189 4695 predijs
1227 4585 1301 4693 ipsi
1339 4580 1539 4691 haquin0‚
1581 4580 1714 4662 locum
1755 4575 1908 4656 molen·
1958 4656 1961 4663 .

111 4700 200 4782 dini
227 4704 269 4782 in
297 4699 500 4804 langaenes
529 4722 619 4776 cum
651 4696 777 4803 pratis
806 4722 855 4777 ex
883 4714 1053 4807 vtraque
1083 4710 1197 4804 parte
1233 4695 1381 4787 amnis,
1419 4718 1498 4804 que
1535 4686 1593 4772 ibi
1626 4688 1809 4771 adiacere
1845 4712 1909 4766 so-

113 4812 218 4910 lent,
246 4827 288 4891 et
318 4825 435 4917 prato
463 4806 581 4889 vnius
609 4804 760 4889 cumuli
795 4807 867 4913 qui
904 4805 1054 4889 dicitur
1070 4801 1073 4807 ’
1089 4802 1246 4889 starker
1274 4807 1316 4884 in
1353 4800 1657 4909 lorsemaemyri,
1684 4796 1909 4909 proprieta-

113 4946 213 5023 tem,
243 4920 550 5033 possessionem,
577 4933 619 5001 et
652 4915 873 5003 dominium
910 4919 1111 5003 dictorum
1155 4912 1390 5028 prediorum
1430 4909 1474 5021 jn
1516 4912 1647 5023 ipsum
1690 4912 1911 5089 baquppum

219 5049 264 5104 ευ.
281 5048 406 5121 upum.
440 5044 480 5099 rr.
840 5108 846 5121 Ι
1642 5068 1655 5095 .
