4317 5975
659 499 667 519 .
806 486 862 509 -·-
939 440 1052 573 x293
1098 446 1221 570 i·-

114 661 314 743 marcham
346 658 439 766 puri
468 660 647 763 argenti,
673 660 716 738 's‘
745 658 913 739 cuilibet
941 658 1130 769 hospitali
1159 663 1200 741 in
1231 658 1680 759 eademdirocesivnam
1704 661 1904 744 marcham

115 774 207 880 puri
236 771 405 878 argenti,
436 770 510 851 hac
526 771 764 852 condicione
792 769 958 865 adiecta,
988 769 1099 879 quod
1129 789 1370 879 exequtores
1397 765 1625 856 testamenti
1643 776 1719 854 mei
1741 803 1808 854 eas
1824 772 1905 853 dis·

112 884 276 963 trahant
306 888 346 963 dr
385 898 514 961 uestes
551 887 589 961 8r
617 880 773 961 calceos
795 878 887 961 iude
916 898 1070 978 emant,
1100 882 1138 962 8r
1167 882 1415 989 pauperibus
1437 884 1605 964 infirmis
1635 888 1674 965 in
1694 885 1904 993 hospitali·

113 994 189 1074 bus
232 991 500 1074 existentibus
536 990 800 1086 distribuant,
838 1010 961 1099 prout
990 994 1046 1072 eis
1076 996 1268 1071 nouerint
1296 992 1503 1101 expedire,
1531 996 1739 1078 Fratribus
1768 995 1904 1103 predi·
1955 1097 1958 1104 ¹

2 1129 4 1138 '
111 1104 592 1211 catoribnslnsigtunia
623 1132 742 1183 unam
774 1104 973 1185 marcham
1010 1106 1103 1211 puri
1132 1105 1301 1209 argenti.
1362 1105 1575 1186 Fratribus
1608 1106 1833 1203 minoribus
1860 1108 1904 1185 iti

110 1216 308 1315 stocheim
355 1243 474 1293 unam
521 1214 722 1293 marcham
768 1218 861 1321 puri
896 1217 1072 1321 argenti,
1112 1214 1287 1294 Ecclesia
1333 1217 1373 1294 in
1411 1217 1564 1324 garzby
1593 1216 1694 1297 duas
1724 1216 1903 1298 marchas

12 1403 17 1416 ,
109 1328 201 1435 puri
234 1327 403 1434 ‘argenti
448 1353 522 1433 pro
560 1352 641 1404 uno
691 1326 814 1405 calice
858 1325 1062 1421 faciendo,
1092 1331 1130 1405 8r
1160 1353 1278 1404 unam
1312 1355 1480 1433 paruam
1516 1326 1755 1434 crucem-de
1782 1350 1906 1425 auro,

113 1466 234 1547 quarn
265 1436 314 1516 de
357 1454 464 1517 terra
492 1453 630 1515 sancta
661 1463 814 1515 mecum
844 1434 988 1531 detuli,
1019 1466 1094 1544 pro
1123 1434 1261 1515 eodem
1287 1438 1411 1527 ,calice
1440 1437 1697 1534 deaurando,
1726 1439 1904 1519 Ecclesia

112 1551 300 1657 thorpom
330 1566 412 1627 tres
443 1546 621 1627 marchas
650 1545 762 1640 den,
801 1549 904 1626 ltem
936 1576 1010 1655 pro
1038 1546 1245 1627 solucione
1273 1550 1405 1628 crucis
1435 1547 1723 1657 mee,'depnto
1759 1550 1904 1656 viginti

116 1662 291 1741 marchas
321 1660 411 1767 puri
443 1659 598 1765 argenti
628 1662 669 1737 in
698 1657 921 1739 subsidium
952 1676 1059 1738 terre
1088 1675 1246 1753 sancte,
1281 1688 1380 1767 quas
1408 1677 1648 1769 exequtores
1675 1661 1905 1740 testamenti
2012 1710 2015 1712 Α
2066 1642 2093 1735 ᾗ

116 1773 210 1878 maj,
243 1770 410 1881 quamdo
440 1774 479 1847 8
511 1797 579 1876 per
608 1797 731 1877 quos,
759 1767 857 1849 deus
879 1770 934 1848 eis
964 1771 1240 1877 inspirauerit,
1259 1769 1357 1849 illuc
1386 1772 1565 1867 mittant,
1595 1770 1903 1851 ltemomnibus

120 1886 237 1965 ternis
267 1884 362 1962 meis
392 1898 432 1961 et
461 1880 615 1959 ancillis
643 1880 1086 1975 conferolibertatem,
1128 1883 1232 1959 Jtem
1273 1879 1544 1989 quadraginta
1587 1881 1770 1963 marchas
1812 1880 1902 1965 den.

119 1995 277 2074 consero
322 1991 581 2101 pauperibus,
612 2018 683 2097 per
720 2018 860 2071 manus
887 2005 1152 2099 exequtortrm
1185 1992 1413 2071 testamenti
1442 1996 1517 2072 mei
1545 1995 1652 2072 inter
1680 2022 1749 2075 eos
1778 2009 1903 2101 prout

120 2108 205 2217 ipsis
236 2106 361 2184 visum
395 2104 518 2182 fuerit
540 2100 791 2193 diuidendas,
820 2102 1006 2181 Ceterum
1035 2118 1081 2181 ut
1110 2103 1271 2198 sciatur,
1295 2103 1399 2183 vnde
1414 2102 1643 2211 supradicta
1659 2106 1794 2183 omnia
1810 2132 1903 2211 per·

118 2216 333 2310 soluantur,
366 2231 506 2293 notum
536 2214 640 2291 l'acio
663 2211 774 2322 quod
791 2213 909 2292 michi
937 2230 1098 2293 tenetur
1128 2212 1285 2292 soluere
1309 2211 1531 2294 Nicholaus
1547 2214 1808 2323 swenilrosun
1826 2242 1904 2295 vna

118 2329 205 2406 hora
235 2328 391 2434 argenti
424 2328 552 2404 minus
581 2352 700 2433 quam
722 2321 928 2410 ,sexdecim
959 2323 1139 2403 marchas
1170 2327 1441 2432 puriargenti.
1485 2325 1641 2419 Godica
1655 2323 1786 2405 dictus
1801 2328 1903 2405 Jun-

119 2467 159 2545 ge
186 2440 282 2517 cinis
315 2435 630 2543 sudaercopensis
661 2461 729 2513 sex
760 2436 938 2513 marchas
968 2440 1007 2515 8(
1036 2463 1154 2513 vnam
1185 2464 1294 2515 oram
1325 2440 1417 2544 puri
1448 2438 1625 2545 argenti,
1667 2435 1903 2538 'l'borlrillus

119 2548 413 2657 aerringisloesun
444 2545 573 2626 dietus
589 2545 721 2643 dinen
752 2546 965 2625 duodecim
985 2546 1164 2625 marchas
1187 2548 1277 2652 puri
1294 2548 1483 2653 argenti,
1504 2546 1902 2657 Sigmundusaerrin·
2016 2627 2020 2635 ,

118 2660 295 2765 gislaesnn
334 2675 509 2767 quatuor
549 2654 729 2736 marchas
761 2658 857 2763 puri
881 2658 1052 2762 argenti.
1110 2658 1260 2736 Sweno
1288 2658 1553 2749 omundaesun
1581 2659 1766 2739 undecim
1797 2686 1902 2740 mar·

118 2770 203 2850 chas
231 2778 271 2851 u
301 2770 401 2850 duas
430 2778 521 2848 oras
549 2768 640 2848 den.
698 2768 917 2862 Dominus,
946 2770 1003 2863 th,
1034 2765 1214 2846 knutsun
1244 2767 1397 2849 domini
1413 2772 1516 2877 regis
1539 2770 1779 2850 marscalcus
1800 2770 1902 2850 duas

118 2876 288 2963 marchas
331 2908 469 2968 aenone
505 2886 544 2958 St
570 2877 653 2958 duo
683 2878 829 2957 talenta
860 2878 1021 2958 naualia
1052 2876 1222 2957 lardi&
1252 2880 1419 2960 totidem
1449 2880 1595 2977 butiri,
1633 2880 1820 2960 Monacbi
1849 2880 1902 2963 de

114 3022 211 3073 noua
247 2995 350 3073 ualle
379 2991 579 3072 dimidiam
612 2990 810 3068 marcham
840 2991 1019 3098 siliginis,
1050 2996 1089 3070 &
1119 2989 1269 3068 idcirco
1298 2991 1392 3072 uolo
1424 3008 1469 3070 ut
1499 3021 1572 3100 per
1587 3008 1826 3102 exequtores
1841 3007 1904 3072 te·-

116 3109 292 3187 stamenti
333 3106 430 3198 mei,
475 3103 605 3210 primo
647 3101 776 3179 omnia
824 3097 957 3181 debita
1005 3129 1088 3180 mea
1118 3101 1347 3208 supradicta
1378 3119 1514 3211 preter
1550 3101 1660 3182 illam
1696 3100 1960 3204 dimidiam'-‘

115 3217 314 3296 marcham
333 3215 520 3322 siliginis,
540 3241 662 3322 quam
695 3211 812 3290 michi
841 3228 1031 3293 tenentur
1063 3213 1246 3291 monachi
1276 3209 1325 3290 dc
1356 3241 1461 3292 noua
1497 3214 1602 3293 ualle
1633 3220 1672 3293 8
1700 3243 1823 3322 quam
1851 3242 1901 3293 ex

115 3355 215 3408 nunc
244 3332 301 3410 eis
330 3327 480 3419 relaxo,
510 3327 722 3432 exigantur
752 3328 791 3400 sc
826 3341 962 3430 postea
986 3321 1051 3402 'de
1079 3325 1176 3429 ipsis
1205 3339 1485 3404 testamentum
1525 3353 1658 3403 meum
1700 3341 1900 3434 quantum

114 3439 209 3519 solui
237 3440 407 3549 poterit,
436 3437 709 3544 persoluatur,
738 3438 842 3514 Jtem
872 3463 921 3512 ne
952 3451 1120 3544 propter
1150 3433 1285 3513 debita
1316 3463 1394 3542 que
1424 3462 1500 3542 ego
1528 3434 1621 3524 aliis,
1640 3455 1785 3518 teneor
1814 3438 1901 3515 ani·
1944 3521 1952 3536 ,

113 3578 171 3629 ma
199 3579 283 3632 mea
313 3549 536 3658 periculum
569 3549 767 3654 paciatur,
797 3546 978 3626 similiter
1009 3562 1148 3624 notum
1180 3544 1284 3623 facio
1313 3543 1422 3654 quod
1452 3576 1528 3654 ego
1558 3545 1725 3626 reddere
1761 3564 1901 3627 teneor

116 3661 269 3742 ecclesie
301 3661 521 3767 lincopensi
551 3657 686 3736 decem
720 3659 900 3736 marchas
929 3655 1018 3736 den.
1077 3655 1288 3748 Gadilrino
1319 3658 1427 3734 dicto
1458 3661 1599 3766 lungae
1641 3659 1718 3737 cini
1749 3657 1899 3741 sudaer·

70 3853 75 3868 ,
115 3775 270 3880 copen'si
303 3771 461 3852 duabus
490 3769 570 3848 oris
600 3769 730 3847 miuus
760 3795 880 3876 quam
912 3795 979 3846 sex
1012 3769 1193 3846 marchas
1223 3767 1314 3846 den.
1371 3769 1648 3847 Hinzemanno
1678 3768 1788 3848 dicto
1819 3798 1899 3876 pas-

113 3883 234 3989 gogha
266 3879 547 3986 sex-marchas
576 3877 679 3973 deu,
709 3877 894 3958 Gerardo
924 3879 1033 3959 dicto
1068 3877 1133 3956 vlf
1157 3879 1236 3956 ciui
1265 3878 1509 3980 wisbircensi
1525 3877 1624 3957 duas
1654 3881 1900 3960 marchas&

111 3992 202 4074 duas
231 4021 321 4073 oras
350 3993 440 4073 den.
470 3989 687 4097 gutnislrae,
718 3986 944 4068 Heredibus
973 3988 1311 4068 hermannidicti
1341 3991 1898 4098 curaquondamsudaereo.

114 4106 171 4210 pie
198 4104 503 4196 commorantis,
549 4098 598 4179 de
642 4103 813 4208 antiquo
842 4098 982 4200 debito
1008 4116 1161 4206 septem
1192 4099 1371 4178 marchas
1400 4100 1511 4196 den,
1542 4103 1576 4180 si
1608 4099 1900 4203 dicti-heredes

112 4212 252 4296 dictum
285 4215 467 4297 debitum
498 4212 703 4318 exegerint
733 4217 1081 4317 &recognoscere
1112 4209 1339 4304 noluerint,
1370 4209 1469 4289 illud
1500 4239 1539 4289 se
1558 4212 1923 4310 instotirtulolra-‚
2035 4221 2038 4224 ’
2128 4212 2134 4224 ’

113 4325 270 4422 bituros,
301 4331 402 4408 Jtem
434 4341 603 4432 gostauo
634 4320 795 4400 karlsun
827 4349 948 4401 vnum
980 4321 1174 4402 talentum
1207 4320 1350 4400 nauale
1379 4323 1495 4428 cupri
1528 4352 1602 4429 pro
1620 4341 1713 4402 octo
1731 4325 1900 4411 marchis

113 4436 194 4518 den.
222 4446 262 4519 8(
291 4439 400 4519 alind
431 4436 623 4515 talentum
655 4436 770 4541 cupri
801 4436 1023 4540 repositum
1053 4448 1113 4511 est
1142 4431 1390 4537 sudaercopie
1408 4452 1508 4539 aput
1532 4433 1729 4513 nicolaum
1748 4431 1920 4513 laninas-¹

115 4550 226 4643 smid,
272 4549 384 4658 quod
427 4549 483 4628 ibi
526 4546 694 4652 recipiat
732 4542 898 4653 quando
943 4543 1094 4651 placet,
1135 4545 1236 4620 ltem
1271 4545 1365 4621 uolo
1394 4543 1504 4652 quod
1537 4544 1638 4623 dicti
1667 4565 1901 4626 executores
1950 4536 1954 4543 ’
2014 4608 2016 4613 .

115 4663 330 4741 testamenti
359 4661 436 4741 mei
467 4670 703 4765 potestatem
735 4655 909 4734 habeant
942 4656 1181 4762 plenariam,
1210 4683 1299 4732 curn
1326 4656 1515 4733 nicholao
1530 4655 1817 4761 guduastaesnn
1836 4687 1902 4738 su·
1939 4754 1942 4758 η

18 4798 20 4801 ’
115 4795 177 4873 per
203 4789 351 4882 septem
385 4773 490 4850 lestis
532 4793 674 4846 aenone
713 4763 1025 4864 uersus‘lirbech
1061 4764 1204 4846 delatis
1234 4762 1518 4873 computandi,
1549 4771 1588 4843 u
1618 4771 1797 4874 precium
1826 4795 1901 4875 pro

114 4882 247 4964 eisdem
277 4901 482 4990 receptum
511 4876 711 4984 exigendi,
740 4877 979 4984 recipiendi,
1011 4877 1126 4956 &ad
1159 4877 1318 4955 libitum
1349 4877 1580 4972 ordinandi,
1624 4879 1755 4956 Huius
1777 4895 1897 4956 testa-

116 4997 229 5075 menti
265 4996 340 5074 mei
371 5010 609 5103 exequtores
638 4989 851 5086 constitu0,
881 4989 1132 5069 uerrerabiles
1159 4989 1406 5070 &discretos
1426 4989 1553 5086 viros,
1583 4990 1797 5070 Dominum
1814 4989 1899 5095 epi·
