4317 5975
797 478 878 545 ·-·'
969 468 1061 564 283'
1152 520 1209 543 -·

109 706 164 786 tie
192 702 361 784 salutem
391 699 640 812 indumine.
696 698 755 778 Ut
781 727 827 780 ea
857 728 937 811 que
963 700 1068 785 fiunt
1097 703 1349 810 intempore
1377 732 1459 785 non
1487 718 1726 784 evanescant
1742 732 1815 785 uec
1831 732 1902 813 pe·

92 836 221 896 'reant
250 836 430 922 tempore
455 810 653 893 defluente
689 812 820 892 solent
847 814 1141 918 seripturarum
1170 816 1401 894 &testium
1431 812 1620 895 memorie
1648 815 1903 898 commenda-

105 930 150 1009 ri.
195 928 333 1029 Quare
370 941 508 1005 uotum
539 951 622 1003 esse
651 924 836 1002 volumus
866 925 1062 1002 universis
1092 924 1414 1031 presentibus&
1445 926 1681 1008 lutarisuos
1704 955 1903 1009 eamoon·

102 1040 263 1119 sulibus
292 1042 332 1116 &
361 1034 631 1145 burgensibus
658 1036 831 1115 civitatis
861 1034 1106 1115 Lubeceusis
1133 1036 1331 1115 universis
1370 1036 1567 1118 libertatis
1602 1041 1776 1147 graciam
1806 1067 1904 1120 oon·

104 1151 267 1244 tulisse,
297 1146 408 1257 quod
438 1148 766 1255 quociesounque
797 1146 1001 1255 perpetuis
1029 1146 1282 1256 temporibus
1310 1173 1379 1226 eos
1407 1151 1513 1229 cirea
1546 1151 1644 1231 lines
1673 1169 1830 1232 nostros
1861 1154 1902 1231 iu

103 1258 409 1368 temporalibus
434 1258 549 1362 nobis
571 1256 774 1364 subjectos
805 1257 1057 1365 naufragium
1090 1258 1175 1365 pati
1205 1259 1476 1366 contingeret,
1505 1263 1638 1339 omnia
1668 1262 1774 1340 bona
1804 1290 1904 1341 uau·

103 1373 242 1479 fraga,
272 1400 353 1481 que
378 1396 449 1478 per
477 1398 519 1449 se
549 1369 611 1449 vel
641 1369 742 1449 alios
772 1379 932 1448 servare
962 1372 1140 1475 poterint
1169 1369 1293 1479 pleno
1322 1370 1409 1449 iure
1437 1371 1514 1451 sibi
1535 1370 1753 1463 vindicent.
1811 1377 1905 1452 Pre-

103 1488 188 1565 cise
212 1508 394 1591 ,namque
423 1482 611 1561 volumus
637 1480 748 1588 quod
782 1481 915 1560 omnia
948 1482 1052 1559 bona
1082 1480 1175 1560 talia
1206 1496 1300 1587 post
1329 1481 1581 1590 naufragium
1606 1483 1683 1561 illis
1699 1487 1905 1579 attineant,

106 1596 259 1705 quibus
289 1609 382 1673 aute
412 1592 665 1700 naufragium
697 1592 963 1699 pertinebant.
1022 1591 1113 1693 Que
1141 1590 1304 1701 quidem
1335 1592 1440 1672 bona
1468 1596 1530 1672 vel
1555 1598 1696 1674 eorum
1712 1596 1904 1701 precium,

108 1712 140 1786 si
187 1707 366 1813 peritura
399 1702 575 1798 luerint,
618 1704 651 1781 si
695 1719 900 1811 presentes
928 1729 1010 1782 non
1055 1706 1283 1798 extiterint,
1322 1704 1473 1813 quibus
1502 1732 1548 1784 ea
1578 1708 1803 1813 pertinent,
1833 1733 1907 1813 per

111 1846 257 1899 anuum
290 1822 328 1896 8<
356 1813 479 1910 diem,
524 1816 595 1894 eis.
619 1814 866 1920 integraliter
895 1812 1169 1893 servabuntur
1202 1818 1242 1894 &
1269 1815 1455 1920 amplius,
1484 1817 1517 1895 si
1546 1818 1682 1896 venire
1714 1819 1906 1925 nequire·
1976 1898 1980 1903 ,

67 1964 69 1971 ’
113 1933 193 2009 rint
224 1928 396 2035 legitima
428 1926 662 2005 necessitate
691 1925 753 2003 vel
784 1926 1011 2031 ignorantia
1045 1923 1258 2033 prepediti.
1317 1927 1370 2003 Et
1397 1929 1429 2006 si
1460 1926 1660 2007 bonorum
1684 1926 1905 2007 eorundem

53 2048 62 2061 “
116 2042 236 2151 aliqui
278 2025 361 2117 reri
412 2062 659 2144 possessores
701 2036 877 2115 obierint
925 2038 966 2133 in
1009 2034 1242 2145 naufragio,
1278 2063 1349 2115 seu
1378 2039 1459 2118 alio
1487 2038 1611 2120 modo
1638 2067 1907 2149 quoeunque,

116 2152 385 2263 quodeunque
424 2145 476 2226 de
520 2148 637 2228 bonis
681 2145 911 2227 huiusmodi
964 2146 1159 2226 salvatum
1202 2146 1345 2243 fuerit,
1387 2147 1507 2231 debet
1546 2155 1652 2231 veris
1689 2149 1906 2230 heredibus

120 2262 326 2355 reservari,
367 2258 587 2339 seeundum
633 2258 872 2365 exigentiam
917 2261 1111 2366 temporis
1141 2261 1355 2367 prenotati.
1413 2259 1454 2339 Si
1485 2264 1743 2369 preterea-in
1767 2261 1906 2370 aliquo

121 2377 246 2462 lorsan
275 2368 487 2475 naufragio
516 2371 711 2453 submersi
740 2369 892 2449 fuerint
922 2396 1060 2449 omnes
1090 2371 1130 2447 in
1158 2395 1260 2449 neve
1303 2373 1532 2461 constituti,
1563 2374 1616 2453 ita
1647 2372 1759 2483 quod
1791 2398 1908 2452 nemo

122 2487 395 2596 superuixemt,
425 2480 816 2562 herectihnsscveris
846 2480 1021 2561 dominis
1050 2478 1273 2560 eorundem
1305 2483 1502 2563 bonorum
1533 2484 1600 2563 illa
1624 2485 1819 2564 reservari
1838 2483 1908 2564 de·

123 2600 222 2694 beut,
253 2594 324 2705 qui
369 2594 481 2673 iustis
510 2592 760 2673 documentis
789 2622 831 2672 ea
879 2592 1158 2701 probaverunt
1187 2619 1271 2670 esse
1299 2615 1370 2674 sua
1400 2596 1441 2673 in
1471 2595 1660 2675 omnibus
1690 2596 1910 2702 premissis,
1947 2588 1960 2634 ·’

122 2711 223 2790 salvo
251 2709 308 2785 eis
338 2704 447 2783 iusto
475 2704 624 2785 laboris
653 2705 827 2810 premio,
856 2707 927 2812 qui
958 2702 1013 2781 ad
1044 2703 1142 2782 talia
1186 2705 1292 2785 bona
1323 2706 1512 2786 salvanda
1543 2734 1704 2785 manum
1737 2705 1909 2812 prebue-

30 2844 36 2853 “
123 2825 196 2903 rint
222 2816 471 2924 adjutricem.
532 2816 585 2894 Ut
615 2830 748 2893 autem
778 2814 851 2893 hec
881 2840 902 2893 a
933 2811 1051 2893 uobis
1081 2821 1120 2895 &
1148 2842 1181 2893 a.
1202 2818 1351 2894 nostris
1380 2818 1677 2897 suecessoribus
1707 2818 1909 2897 immutari
1989 2891 1996 2900 .

122 2962 194 3014 non
221 2932 383 3011 valeant
414 2954 486 3008 nee
511 2925 682 3034 'infringi
714 2952 876 3033 presens
904 2926 1101 3033 seriptum
1144 2926 1279 3034 sigillo
1309 2943 1447 3008 nostro
1492 2924 1680 3008 duximus
1724 2928 1908 3026 munien-

121 3043 217 3125 dam.
275 3045 422 3120 Datum
462 3037 629 3120 Lubelre
656 3063 764 3117 anno
794 3038 864 3118 dni
894 3037 953 3116 M·
988 3037 1072 3116 CC‘
1106 3039 1367 3146 nonagesimo
1410 3067 1519 3119 nono
1562 3041 1602 3120 in
1647 3041 1908 3119 conversione
2011 3088 2014 3095 -

121 3157 156 3236 S.
190 3155 313 3236 Pauli.

132 3617 314 3760 1267.¹
509 3632 512 3638 ’
655 3608 661 3616 ’
750 3617 899 3754 [299
946 3611 982 3718 d
1031 3614 1254 3718 26'Jan.
1533 3702 1539 3717 ,
1760 3609 1907 3715 Fauo

192 3839 301 3904 Fouss
321 3835 462 3900 Josssom
483 3833 789 3916 Morgongdl'vobref
806 3833 847 3919 pt
871 3833 1025 3896 Hardstsd
1047 3834 1109 3896 och
1131 3834 1384 3919 Qristlingetorp
1406 3833 1456 3893 fb'r
1476 3833 1521 3892 siu
1545 3828 1660 3892 hustru
1683 3829 1862 3913 Rangborg.
1895 3853 1899 3860 ·

1569 3977 1594 4029 J.
1611 3979 1636 4030 6.
1657 3978 1712 4031 186.
1730 3997 1756 4032 r.

219 4121 419 4203 Omnibus
448 4138 660 4228 praesentes
690 4119 824 4200 literas
861 4121 1122 4227 inspecturis,
1156 4120 1189 4200 F
1193 4113 1295 4200 usco
1323 4118 1524 4200 Ioosssorr
1552 4113 1721 4194 salutem
1753 4115 1792 4193 in
1826 4117 1908 4194 Do·

126 4236 221 4313 mino
262 4233 556 4340 sempiternam.
625 4232 824 4311 Noverint
858 4233 1053 4327 vniversi,
1085 4229 1204 4341 'quod
1233 4257 1311 4337 ego
1345 4227 1471 4307 Fuleo
1499 4228 1714 4321 loonsson,
1753 4227 1907 4307 Dileete

128 4347 226 4425 vxori
256 4371 350 4424 meae
372 4341 692 4450 Rangburgi'ob
723 4341 989 4422 Donationem
1021 4361 1189 4451 propter
1219 4341 1382 4450 nuptias
1410 4342 1453 4418 in
1491 4354 1717 4416 nostrarum
1754 4337 1905 4426 Crasti·

128 4484 171 4536 uo
209 4457 440 4564 nuptiarum
482 4455 633 4534 ruriam
679 4481 804 4532 meam
843 4451 1118 4561 Hardhstsdhj
1156 4453 1197 4531 in
1237 4450 1463 4560 lincopensi
1501 4449 1658 4528 Diocesi
1693 4449 1829 4545 sitam,
1864 4468 1905 4528 et

52 4659 55 4666 Ι
126 4594 231 4648 vnum
259 4585 474 4674 attuugnm
503 4580 621 4646 terrae
649 4565 691 4644 in
722 4563 1049 4673 quistlingatorp,
1089 4592 1179 4643 eum
1216 4564 1405 4643 omnibus
1440 4563 1570 4653 bouis,
1608 4558 1839 4657 mobilibus,
1867 4579 1908 4642 et

127 4676 402 4775 inmobilibus,
439 4677 607 4786 pascuis,
636 4675 972 4784 possessionibus,
1008 4693 1049 4756 et
1081 4673 1236 4755 iuribus
1264 4674 1381 4756 dietis
1410 4675 1532 4766 curie,
1560 4687 1599 4749 et
1623 4685 1904 4782 attungoqua-

127 4790 362 4900 litercunque
392 4783 668 4884 attinentibus,
696 4789 802 4866 siout
832 4809 940 4866 nune
967 4786 1166 4895 possideo,
1188 4789 1273 4882 Do,
1301 4784 1479 4880 confero,
1507 4801 1548 4862 et
1574 4783 1907 4892 assign0,pleno
2008 4778 2019 4794 ’

127 4901 201 4982 iure
230 4904 340 4983 iuxta
380 4899 486 5008 leges
525 4901 680 4995 Patriae,
715 4915 756 4978 et
794 4897 1128 4980 consuetudinem
1165 4896 1449 5008 approbatam,
1483 4895 1559 4975 hae
1596 4911 1729 4975 tumen
1766 4892 1905 4974 condi-

128 5011 223 5093 tione
251 5011 405 5094 adiecta
436 5039 524 5128 seu¹
542 5009 707 5110 forma,
731 5005 920 5092 videlieet
954 5008 1130 5119 quod—si
1165 5009 1325 5092 favente
1354 5009 1527 5088 Domino
1561 5008 1717 5116 prolem
1753 5003 1906 5084 habue-
2014 5015 2021 5022 “
