4317 5975
890 400 1063 442 .=-
1141 272 1253 439 ”316
1365 398 1421 419 -

317 582 600 695 premissorum
629 578 850 672 contraria,
885 579 1046 685 penitus
1074 603 1310 659 reuueamus
1339 594 1574 675 vacuamus,
1602 588 1805 659 cassamus·
1825 593 1865 657 et
1889 580 2050 686 irritamus,

313 696 648 806 qninymocassa
678 714 804 791 vacua
833 704 874 768 et
903 690 1017 768 irrita
1047 690 1285 770 nunciamus
1326 703 1367 769 et
1398 688 1548 769 nullius
1579 716 1745 797 prorsus
1786 688 1941 771 existere
1963 694 2050 781 lirmi·

288 808 420 900 tatis,
449 807 635 884 Ceterum
664 801 875 879 uniuersos
902 801 1158 881 ecclesiarum
1188 800 1367 907 prelatos
1395 802 1671 909 cuiuscunque
1695 802 1975 910 preeminencie,
1998 830 2052 893 sta·

289 915 382 997 'tus
409 915 477 1025 4³),
506 914 713 1022 dignitatis
742 913 938 1007 existant,
967 940 1015 991 ac
1042 910 1271 999 sacerdotes
1302 910 1550 1019 parochiales
1578 928 1620 991 et
1648 913 1902 993 curatossiue
1924 933 2054 1002 rectores

314 1025 540 1141 predictos,
579 1023 830 1132 presencium
859 1040 997 1102 tenore
1034 1048 1220 1133 rogamus
1249 1038 1289 1101 et
1319 1025 1528 1103 hortamur
1556 1038 1710 1113 attente
1741 1022 1997 1107 nichilominus
2017 1036 2054 1113 c's

248 1154 252 1163 “
313 1136 496 1220 districte
525 1130 788 1244 precipiendo
816 1133 1071 1229 mandantes,
1101 1149 1300 1243 quatenus
1329 1161 1405 1242 pro
1433 1132 1571 1215 diuina
1600 1151 1642 1215 et
1669 1134 1994 1242 apostoliccsedis
2014 1170 2055 1221 re

245 1252 250 1263 “
314 1249 501 1331 uerencia
530 1243 737 1355 predictos
763 1241 925 1325 ordines
953 1261 994 1325 ct
1023 1246 1269 1354 professores
1298 1272 1450 1341 eorum,
1494 1246 1683 1326 hahentes
1718 1242 1865 1327 allecta
1907 1247 2056 1333 beneuolo

197 1351 202 1364 ’
313 1357 617 1443 commendatos
645 1354 839 1435 fratribus
869 1356 965 1462 ipsis
994 1383 1077 1435 non
1112 1384 1154 1437 se
1183 1354 1363 1436 dilliciles
1391 1384 1553 1467 graues,
1582 1355 1718 1453 duros,
1747 1373 1818 1435 ant
1846 1384 1991 1465 asperus
2011 1362 2058 1441 scd

276 1474 281 1480 ⁴
317 1473 458 1582 pocius
488 1466 749 1563 fauorabiles,
780 1468 1000 1575 propicius,
1033 1484 1073 1546 et
1101 1468 1298 1577 benignos
1327 1469 1472 1577 piaque
1503 1468 1775 1549 munificencia
1813 1468 1981 1548 liberales
2000 1486 2058 1550 stu·

313 1584 437 1665 deant
465 1579 677 1674 exhibere,
705 1580 762 1659 sic
790 1604 859 1657 eos
894 1578 934 1655 in
965 1576 1256 1685 predicacionis
1292 1580 1425 1659 ollicio
1453 1594 1494 1657 et
1524 1578 1872 1687 proposicionibus
1899 1580 1997 1659 serbi
2017 1578 2060 1660 dei

272 1712 277 1719 '
314 1722 361 1775 ac
390 1694 480 1772 aliis
508 1690 695 1769 omnibus
723 1686 963 1795 supradictis
991 1690 1195 1799 tamquam
1225 1706 1510 1797 cooperatores
1530 1717 1671 1778 eorum
1699 1690 1894 1789 idoneos,
1921 1707 1958 1771 et
1981 1688 2062 1771 labo·

314 1834 404 1885 rum
435 1819 598 1883 suorum
630 1803 845 1908 participes
876 1816 1063 1906 prompta
1094 1798 1440 1912 benignitates),
1471 1830 1517 1880 ac
1546 1800 1766 1882 allectuose
1783 1798 1982 1880 admittere
2006 1828 2061 1881 non

314 1918 523 2007 omittant,
545 1928 592 1991 rt
620 1909 791 2019 proinde
820 1908 897 1989 illis
926 1927 1063 1989 eterne
1091 1910 1351 1991 beatitudinis
1381 1914 1576 2020 premium
1593 1928 1788 2019 augeatur
1818 1929 1858 1993 et
1885 1913 2062 1991 animarum

314 2028 457 2107 salutis
483 2025 730 2104 incrementa
759 2018 892 2101 leticia
920 2033 1203 2128 procurentur,
1233 2049 1306 2102 nec
1337 2024 1445 2130 ipsos
1467 2024 1589 2103 lateat
1618 2023 1792 2137 quodsi
1822 2050 1931 2103 secus
1957 2020 2000 2101 ab
2021 2026 2063 2130 ip

169 2126 178 2133 ²
264 2150 267 2154 ’
313 2140 367 2220 sis
379 2134 428 2248 4⁵)
458 2134 793 2243 agi'contingeret
819 2133 865 2211 in
893 2130 970 2213 hac
997 2148 1116 2241 parte
1144 2133 1362 2242 apostolica
1379 2132 1482 2215 sedis
1499 2134 1740 2241 benignitas,
1768 2160 1851 2245 que
1878 2132 2022 2213 ordines
2039 2151 2064 2212 ct

314 2249 561 2358 professores
590 2246 752 2353 eosdem
780 2241 895 2323 vberi
931 2242 1071 2352 fauore
1108 2246 1369 2353 prosequitur
1397 2260 1439 2324 et
1467 2244 1640 2351 geritis
1670 2246 1902 2355 visceribus!
1931 2245 2065 2324 caritatis

260 2376 263 2383 '
313 2376 457 2441 contra
485 2385 553 2438 eos
581 2380 663 2435 non
691 2354 876 2435 inmerito
906 2354 1156 2450 turbaretur,
1185 2382 1260 2434 ncc
1279 2354 1415 2435 eadem
1446 2358 1713 2465 equanimiter
1735 2372 1871 2465 posset
1884 2358 1973 2465 pati,
1996 2356 2065 2465 quin

185 2524 194 2533 -
314 2498 437 2580 super
465 2469 544 2550 boc
572 2467 814 2575 prouisionis
844 2466 996 2573 optime
1022 2464 1242 2547 remedium
1267 2464 1495 2564 adhiberet,
1526 2469 1715 2577 ipsosque
1731 2466 2003 2549 nichilominus
2019 2492 2066 2543 »oe

315 2584 426 2663 lestis
452 2578 683 2686 indignacio
711 2577 925 2685 principis,
953 2574 1075 2682 digna
1090 2603 1166 2685 pro
1197 2578 1347 2655 meritis
1376 2578 1652 2685 rependentis,
1679 2580 1794 2659 euius
1819 2579 1999 2688 obsequia
2012 2574 2066 2653 lm·

313 2712 423 2774 trum
452 2692 631 2800 ipsorum
659 2686 852 2767 sedulitas
878 2690 1034 2767 curiosa
1071 2689 1350 2797 prosequitur,
1393 2688 1556 2767 minime
1593 2694 1829 2798 preteriret,
1874 2689 1978 2770 Nulli
2001 2712 2068 2788 ergo

286 2805 482 2885 (omnino
509 2801 718 2881 hominum
747 2798 865 2877 liceat
893 2797 998 2877 hanc
1026 2799 1212 2906 paginam
1231 2800 1357 2878 nostri
1372 2802 1533 2893 statuti,
1563 2798 1858 2897 ordinacionis,
1888 2797 2067 2881 concessis

247 2989 252 2996 .
314 2918 388 3014 nis,
407 2913 643 3008 taxacionis,
665 2910 928 3003 limitaeionis,
942 2910 1217 2990 reuocacionis
1230 2906 1284 3015 46)
1311 2910 1549 2992 cassacionis
1563 2927 1605 2991 et
1619 2912 1864 2994 irritat-ionis
1880 2910 2068 3016 infringens

315 3029 378 3108 vel
407 3028 444 3108 ei
472 3051 574 3106 ausu
602 3022 816 3102 temerario
844 3021 1064 3116 contraire,
1093 3019 1227 3132 Siquis
1255 3038 1391 3104 autem
1426 3019 1504 3101 hoc
1531 3039 1783 3134 attemptare·
1799 3019 2069 3132 presumpserit,

316 3135 592 3248 indignacioni
607 3131 895 3238 omnipotentis
923 3130 989 3211 dei
1016 3148 1058 3210 et
1086 3131 1296 3214 beatorum
1327 3133 1432 3240 petri
1460 3149 1501 3212 et
1531 3135 1640 3240 pauli
1656 3135 1932 3244 apostolorum
1955 3135 2025 3213 eius
2044 3153 2070 3204 sc

317 3248 481 3330 nouerit
507 3249 784 3337 incursurum,
825 3244 975 3321 Datum
1010 3242 1197 3324 Lateran.
1228 3243 1352 3325 .Xll⁰.
1381 3241 1457 3324 lml.
1499 3244 1637 3327 Marcii
1681 3247 1939 3357 pontificatus
1964 3236 2070 3324 'nostri

314 3387 424 3441 anno
451 3372 594 3438 sexto·
1783 3388 1786 3394 ·

291 3751 640 3878 asoa„
937 3741 1082 3850 1300
1125 3741 1174 3848 s.
1226 3747 1296 3849 15
1341 3673 1488 3850 sess.
1646 3825 1717 3853 ,.
1787 3697 2072 3883 'essessa

398 3972 538 4048 Lagmuu
561 3967 569 4027 i
592 3963 704 4065 Nerile
726 3962 820 4026 Suras
833 3964 938 4063 il'tyss’
957 3973 1006 4024 att
1027 3961 1100 4039 han,
1122 3965 1217 4044 enligt
1239 3950 1667 4062 vederbiirandessamlycie,
1689 3962 1768 4026 hade
1782 3949 1839 4030 'till
1862 3947 2073 4057 Risebergsllv·

384 4069 386 4077 ’
449 4045 1663 4216 ῗῖἷιιῗἯἘῖἶῗιΞῖἷὲῗ“ἠιῖἶῖἷῗ”ἶεῗῖῑῖἓῖἰ’,ῗῖ’ἶέἕᾈ3ζῗ”ἶέἓ”ῗοῖἰὶἷῗ
1676 4049 1911 4196 iiiidi.⁰'”¹
1936 4059 2074 4130 '‘mil'’

1858 4247 1934 4314 At&
1951 4263 1975 4296 n.

247 4454 250 4462 .
427 4379 631 4462 Omnibus
660 4393 866 4487 presentes
881 4377 1033 4457 litteras
1051 4379 1302 4486 inspecturis,
1332 4375 1444 4458 Sumo
1459 4377 1620 4487 Legilcr
1643 4381 1916 4461 naerichiensis
1943 4376 2073 4458 salutem

266 4501 278 4516 '
315 4493 356 4572 in
374 4489 538 4572 domino
566 4490 863 4598 sempiternam,
891 4487 1052 4571 Tenere
1066 4491 1317 4599 presencium
1333 4503 1517 4570 constare
1535 4491 1719 4572 volumus
1746 4493 1956 4586 vniuersis‚
1974 4475 2073 4588 -Quol

317 4629 389 4681 nos
410 4631 457 4683 ex
484 4627 680 4681 consensu
706 4604 750 4680 '&
778 4598 987 4679 voluntate
1001 4600 1381 4682 venerabilisPatris
1397 4601 1560 4682 Domini
1576 4601 1693 4712 Ysari
1710 4604 1903 4713 Episcopi
1933 4617 2076 4700 strengc

1844 4741 1977 4795 nensis

355 4890 407 4968 43)
429 4888 477 4952 rel
497 4889 623 4951 ritlran.
644 4887 696 4969 44)
716 4887 851 4970 recipere
873 4887 997 4949 eiuras.
1017 4885 1070 4966 45)
1092 4888 1132 4950 ab
1154 4887 1195 4948 eis
1215 4885 1266 4968 46)
1289 4890 1482 4950 racuacionis
1503 4889 1628 4954 miltun·
1670 4963 1674 4972 ¹
