<?xml version="1.0" encoding="UTF-8"?>
<!DOCTYPE html PUBLIC "-//W3C//DTD XHTML 1.0 Transitional//EN"
    "http://www.w3.org/TR/xhtml1/DTD/xhtml1-transitional.dtd">
<html xmlns="http://www.w3.org/1999/xhtml" xml:lang="en" lang="en">
 <head>
  <title>
</title>
<meta http-equiv="Content-Type" content="text/html;charset=utf-8" />
  <meta name='ocr-system' content='tesseract 3.04.00' />
  <meta name='ocr-capabilities' content='ocr_page ocr_carea ocr_par ocr_line ocrx_word'/>
</head>
<body>
  <div class='ocr_page' id='page_1' title='image "./svensktdiplomat01swegoog/svensktdiplomat01swegoog_0057.png"; bbox 0 0 4317 5975; ppageno 0'>
   <div class='ocr_carea' id='block_1_1' title="bbox 763 350 1363 565">
    <p class='ocr_par' dir='ltr' id='par_1_1' title="bbox 763 350 1363 565">
     <span class='ocr_line' id='line_1_1' title="bbox 763 350 1363 565; baseline 0.01 -56"><span class='ocrx_word' id='word_1_1' title='bbox 763 350 1363 565; x_wconf 56' lang='lat' dir='ltr'><strong>&#39;[·-t4&#39;&#39;·=-</strong></span> 
     </span>
    </p>
   </div>
   <div class='ocr_carea' id='block_1_2' title="bbox 266 584 2069 859">
    <p class='ocr_par' dir='ltr' id='par_1_2' title="bbox 266 584 2069 859">
     <span class='ocr_line' id='line_1_2' title="bbox 266 584 2068 742; baseline -0.018 -12"><span class='ocrx_word' id='word_1_2' title='bbox 266 588 670 741; x_wconf 48' lang='lat' dir='ltr'><strong>menusanum„</strong></span> <span class='ocrx_word' id='word_1_3' title='bbox 688 624 898 739; x_wconf 72' lang='lat' dir='ltr'><strong>uolueritis</strong></span> <span class='ocrx_word' id='word_1_4' title='bbox 926 621 1197 727; x_wconf 63' lang='lat' dir='ltr'><strong>inoffensam,</strong></span> <span class='ocrx_word' id='word_1_5' title='bbox 1236 628 1419 713; x_wconf 76' lang='lat' dir='ltr'><strong>volentes</strong></span> <span class='ocrx_word' id='word_1_6' title='bbox 1457 584 1748 742; x_wconf 61' lang='lat' dir='ltr'><strong>tuque2qa0a</strong></span> <span class='ocrx_word' id='word_1_7' title='bbox 1784 626 1914 713; x_wconf 75' lang='lat' dir='ltr'><strong>robur</strong></span> <span class='ocrx_word' id='word_1_8' title='bbox 1953 626 2068 737; x_wconf 63' lang='lat' dir='ltr'><strong>sess.</strong></span> 
     </span>
     <span class='ocr_line' id='line_1_3' title="bbox 266 734 2069 859; baseline -0.007 -26"><span class='ocrx_word' id='word_1_9' title='bbox 266 770 356 839; x_wconf 83' lang='lat' dir='ltr'><strong>tum</strong></span> <span class='ocrx_word' id='word_1_10' title='bbox 384 738 578 859; x_wconf 77' lang='lat' dir='ltr'><strong>optineat.</strong></span> <span class='ocrx_word' id='word_1_11' title='bbox 594 738 704 850; x_wconf 86' lang='lat' dir='ltr'><strong>quod</strong></span> <span class='ocrx_word' id='word_1_12' title='bbox 733 734 961 844; x_wconf 72' lang='lat' dir='ltr'><strong>fecimus3in</strong></span> <span class='ocrx_word' id='word_1_13' title='bbox 975 738 1193 849; x_wconf 64' lang='lat' dir='ltr'><strong>hao‘par&#39;te.</strong></span> <span class='ocrx_word' id='word_1_14' title='bbox 1210 742 1465 851; x_wconf 80' lang='lat' dir='ltr'>presentibus</span> <span class='ocrx_word' id='word_1_15' title='bbox 1481 740 1624 838; x_wconf 87' lang='lat' dir='ltr'><strong>litteris</strong></span> <span class='ocrx_word' id='word_1_16' title='bbox 1637 772 1759 850; x_wconf 90' lang='lat' dir='ltr'><strong>super</strong></span> <span class='ocrx_word' id='word_1_17' title='bbox 1773 742 1853 827; x_wconf 91' lang='lat' dir='ltr'><strong>hoc</strong></span> <span class='ocrx_word' id='word_1_18' title='bbox 1865 740 2069 839; x_wconf 83' lang='lat' dir='ltr'><strong>confectis,</strong></span> 
     </span>
    </p>
   </div>
   <div class='ocr_carea' id='block_1_3' title="bbox 85 848 2069 974">
    <p class='ocr_par' dir='ltr' id='par_1_3' title="bbox 85 848 2069 974">
     <span class='ocr_line' id='line_1_4' title="bbox 85 848 2069 974; baseline -0.001 -39"><span class='ocrx_word' id='word_1_19' title='bbox 85 926 88 935; x_wconf 91' lang='lat'>.</span> <span class='ocrx_word' id='word_1_20' title='bbox 178 880 186 891; x_wconf 84' lang='grc'><em>·</em></span> <span class='ocrx_word' id='word_1_21' title='bbox 267 860 446 974; x_wconf 70' lang='lat' dir='ltr'><strong>sigillum</strong></span> <span class='ocrx_word' id='word_1_22' title='bbox 481 862 662 945; x_wconf 82' lang='lat' dir='ltr'><strong>nostrum</strong></span> <span class='ocrx_word' id='word_1_23' title='bbox 689 850 842 960; x_wconf 89' lang='lat' dir='ltr'><strong>apponi</strong></span> <span class='ocrx_word' id='word_1_24' title='bbox 869 848 1036 932; x_wconf 84' lang='lat' dir='ltr'><strong>fecimus</strong></span> <span class='ocrx_word' id='word_1_25' title='bbox 1064 858 1105 932; x_wconf 73' lang='grc'><strong>8(</strong></span> <span class='ocrx_word' id='word_1_26' title='bbox 1132 857 1304 942; x_wconf 74' lang='lat' dir='ltr'><strong>annecti.</strong></span> <span class='ocrx_word' id='word_1_27' title='bbox 1354 856 1512 944; x_wconf 70' lang='lat' dir='ltr'><strong>,Datum</strong></span> <span class='ocrx_word' id='word_1_28' title='bbox 1540 852 1728 966; x_wconf 87' lang='lat' dir='ltr'><strong>lincopie.</strong></span> <span class='ocrx_word' id='word_1_29' title='bbox 1756 882 1864 964; x_wconf 86' lang='lat' dir='ltr'><strong>anno</strong></span> <span class='ocrx_word' id='word_1_30' title='bbox 1904 850 2069 935; x_wconf 89' lang='lat' dir='ltr'><strong>domini.</strong></span> 
     </span>
    </p>
   </div>
   <div class='ocr_carea' id='block_1_4' title="bbox 268 960 1488 1087">
    <p class='ocr_par' dir='ltr' id='par_1_4' title="bbox 268 960 1488 1087">
     <span class='ocr_line' id='line_1_5' title="bbox 268 960 1488 1087; baseline 0.022 -59"><span class='ocrx_word' id='word_1_31' title='bbox 268 963 599 1087; x_wconf 53' lang='lat' dir='ltr'><strong>mmmm</strong></span> <span class='ocrx_word' id='word_1_32' title='bbox 626 963 758 1044; x_wconf 86' lang='lat' dir='ltr'><strong>vl11·.</strong></span> <span class='ocrx_word' id='word_1_33' title='bbox 788 960 921 1045; x_wconf 82' lang='lat' dir='ltr'><strong>Pridie</strong></span> <span class='ocrx_word' id='word_1_34' title='bbox 949 963 1053 1071; x_wconf 88' lang='lat' dir='ltr'>ydus</span> <span class='ocrx_word' id='word_1_35' title='bbox 1081 963 1308 1076; x_wconf 88' lang='lat' dir='ltr'><strong>Februarij.</strong></span> <span class='ocrx_word' id='word_1_36' title='bbox 1411 1050 1415 1057; x_wconf 80' lang='grc'><em>,</em></span> <span class='ocrx_word' id='word_1_37' title='bbox 1485 986 1488 994; x_wconf 85' lang='grc'><em>’</em></span> 
     </span>
    </p>
   </div>
   <div class='ocr_carea' id='block_1_5' title="bbox 232 1088 1821 1195">
    <p class='ocr_par' dir='ltr' id='par_1_5' title="bbox 232 1088 1821 1195">
     <span class='ocr_line' id='line_1_6' title="bbox 232 1088 1821 1195; baseline 0.001 -24"><span class='ocrx_word' id='word_1_38' title='bbox 232 1088 236 1103; x_wconf 62' lang='grc'><strong>’</strong></span> <span class='ocrx_word' id='word_1_39' title='bbox 479 1102 908 1191; x_wconf 47' lang='lat' dir='ltr'><strong>absumendosque</strong></span> <span class='ocrx_word' id='word_1_40' title='bbox 924 1106 1029 1170; x_wconf 82' lang='lat' dir='ltr'><strong>under</strong></span> <span class='ocrx_word' id='word_1_41' title='bbox 1049 1096 1333 1195; x_wconf 66' lang='lat' dir='ltr'><strong>brdretlutllippt</strong></span> <span class='ocrx_word' id='word_1_42' title='bbox 1353 1126 1470 1187; x_wconf 75' lang='lat' dir='ltr'><strong>rm,</strong></span> <span class='ocrx_word' id='word_1_43' title='bbox 1500 1116 1535 1171; x_wconf 77' lang='lat' dir='ltr'><strong>tr</strong></span> <span class='ocrx_word' id='word_1_44' title='bbox 1561 1109 1660 1192; x_wconf 33' lang='lat' dir='ltr'><strong>bigot·</strong></span> <span class='ocrx_word' id='word_1_45' title='bbox 1681 1106 1821 1173; x_wconf 70' lang='lat' dir='ltr'><strong>dedadt.</strong></span> 
     </span>
    </p>
   </div>
   <div class='ocr_carea' id='block_1_6' title="bbox 63 1379 2073 1581">
    <p class='ocr_par' dir='ltr' id='par_1_6' title="bbox 63 1379 2073 1581">
     <span class='ocr_line' id='line_1_7' title="bbox 63 1379 2073 1581; baseline -0.001 -48"><span class='ocrx_word' id='word_1_46' title='bbox 63 1484 67 1491; x_wconf 94' lang='lat'>·</span> <span class='ocrx_word' id='word_1_47' title='bbox 167 1508 174 1521; x_wconf 78' lang='lat'><strong>,</strong></span> <span class='ocrx_word' id='word_1_48' title='bbox 271 1426 428 1581; x_wconf 66' lang='lat'><strong>958.⁴</strong></span> <span class='ocrx_word' id='word_1_49' title='bbox 736 1379 739 1387; x_wconf 91' lang='lat'><em>.</em></span> <span class='ocrx_word' id='word_1_50' title='bbox 906 1421 1074 1529; x_wconf 81' lang='lat'>1288.</span> <span class='ocrx_word' id='word_1_51' title='bbox 1117 1422 1166 1530; x_wconf 90' lang='lat' dir='ltr'><strong>d.</strong></span> <span class='ocrx_word' id='word_1_52' title='bbox 1215 1464 1244 1571; x_wconf 88' lang='lat'>7</span> <span class='ocrx_word' id='word_1_53' title='bbox 1292 1428 1441 1534; x_wconf 90' lang='lat' dir='ltr'><strong>Mars.</strong></span> <span class='ocrx_word' id='word_1_54' title='bbox 1781 1422 2073 1573; x_wconf 83' lang='lat' dir='ltr'><strong>Karlsberg.</strong></span> 
     </span>
    </p>
   </div>
   <div class='ocr_carea' id='block_1_7' title="bbox 266 1606 2076 2089">
    <p class='ocr_par' dir='ltr' id='par_1_7' title="bbox 266 1606 1939 1799">
     <span class='ocr_line' id='line_1_8' title="bbox 283 1606 1841 1770; baseline -0.015 -71"><span class='ocrx_word' id='word_1_55' title='bbox 283 1610 487 1770; x_wconf 41' lang='lat' dir='ltr'><strong>„pllp&#39;filsslfi</strong></span> <span class='ocrx_word' id='word_1_56' title='bbox 497 1606 756 1725; x_wconf 50' lang='lat' dir='ltr'><strong>ffl&#39;fflllbpffl</strong></span> <span class='ocrx_word' id='word_1_57' title='bbox 778 1608 793 1693; x_wconf 67' lang='lat' dir='ltr'><strong>l.</strong></span> <span class='ocrx_word' id='word_1_58' title='bbox 809 1606 1094 1709; x_wconf 50' lang='lat' dir='ltr'><strong>Upsulngapnup,</strong></span> <span class='ocrx_word' id='word_1_59' title='bbox 1106 1614 1241 1729; x_wconf 69' lang='lat' dir='ltr'><strong>¹l⁰⁵⁸⁰¹¹⁸2</strong></span> <span class='ocrx_word' id='word_1_60' title='bbox 1254 1615 1453 1721; x_wconf 53' lang='lat' dir='ltr'><strong>T‘Qfflss</strong></span> <span class='ocrx_word' id='word_1_61' title='bbox 1473 1613 1511 1679; x_wconf 78' lang='lat' dir='ltr'><strong>af</strong></span> <span class='ocrx_word' id='word_1_62' title='bbox 1526 1616 1571 1677; x_wconf 85' lang='lat' dir='ltr'><strong>sin</strong></span> <span class='ocrx_word' id='word_1_63' title='bbox 1591 1613 1841 1699; x_wconf 68' lang='lat' dir='ltr'><strong>qvarldteuslap.</strong></span> 
     </span>
     <span class='ocr_line' id='line_1_9' title="bbox 266 1698 1939 1799; baseline -0.012 6"><span class='ocrx_word' id='word_1_64' title='bbox 266 1698 544 1773; x_wconf 21' lang='lat' dir='ltr'><strong>&#39;&#39;VN&#39;‘</strong></span> <span class='ocrx_word' id='word_1_65' title='bbox 1070 1715 1077 1728; x_wconf 83' lang='lat'>&#39;</span> <span class='ocrx_word' id='word_1_66' title='bbox 1191 1712 1200 1729; x_wconf 76' lang='lat'><em>⁰</em></span> <span class='ocrx_word' id='word_1_67' title='bbox 1373 1706 1428 1729; x_wconf 83' lang='grc'><strong>“’</strong></span> <span class='ocrx_word' id='word_1_68' title='bbox 1821 1728 1939 1799; x_wconf 70' lang='lat' dir='ltr'><strong>aas.</strong></span> 
     </span>
    </p>

    <p class='ocr_par' dir='ltr' id='par_1_8' title="bbox 268 1850 2076 2089">
     <span class='ocr_line' id='line_1_10' title="bbox 269 1850 2075 1974; baseline -0.005 -22"><span class='ocrx_word' id='word_1_69' title='bbox 269 1882 287 1965; x_wconf 58' lang='lat' dir='ltr'><em>ss</em></span> <span class='ocrx_word' id='word_1_70' title='bbox 377 1850 615 1972; x_wconf 43' lang='lat' dir='ltr'><strong>&#39;insumptis</strong></span> <span class='ocrx_word' id='word_1_71' title='bbox 643 1862 770 1971; x_wconf 88' lang='lat' dir='ltr'><strong>patris</strong></span> <span class='ocrx_word' id='word_1_72' title='bbox 799 1865 839 1941; x_wconf 86' lang='lat'>&amp;</span> <span class='ocrx_word' id='word_1_73' title='bbox 867 1854 943 1969; x_wconf 84' lang='lat' dir='ltr'><strong>filij</strong></span> <span class='ocrx_word' id='word_1_74' title='bbox 969 1866 1009 1943; x_wconf 74' lang='lat' dir='ltr'><strong>dr</strong></span> <span class='ocrx_word' id='word_1_75' title='bbox 1038 1862 1205 1971; x_wconf 85' lang='lat' dir='ltr'><strong>spiritus</strong></span> <span class='ocrx_word' id='word_1_76' title='bbox 1234 1852 1363 1945; x_wconf 87' lang='lat' dir='ltr'><strong>sancti</strong></span> <span class='ocrx_word' id='word_1_77' title='bbox 1391 1894 1517 1946; x_wconf 89' lang='lat' dir='ltr'><strong>amen.</strong></span> <span class='ocrx_word' id='word_1_78' title='bbox 1548 1864 1633 1945; x_wconf 89' lang='lat' dir='ltr'><strong>Nos</strong></span> <span class='ocrx_word' id='word_1_79' title='bbox 1667 1864 1848 1945; x_wconf 76' lang='lat' dir='ltr'><strong>Maontis&#39;</strong></span> <span class='ocrx_word' id='word_1_80' title='bbox 1879 1865 1943 1945; x_wconf 91' lang='lat' dir='ltr'><strong>dei</strong></span> <span class='ocrx_word' id='word_1_81' title='bbox 1982 1891 2075 1974; x_wconf 83' lang='lat' dir='ltr'><strong>gra·-</strong></span> 
     </span>
     <span class='ocr_line' id='line_1_11' title="bbox 268 1958 2076 2089; baseline -0.005 -23"><span class='ocrx_word' id='word_1_82' title='bbox 268 1958 586 2089; x_wconf 61' lang='lat' dir='ltr'><strong>oia&#39;rpsalensis&#39;</strong></span> <span class='ocrx_word' id='word_1_83' title='bbox 608 1972 772 2057; x_wconf 81' lang='lat' dir='ltr'><strong>ecclesie</strong></span> <span class='ocrx_word' id='word_1_84' title='bbox 795 1972 1241 2079; x_wconf 28' lang='lat' dir='ltr'><strong>electus-consecratus,</strong></span> <span class='ocrx_word' id='word_1_85' title='bbox 1273 2005 1525 2059; x_wconf 88' lang='lat' dir='ltr'><strong>communem</strong></span> <span class='ocrx_word' id='word_1_86' title='bbox 1548 1974 1716 2084; x_wconf 86' lang='lat' dir='ltr'><strong>humanj</strong></span> <span class='ocrx_word' id='word_1_87' title='bbox 1737 1976 1924 2057; x_wconf 89' lang='lat' dir='ltr'><strong>interitus</strong></span> <span class='ocrx_word' id='word_1_88' title='bbox 1943 1977 2076 2059; x_wconf 91' lang='lat' dir='ltr'><strong>incer·</strong></span> 
     </span>
    </p>
   </div>
   <div class='ocr_carea' id='block_1_8' title="bbox 267 2072 2076 2309">
    <p class='ocr_par' dir='ltr' id='par_1_9' title="bbox 267 2072 2076 2309">
     <span class='ocr_line' id='line_1_12' title="bbox 268 2072 2076 2196; baseline -0.004 -20"><span class='ocrx_word' id='word_1_89' title='bbox 268 2082 483 2177; x_wconf 88' lang='lat' dir='ltr'><strong>titudinem</strong></span> <span class='ocrx_word' id='word_1_90' title='bbox 512 2084 777 2184; x_wconf 78' lang='lat' dir='ltr'><strong>attendentes,</strong></span> <span class='ocrx_word' id='word_1_91' title='bbox 805 2072 855 2167; x_wconf 78' lang='lat' dir='ltr'><strong>ac</strong></span> <span class='ocrx_word' id='word_1_92' title='bbox 880 2101 1018 2165; x_wconf 91' lang='lat' dir='ltr'><strong>nostre</strong></span> <span class='ocrx_word' id='word_1_93' title='bbox 1045 2086 1201 2179; x_wconf 83' lang='lat' dir='ltr'><strong>diutine</strong></span> <span class='ocrx_word' id='word_1_94' title='bbox 1234 2087 1454 2172; x_wconf 86' lang='lat' dir='ltr'><strong>debilitatis</strong></span> <span class='ocrx_word' id='word_1_95' title='bbox 1490 2089 1717 2196; x_wconf 88' lang='lat' dir='ltr'><strong>periculum</strong></span> <span class='ocrx_word' id='word_1_96' title='bbox 1753 2115 1837 2167; x_wconf 91' lang='lat' dir='ltr'><strong>non</strong></span> <span class='ocrx_word' id='word_1_97' title='bbox 1874 2088 2076 2169; x_wconf 90' lang='lat' dir='ltr'><strong>immerito</strong></span> 
     </span>
     <span class='ocr_line' id='line_1_13' title="bbox 267 2196 2076 2309; baseline -0.004 -20"><span class='ocrx_word' id='word_1_98' title='bbox 267 2200 540 2299; x_wconf 81' lang='lat' dir='ltr'><strong>formidantes,</strong></span> <span class='ocrx_word' id='word_1_99' title='bbox 562 2200 612 2283; x_wconf 91' lang='lat' dir='ltr'><strong>de</strong></span> <span class='ocrx_word' id='word_1_100' title='bbox 641 2196 760 2279; x_wconf 91' lang='lat' dir='ltr'><strong>bonis</strong></span> <span class='ocrx_word' id='word_1_101' title='bbox 788 2200 937 2278; x_wconf 88' lang='lat' dir='ltr'><strong>nostris</strong></span> <span class='ocrx_word' id='word_1_102' title='bbox 965 2198 1247 2306; x_wconf 87' lang='lat' dir='ltr'><strong>personalibus</strong></span> <span class='ocrx_word' id='word_1_103' title='bbox 1275 2228 1352 2309; x_wconf 88' lang='lat' dir='ltr'><strong>pro</strong></span> <span class='ocrx_word' id='word_1_104' title='bbox 1381 2199 1559 2281; x_wconf 91' lang='lat' dir='ltr'><strong>remedio</strong></span> <span class='ocrx_word' id='word_1_105' title='bbox 1587 2201 1719 2281; x_wconf 92' lang='lat' dir='ltr'><strong>anime</strong></span> <span class='ocrx_word' id='word_1_106' title='bbox 1747 2214 1883 2279; x_wconf 88' lang='lat' dir='ltr'><strong>nostre</strong></span> <span class='ocrx_word' id='word_1_107' title='bbox 1907 2200 1949 2281; x_wconf 93' lang='lat' dir='ltr'><strong>in</strong></span> <span class='ocrx_word' id='word_1_108' title='bbox 1963 2201 2076 2282; x_wconf 91' lang='lat' dir='ltr'><strong>hunc</strong></span> 
     </span>
    </p>
   </div>
   <div class='ocr_carea' id='block_1_9' title="bbox 135 2307 2076 2420">
    <p class='ocr_par' dir='ltr' id='par_1_10' title="bbox 135 2307 2076 2420">
     <span class='ocr_line' id='line_1_14' title="bbox 135 2307 2076 2420; baseline -0.004 -21"><span class='ocrx_word' id='word_1_109' title='bbox 135 2346 140 2359; x_wconf 80' lang='grc'><em>·</em></span> <span class='ocrx_word' id='word_1_110' title='bbox 265 2314 647 2399; x_wconf 78' lang='lat' dir='ltr'><strong>modummcstrum</strong></span> <span class='ocrx_word' id='word_1_111' title='bbox 681 2307 950 2391; x_wconf 89' lang='lat' dir='ltr'><strong>ordinandum</strong></span> <span class='ocrx_word' id='word_1_112' title='bbox 987 2307 1177 2391; x_wconf 89' lang='lat' dir='ltr'><strong>duximus</strong></span> <span class='ocrx_word' id='word_1_113' title='bbox 1213 2328 1507 2393; x_wconf 87' lang='lat' dir='ltr'><strong>testamentum.</strong></span> <span class='ocrx_word' id='word_1_114' title='bbox 1542 2311 1596 2392; x_wconf 88' lang='lat' dir='ltr'><strong>Jn</strong></span> <span class='ocrx_word' id='word_1_115' title='bbox 1632 2312 1772 2420; x_wconf 87' lang='lat' dir='ltr'><strong>primis</strong></span> <span class='ocrx_word' id='word_1_116' title='bbox 1808 2310 1986 2418; x_wconf 85' lang='lat' dir='ltr'><strong>legamus</strong></span> <span class='ocrx_word' id='word_1_117' title='bbox 2021 2311 2076 2393; x_wconf 90' lang='lat' dir='ltr'><strong>ad</strong></span> 
     </span>
    </p>
   </div>
   <div class='ocr_carea' id='block_1_10' title="bbox 267 2420 2076 2533">
    <p class='ocr_par' dir='ltr' id='par_1_11' title="bbox 267 2420 2076 2533">
     <span class='ocr_line' id='line_1_15' title="bbox 267 2420 2076 2533; baseline -0.003 -23"><span class='ocrx_word' id='word_1_118' title='bbox 267 2426 464 2510; x_wconf 78' lang='lat' dir='ltr'><strong>fabricam</strong></span> <span class='ocrx_word' id='word_1_119' title='bbox 492 2421 714 2533; x_wconf 82' lang='lat' dir='ltr'><strong>upsalensis</strong></span> <span class='ocrx_word' id='word_1_120' title='bbox 742 2420 907 2502; x_wconf 85' lang='lat' dir='ltr'><strong>ecclesie</strong></span> <span class='ocrx_word' id='word_1_121' title='bbox 932 2420 1033 2501; x_wconf 89' lang='grc' dir='ltr'><strong>.ΧΧ.</strong></span> <span class='ocrx_word' id='word_1_122' title='bbox 1064 2421 1244 2503; x_wconf 85' lang='lat' dir='ltr'><strong>marchas</strong></span> <span class='ocrx_word' id='word_1_123' title='bbox 1266 2422 1536 2504; x_wconf 89' lang='lat' dir='ltr'><strong>denariorum.</strong></span> <span class='ocrx_word' id='word_1_124' title='bbox 1561 2422 1730 2505; x_wconf 86' lang='lat' dir='ltr'><strong>ltemad</strong></span> <span class='ocrx_word' id='word_1_125' title='bbox 1746 2423 1934 2503; x_wconf 83' lang='lat' dir='ltr'><strong>vicariam</strong></span> <span class='ocrx_word' id='word_1_126' title='bbox 1952 2450 2076 2531; x_wconf 91' lang='lat' dir='ltr'><strong>quam</strong></span> 
     </span>
    </p>
   </div>
   <div class='ocr_carea' id='block_1_11' title="bbox 138 2530 2077 2642">
    <p class='ocr_par' dir='ltr' id='par_1_12' title="bbox 138 2530 2077 2642">
     <span class='ocr_line' id='line_1_16' title="bbox 138 2530 2077 2642; baseline -0.002 -21"><span class='ocrx_word' id='word_1_127' title='bbox 138 2534 143 2543; x_wconf 66' lang='grc'><em>“</em></span> <span class='ocrx_word' id='word_1_128' title='bbox 268 2540 315 2620; x_wconf 91' lang='lat' dir='ltr'><strong>in</strong></span> <span class='ocrx_word' id='word_1_129' title='bbox 342 2534 483 2619; x_wconf 91' lang='lat' dir='ltr'><strong>eadem</strong></span> <span class='ocrx_word' id='word_1_130' title='bbox 500 2532 677 2615; x_wconf 38' lang='lat' dir='ltr'><strong>,ecclesia</strong></span> <span class='ocrx_word' id='word_1_131' title='bbox 706 2532 884 2613; x_wconf 86' lang='lat' dir='ltr'><strong>instituit</strong></span> <span class='ocrx_word' id='word_1_132' title='bbox 924 2530 1031 2612; x_wconf 91' lang='lat' dir='ltr'><strong>bone</strong></span> <span class='ocrx_word' id='word_1_133' title='bbox 1075 2535 1266 2614; x_wconf 88' lang='lat' dir='ltr'><strong>memorie</strong></span> <span class='ocrx_word' id='word_1_134' title='bbox 1307 2536 1539 2642; x_wconf 84' lang='lat' dir='ltr'><strong>prepositus</strong></span> <span class='ocrx_word' id='word_1_135' title='bbox 1586 2532 1687 2615; x_wconf 93' lang='lat' dir='ltr'><strong>bero</strong></span> <span class='ocrx_word' id='word_1_136' title='bbox 1729 2534 1883 2615; x_wconf 73' lang='lat' dir='ltr'><strong>,111120r</strong></span> <span class='ocrx_word' id='word_1_137' title='bbox 1923 2533 2077 2617; x_wconf 89' lang='lat' dir='ltr'><strong>solidos</strong></span> 
     </span>
    </p>
   </div>
   <div class='ocr_carea' id='block_1_12' title="bbox 266 2641 2073 2753">
    <p class='ocr_par' dir='ltr' id='par_1_13' title="bbox 266 2641 2073 2753">
     <span class='ocr_line' id='line_1_17' title="bbox 266 2641 2073 2753; baseline -0.003 -21"><span class='ocrx_word' id='word_1_138' title='bbox 266 2665 377 2731; x_wconf 87' lang='lat' dir='ltr'><strong>terre</strong></span> <span class='ocrx_word' id='word_1_139' title='bbox 395 2649 449 2729; x_wconf 93' lang='lat' dir='ltr'><strong>.in</strong></span> <span class='ocrx_word' id='word_1_140' title='bbox 477 2644 654 2753; x_wconf 84' lang='lat' dir='ltr'><strong>kragsta.</strong></span> <span class='ocrx_word' id='word_1_141' title='bbox 710 2646 812 2725; x_wconf 89' lang='lat' dir='ltr'><strong>Jtem</strong></span> <span class='ocrx_word' id='word_1_142' title='bbox 843 2642 1037 2751; x_wconf 76' lang='lat' dir='ltr'><strong>fratribus</strong></span> <span class='ocrx_word' id='word_1_143' title='bbox 1066 2641 1389 2752; x_wconf 87' lang='lat' dir='ltr'><strong>predicatoribus</strong></span> <span class='ocrx_word' id='word_1_144' title='bbox 1415 2644 1587 2725; x_wconf 89' lang='lat' dir='ltr'><strong>sictunie</strong></span> <span class='ocrx_word' id='word_1_145' title='bbox 1601 2644 1786 2729; x_wconf 86' lang='grc' dir='ltr'><strong>.ΧΧΙΙΙΙ.</strong></span> <span class='ocrx_word' id='word_1_146' title='bbox 1809 2646 1963 2726; x_wconf 88' lang='lat' dir='ltr'><strong>Marcas</strong></span> <span class='ocrx_word' id='word_1_147' title='bbox 1979 2643 2073 2727; x_wconf 89' lang='lat' dir='ltr'><strong>den.</strong></span> 
     </span>
    </p>
   </div>
   <div class='ocr_carea' id='block_1_13' title="bbox 134 2754 2075 2865">
    <p class='ocr_par' dir='ltr' id='par_1_14' title="bbox 134 2754 2075 2865">
     <span class='ocr_line' id='line_1_18' title="bbox 134 2754 2075 2865; baseline -0.002 -22"><span class='ocrx_word' id='word_1_148' title='bbox 134 2770 141 2789; x_wconf 85' lang='lat'><strong><em>‘</em></strong></span> <span class='ocrx_word' id='word_1_149' title='bbox 268 2764 373 2843; x_wconf 84' lang='lat' dir='ltr'><strong>Jtem</strong></span> <span class='ocrx_word' id='word_1_150' title='bbox 402 2758 580 2839; x_wconf 89' lang='lat' dir='ltr'><strong>claustro</strong></span> <span class='ocrx_word' id='word_1_151' title='bbox 607 2754 974 2837; x_wconf 82' lang='lat' dir='ltr'><strong>sanctimonialium</strong></span> <span class='ocrx_word' id='word_1_152' title='bbox 1002 2756 1044 2836; x_wconf 91' lang='lat' dir='ltr'><strong>in</strong></span> <span class='ocrx_word' id='word_1_153' title='bbox 1071 2754 1159 2850; x_wconf 83' lang='lat' dir='ltr'><strong>sko,</strong></span> <span class='ocrx_word' id='word_1_154' title='bbox 1187 2772 1269 2840; x_wconf 88' lang='lat' dir='ltr'><strong>tres</strong></span> <span class='ocrx_word' id='word_1_155' title='bbox 1296 2782 1389 2836; x_wconf 86' lang='lat' dir='ltr'><strong>oras</strong></span> <span class='ocrx_word' id='word_1_156' title='bbox 1417 2757 1669 2865; x_wconf 80' lang='lat' dir='ltr'><strong>&amp;quinque</strong></span> <span class='ocrx_word' id='word_1_157' title='bbox 1696 2754 1884 2839; x_wconf 89' lang='lat' dir='ltr'><strong>denarios</strong></span> <span class='ocrx_word' id='word_1_158' title='bbox 1905 2761 2075 2841; x_wconf 88' lang='lat' dir='ltr'><strong>terreiu</strong></span> 
     </span>
    </p>
   </div>
   <div class='ocr_carea' id='block_1_14' title="bbox 201 2863 2115 5095">
    <p class='ocr_par' dir='ltr' id='par_1_15' title="bbox 201 2863 2115 5095">
     <span class='ocr_line' id='line_1_19' title="bbox 201 2863 2115 2977; baseline -0.002 -22"><span class='ocrx_word' id='word_1_159' title='bbox 201 2920 204 2929; x_wconf 77' lang='lat'><strong>,</strong></span> <span class='ocrx_word' id='word_1_160' title='bbox 267 2872 417 2967; x_wconf 85' lang='lat' dir='ltr'><strong>scutiae,</strong></span> <span class='ocrx_word' id='word_1_161' title='bbox 453 2898 546 2949; x_wconf 88' lang='lat' dir='ltr'><strong>eum</strong></span> <span class='ocrx_word' id='word_1_162' title='bbox 574 2864 813 2947; x_wconf 85' lang='lat' dir='ltr'><strong>molendinis</strong></span> <span class='ocrx_word' id='word_1_163' title='bbox 841 2863 1011 2961; x_wconf 86' lang='lat' dir='ltr'><strong>ibidem,</strong></span> <span class='ocrx_word' id='word_1_164' title='bbox 1039 2865 1161 2945; x_wconf 88' lang='lat' dir='ltr'><strong>saluis</strong></span> <span class='ocrx_word' id='word_1_165' title='bbox 1188 2864 1352 2946; x_wconf 80' lang='lat' dir='ltr'><strong>decimis</strong></span> <span class='ocrx_word' id='word_1_166' title='bbox 1380 2865 1432 2947; x_wconf 93' lang='lat' dir='ltr'><strong>de</strong></span> <span class='ocrx_word' id='word_1_167' title='bbox 1461 2866 1701 2949; x_wconf 88' lang='lat' dir='ltr'><strong>molendinis</strong></span> <span class='ocrx_word' id='word_1_168' title='bbox 1736 2869 1831 2976; x_wconf 90' lang='lat' dir='ltr'><strong>ipsis</strong></span> <span class='ocrx_word' id='word_1_169' title='bbox 1865 2869 2076 2977; x_wconf 89' lang='lat' dir='ltr'><strong>parrochi·</strong></span> <span class='ocrx_word' id='word_1_170' title='bbox 2109 2958 2115 2973; x_wconf 52' lang='lat'>‚</span> 
     </span>
     <span class='ocr_line' id='line_1_20' title="bbox 266 2974 2076 3093; baseline -0.001 -26"><span class='ocrx_word' id='word_1_171' title='bbox 266 2984 304 3068; x_wconf 86' lang='lat' dir='ltr'><strong>al</strong></span> <span class='ocrx_word' id='word_1_172' title='bbox 307 3014 323 3093; x_wconf 85' lang='lat' dir='ltr'>J</span> <span class='ocrx_word' id='word_1_173' title='bbox 337 2978 541 3088; x_wconf 73' lang='lat' dir='ltr'><strong>sacerdoti</strong></span> <span class='ocrx_word' id='word_1_174' title='bbox 549 2974 768 3075; x_wconf 88' lang='lat' dir='ltr'><strong>soluendis,</strong></span> <span class='ocrx_word' id='word_1_175' title='bbox 784 2978 888 3058; x_wconf 88' lang='lat' dir='ltr'><strong>sicut</strong></span> <span class='ocrx_word' id='word_1_176' title='bbox 905 2976 1051 3057; x_wconf 88' lang='lat' dir='ltr'><strong>nostris</strong></span> <span class='ocrx_word' id='word_1_177' title='bbox 1066 2976 1322 3083; x_wconf 87' lang='lat' dir='ltr'><strong>temporibus</strong></span> <span class='ocrx_word' id='word_1_178' title='bbox 1334 2977 1543 3085; x_wconf 82' lang='lat' dir='ltr'><strong>percipere</strong></span> <span class='ocrx_word' id='word_1_179' title='bbox 1557 2981 1779 3062; x_wconf 86' lang='lat' dir='ltr'><strong>consueuit.</strong></span> <span class='ocrx_word' id='word_1_180' title='bbox 1792 2983 1893 3062; x_wconf 88' lang='lat' dir='ltr'><strong>Jtem</strong></span> <span class='ocrx_word' id='word_1_181' title='bbox 1910 2981 2076 3066; x_wconf 88' lang='lat' dir='ltr'><strong>ecclesie</strong></span> 
     </span>
     <span class='ocr_line' id='line_1_21' title="bbox 266 3085 2076 3200; baseline -0.002 -22"><span class='ocrx_word' id='word_1_182' title='bbox 266 3095 429 3190; x_wconf 83' lang='lat' dir='ltr'><strong>lrnifsta,</strong></span> <span class='ocrx_word' id='word_1_183' title='bbox 458 3119 583 3171; x_wconf 81' lang='lat' dir='ltr'><strong>vnum</strong></span> <span class='ocrx_word' id='word_1_184' title='bbox 613 3085 785 3170; x_wconf 92' lang='lat' dir='ltr'><strong>solidum</strong></span> <span class='ocrx_word' id='word_1_185' title='bbox 813 3102 923 3165; x_wconf 90' lang='lat' dir='ltr'><strong>terre</strong></span> <span class='ocrx_word' id='word_1_186' title='bbox 952 3089 994 3164; x_wconf 93' lang='lat' dir='ltr'><strong>in</strong></span> <span class='ocrx_word' id='word_1_187' title='bbox 1023 3085 1147 3183; x_wconf 68' lang='lat' dir='ltr'><strong>saebir.</strong></span> <span class='ocrx_word' id='word_1_188' title='bbox 1210 3089 1314 3166; x_wconf 88' lang='lat' dir='ltr'><strong>Jtem</strong></span> <span class='ocrx_word' id='word_1_189' title='bbox 1342 3085 1509 3169; x_wconf 89' lang='lat' dir='ltr'><strong>ecclesie</strong></span> <span class='ocrx_word' id='word_1_190' title='bbox 1551 3091 1769 3200; x_wconf 85' lang='lat' dir='ltr'><strong>othinsaerg</strong></span> <span class='ocrx_word' id='word_1_191' title='bbox 1809 3087 1933 3175; x_wconf 73' lang='lat' dir='ltr'><strong>unum</strong></span> <span class='ocrx_word' id='word_1_192' title='bbox 1976 3094 2076 3176; x_wconf 89' lang='lat' dir='ltr'><strong>soli-</strong></span> 
     </span>
     <span class='ocr_line' id='line_1_22' title="bbox 267 3194 2075 3315; baseline 0.002 -29"><span class='ocrx_word' id='word_1_193' title='bbox 267 3203 364 3288; x_wconf 89' lang='lat' dir='ltr'><strong>dum</strong></span> <span class='ocrx_word' id='word_1_194' title='bbox 392 3218 500 3282; x_wconf 88' lang='lat' dir='ltr'><strong>terre</strong></span> <span class='ocrx_word' id='word_1_195' title='bbox 531 3194 693 3279; x_wconf 88' lang='lat' dir='ltr'><strong>ibidem.</strong></span> <span class='ocrx_word' id='word_1_196' title='bbox 749 3198 855 3296; x_wconf 88' lang='lat' dir='ltr'><strong>Jtem</strong></span> <span class='ocrx_word' id='word_1_197' title='bbox 883 3195 1047 3275; x_wconf 87' lang='lat' dir='ltr'><strong>ecclesie</strong></span> <span class='ocrx_word' id='word_1_198' title='bbox 1076 3195 1352 3296; x_wconf 87' lang='lat' dir='ltr'><strong>wazsundum,</strong></span> <span class='ocrx_word' id='word_1_199' title='bbox 1380 3197 1483 3279; x_wconf 91' lang='lat' dir='ltr'><strong>duos</strong></span> <span class='ocrx_word' id='word_1_200' title='bbox 1511 3201 1662 3285; x_wconf 91' lang='lat' dir='ltr'><strong>solidos</strong></span> <span class='ocrx_word' id='word_1_201' title='bbox 1689 3219 1797 3286; x_wconf 90' lang='lat' dir='ltr'><strong>terre</strong></span> <span class='ocrx_word' id='word_1_202' title='bbox 1827 3206 1869 3285; x_wconf 91' lang='lat' dir='ltr'><strong>in</strong></span> <span class='ocrx_word' id='word_1_203' title='bbox 1898 3204 2075 3315; x_wconf 83' lang='lat' dir='ltr'><strong>kragsta.</strong></span> 
     </span>
     <span class='ocr_line' id='line_1_23' title="bbox 213 3305 2077 3429; baseline 0.001 -31"><span class='ocrx_word' id='word_1_204' title='bbox 213 3397 219 3407; x_wconf 80' lang='grc'><strong>,</strong></span> <span class='ocrx_word' id='word_1_205' title='bbox 268 3319 375 3398; x_wconf 84' lang='lat' dir='ltr'><strong>Jtem</strong></span> <span class='ocrx_word' id='word_1_206' title='bbox 402 3311 569 3394; x_wconf 88' lang='lat' dir='ltr'><strong>ecclesie</strong></span> <span class='ocrx_word' id='word_1_207' title='bbox 597 3305 927 3402; x_wconf 84' lang='lat' dir='ltr'><strong>lundbobaereth,</strong></span> <span class='ocrx_word' id='word_1_208' title='bbox 964 3321 1046 3388; x_wconf 87' lang='lat' dir='ltr'><strong>tres</strong></span> <span class='ocrx_word' id='word_1_209' title='bbox 1088 3309 1238 3389; x_wconf 89' lang='lat' dir='ltr'><strong>solidos</strong></span> <span class='ocrx_word' id='word_1_210' title='bbox 1279 3325 1386 3390; x_wconf 88' lang='lat' dir='ltr'><strong>terre</strong></span> <span class='ocrx_word' id='word_1_211' title='bbox 1421 3307 1581 3394; x_wconf 88' lang='lat' dir='ltr'><strong>ibidem.</strong></span> <span class='ocrx_word' id='word_1_212' title='bbox 1643 3316 1791 3397; x_wconf 91' lang='lat' dir='ltr'><strong>Omnia</strong></span> <span class='ocrx_word' id='word_1_213' title='bbox 1823 3333 1957 3398; x_wconf 90' lang='lat' dir='ltr'><strong>tamen</strong></span> <span class='ocrx_word' id='word_1_214' title='bbox 1993 3346 2077 3429; x_wconf 90' lang='lat' dir='ltr'><strong>que</strong></span> 
     </span>
     <span class='ocr_line' id='line_1_24' title="bbox 270 3411 2075 3535; baseline 0.002 -26"><span class='ocrx_word' id='word_1_215' title='bbox 270 3426 322 3509; x_wconf 90' lang='lat' dir='ltr'><strong>de</strong></span> <span class='ocrx_word' id='word_1_216' title='bbox 350 3427 512 3532; x_wconf 84' lang='lat' dir='ltr'><strong>kragsta</strong></span> <span class='ocrx_word' id='word_1_217' title='bbox 541 3411 762 3530; x_wconf 78' lang='lat' dir='ltr'><strong>legauimus</strong></span> <span class='ocrx_word' id='word_1_218' title='bbox 790 3415 1031 3500; x_wconf 89' lang='lat' dir='ltr'><strong>Benedictus</strong></span> <span class='ocrx_word' id='word_1_219' title='bbox 1059 3418 1186 3501; x_wconf 87' lang='lat' dir='ltr'><strong>frater</strong></span> <span class='ocrx_word' id='word_1_220' title='bbox 1214 3437 1352 3501; x_wconf 91' lang='lat' dir='ltr'><strong>noster</strong></span> <span class='ocrx_word' id='word_1_221' title='bbox 1393 3423 1458 3502; x_wconf 81' lang='lat' dir='ltr'><strong>vel</strong></span> <span class='ocrx_word' id='word_1_222' title='bbox 1496 3426 1582 3506; x_wconf 89' lang='lat' dir='ltr'><strong>eius</strong></span> <span class='ocrx_word' id='word_1_223' title='bbox 1623 3425 1790 3509; x_wconf 90' lang='lat' dir='ltr'><strong>heredes</strong></span> <span class='ocrx_word' id='word_1_224' title='bbox 1833 3445 2075 3535; x_wconf 87' lang='lat' dir='ltr'><strong>potestatem</strong></span> 
     </span>
     <span class='ocr_line' id='line_1_25' title="bbox 270 3527 2077 3642; baseline 0.003 -24"><span class='ocrx_word' id='word_1_225' title='bbox 270 3537 448 3619; x_wconf 89' lang='lat' dir='ltr'><strong>babeant</strong></span> <span class='ocrx_word' id='word_1_226' title='bbox 493 3561 570 3642; x_wconf 94' lang='lat' dir='ltr'><strong>pro</strong></span> <span class='ocrx_word' id='word_1_227' title='bbox 612 3529 956 3642; x_wconf 79' lang='lat' dir='ltr'><strong>equiualentibus¹</strong></span> <span class='ocrx_word' id='word_1_228' title='bbox 983 3527 1137 3639; x_wconf 86' lang='lat' dir='ltr'><strong>predijs</strong></span> <span class='ocrx_word' id='word_1_229' title='bbox 1180 3529 1415 3641; x_wconf 86' lang='lat' dir='ltr'><strong>redimendj.</strong></span> <span class='ocrx_word' id='word_1_230' title='bbox 1454 3537 1593 3616; x_wconf 74' lang='lat' dir='ltr'><strong>,Jtem</strong></span> <span class='ocrx_word' id='word_1_231' title='bbox 1634 3533 1685 3616; x_wconf 89' lang='lat' dir='ltr'><strong>ad</strong></span> <span class='ocrx_word' id='word_1_232' title='bbox 1736 3542 2077 3623; x_wconf 88' lang='lat' dir='ltr'><strong>sustentacionem</strong></span> 
     </span>
     <span class='ocr_line' id='line_1_26' title="bbox 270 3639 2098 3760; baseline 0.003 -32"><span class='ocrx_word' id='word_1_233' title='bbox 270 3671 443 3760; x_wconf 89' lang='lat' dir='ltr'><strong>persone</strong></span> <span class='ocrx_word' id='word_1_234' title='bbox 485 3643 648 3725; x_wconf 87' lang='lat' dir='ltr'><strong>ecclesie</strong></span> <span class='ocrx_word' id='word_1_235' title='bbox 667 3703 675 3716; x_wconf 89' lang='lat'><strong>.</strong></span> <span class='ocrx_word' id='word_1_236' title='bbox 692 3643 734 3720; x_wconf 95' lang='lat' dir='ltr'><strong>in</strong></span> <span class='ocrx_word' id='word_1_237' title='bbox 778 3639 912 3722; x_wconf 88' lang='lat' dir='ltr'><strong>alseke</strong></span> <span class='ocrx_word' id='word_1_238' title='bbox 953 3645 993 3720; x_wconf 84' lang='lat'>&amp;</span> <span class='ocrx_word' id='word_1_239' title='bbox 1028 3668 1303 3725; x_wconf 88' lang='lat' dir='ltr'><strong>successorum</strong></span> <span class='ocrx_word' id='word_1_240' title='bbox 1352 3646 1458 3743; x_wconf 92' lang='lat' dir='ltr'><strong>eius,</strong></span> <span class='ocrx_word' id='word_1_241' title='bbox 1504 3646 1682 3756; x_wconf 84' lang='lat' dir='ltr'><strong>legamus</strong></span> <span class='ocrx_word' id='word_1_242' title='bbox 1722 3648 1928 3732; x_wconf 90' lang='lat' dir='ltr'><strong>dimidiam</strong></span> <span class='ocrx_word' id='word_1_243' title='bbox 1967 3651 2098 3734; x_wconf 59' lang='lat' dir='ltr'><strong>mar-⁸</strong></span> 
     </span>
     <span class='ocr_line' id='line_1_27' title="bbox 269 3747 2078 3872; baseline 0.003 -31"><span class='ocrx_word' id='word_1_244' title='bbox 269 3759 386 3840; x_wconf 91' lang='lat' dir='ltr'><strong>cham</strong></span> <span class='ocrx_word' id='word_1_245' title='bbox 414 3773 523 3836; x_wconf 89' lang='lat' dir='ltr'><strong>terre</strong></span> <span class='ocrx_word' id='word_1_246' title='bbox 549 3757 593 3834; x_wconf 91' lang='lat' dir='ltr'><strong>in</strong></span> <span class='ocrx_word' id='word_1_247' title='bbox 620 3753 827 3860; x_wconf 85' lang='lat' dir='ltr'><strong>biaergum.</strong></span> <span class='ocrx_word' id='word_1_248' title='bbox 857 3753 1046 3834; x_wconf 91' lang='lat' dir='ltr'><strong>Ceterum</strong></span> <span class='ocrx_word' id='word_1_249' title='bbox 1061 3757 1158 3863; x_wconf 89' lang='lat' dir='ltr'><strong>quia</strong></span> <span class='ocrx_word' id='word_1_250' title='bbox 1173 3754 1338 3836; x_wconf 90' lang='lat' dir='ltr'><strong>ecclesie</strong></span> <span class='ocrx_word' id='word_1_251' title='bbox 1352 3758 1482 3838; x_wconf 85' lang='lat' dir='ltr'><strong>waxal</strong></span> <span class='ocrx_word' id='word_1_252' title='bbox 1496 3747 1572 3840; x_wconf 81' lang='lat' dir='ltr'><strong>rios</strong></span> <span class='ocrx_word' id='word_1_253' title='bbox 1587 3763 1914 3870; x_wconf 85' lang='lat' dir='ltr'><strong>recognoscimus</strong></span> <span class='ocrx_word' id='word_1_254' title='bbox 1922 3766 2078 3872; x_wconf 89' lang='lat' dir='ltr'><strong>speria-</strong></span> 
     </span>
     <span class='ocr_line' id='line_1_28' title="bbox 269 3859 2080 3983; baseline 0.003 -31"><span class='ocrx_word' id='word_1_255' title='bbox 269 3869 363 3952; x_wconf 85' lang='lat' dir='ltr'><strong>liter</strong></span> <span class='ocrx_word' id='word_1_256' title='bbox 391 3867 604 3976; x_wconf 86' lang='lat' dir='ltr'><strong>obligatos,</strong></span> <span class='ocrx_word' id='word_1_257' title='bbox 633 3863 782 3946; x_wconf 90' lang='lat' dir='ltr'><strong>ibidem</strong></span> <span class='ocrx_word' id='word_1_258' title='bbox 811 3859 863 3943; x_wconf 90' lang='lat' dir='ltr'><strong>ad</strong></span> <span class='ocrx_word' id='word_1_259' title='bbox 890 3863 1015 3944; x_wconf 92' lang='lat' dir='ltr'><strong>altare</strong></span> <span class='ocrx_word' id='word_1_260' title='bbox 1052 3863 1165 3973; x_wconf 89' lang='lat' dir='ltr'><strong>beatj</strong></span> <span class='ocrx_word' id='word_1_261' title='bbox 1207 3865 1356 3948; x_wconf 87' lang='lat' dir='ltr'><strong>andree</strong></span> <span class='ocrx_word' id='word_1_262' title='bbox 1396 3870 1643 3952; x_wconf 89' lang='lat' dir='ltr'><strong>instituimus</strong></span> <span class='ocrx_word' id='word_1_263' title='bbox 1687 3889 1924 3983; x_wconf 89' lang='lat' dir='ltr'><strong>perpetuam</strong></span> <span class='ocrx_word' id='word_1_264' title='bbox 1968 3877 2080 3958; x_wconf 80' lang='lat' dir='ltr'><strong>vice-</strong></span> 
     </span>
     <span class='ocr_line' id='line_1_29' title="bbox 269 3972 2079 4092; baseline 0.002 -28"><span class='ocrx_word' id='word_1_265' title='bbox 269 3984 383 4064; x_wconf 88' lang='lat' dir='ltr'><strong>riam.</strong></span> <span class='ocrx_word' id='word_1_266' title='bbox 417 3994 638 4059; x_wconf 89' lang='lat' dir='ltr'><strong>statuentes</strong></span> <span class='ocrx_word' id='word_1_267' title='bbox 664 3972 779 4085; x_wconf 91' lang='lat' dir='ltr'><strong>quod</strong></span> <span class='ocrx_word' id='word_1_268' title='bbox 805 3975 880 4084; x_wconf 81' lang='lat' dir='ltr'><strong>quj</strong></span> <span class='ocrx_word' id='word_1_269' title='bbox 907 3976 949 4079; x_wconf 81' lang='lat' dir='ltr'><strong>in</strong></span> <span class='ocrx_word' id='word_1_270' title='bbox 979 4003 1025 4056; x_wconf 88' lang='lat' dir='ltr'><strong>ea</strong></span> <span class='ocrx_word' id='word_1_271' title='bbox 1053 3977 1264 4060; x_wconf 89' lang='lat' dir='ltr'><strong>institutus</strong></span> <span class='ocrx_word' id='word_1_272' title='bbox 1300 3978 1439 4077; x_wconf 87' lang='lat' dir='ltr'><strong>fuerit,</strong></span> <span class='ocrx_word' id='word_1_273' title='bbox 1467 4009 1559 4062; x_wconf 89' lang='lat' dir='ltr'><strong>rum</strong></span> <span class='ocrx_word' id='word_1_274' title='bbox 1595 4011 1768 4092; x_wconf 87' lang='lat' dir='ltr'><strong>persona</strong></span> <span class='ocrx_word' id='word_1_275' title='bbox 1805 3983 1911 4067; x_wconf 87' lang='lat' dir='ltr'><strong>dicte</strong></span> <span class='ocrx_word' id='word_1_276' title='bbox 1946 3982 2079 4068; x_wconf 85' lang='lat' dir='ltr'><strong>eccle·</strong></span> 
     </span>
     <span class='ocr_line' id='line_1_30' title="bbox 269 4084 2079 4207; baseline 0.002 -31"><span class='ocrx_word' id='word_1_277' title='bbox 269 4097 327 4176; x_wconf 88' lang='lat' dir='ltr'><strong>sie</strong></span> <span class='ocrx_word' id='word_1_278' title='bbox 355 4094 478 4175; x_wconf 83' lang='lat' dir='ltr'><strong>horas</strong></span> <span class='ocrx_word' id='word_1_279' title='bbox 504 4088 716 4170; x_wconf 90' lang='lat' dir='ltr'><strong>canonicas</strong></span> <span class='ocrx_word' id='word_1_280' title='bbox 744 4084 879 4167; x_wconf 91' lang='lat' dir='ltr'><strong>dicere</strong></span> <span class='ocrx_word' id='word_1_281' title='bbox 908 4103 1107 4169; x_wconf 89' lang='lat' dir='ltr'><strong>teneatur.</strong></span> <span class='ocrx_word' id='word_1_282' title='bbox 1134 4105 1176 4169; x_wconf 92' lang='lat' dir='ltr'><strong>et</strong></span> <span class='ocrx_word' id='word_1_283' title='bbox 1203 4090 1314 4198; x_wconf 89' lang='lat' dir='ltr'><strong>quod</strong></span> <span class='ocrx_word' id='word_1_284' title='bbox 1351 4090 1555 4199; x_wconf 84' lang='lat' dir='ltr'><strong>obligatus</strong></span> <span class='ocrx_word' id='word_1_285' title='bbox 1592 4096 1644 4175; x_wconf 91' lang='lat' dir='ltr'><strong>sit</strong></span> <span class='ocrx_word' id='word_1_286' title='bbox 1679 4096 1847 4204; x_wconf 83' lang='lat' dir='ltr'><strong>singulis</strong></span> <span class='ocrx_word' id='word_1_287' title='bbox 1883 4099 2079 4207; x_wconf 90' lang='lat' dir='ltr'><strong>septima·</strong></span> 
     </span>
     <span class='ocr_line' id='line_1_31' title="bbox 268 4194 2075 4318; baseline 0.003 -31"><span class='ocrx_word' id='word_1_288' title='bbox 268 4207 333 4288; x_wconf 91' lang='lat' dir='ltr'><strong>nis</strong></span> <span class='ocrx_word' id='word_1_289' title='bbox 365 4227 508 4311; x_wconf 87' lang='lat' dir='ltr'><strong>perse</strong></span> <span class='ocrx_word' id='word_1_290' title='bbox 536 4199 601 4279; x_wconf 89' lang='lat' dir='ltr'><strong>vel</strong></span> <span class='ocrx_word' id='word_1_291' title='bbox 630 4225 703 4305; x_wconf 89' lang='lat' dir='ltr'><strong>per</strong></span> <span class='ocrx_word' id='word_1_292' title='bbox 734 4197 857 4278; x_wconf 90' lang='lat' dir='ltr'><strong>alium</strong></span> <span class='ocrx_word' id='word_1_293' title='bbox 885 4194 937 4280; x_wconf 93' lang='lat' dir='ltr'><strong>ad</strong></span> <span class='ocrx_word' id='word_1_294' title='bbox 964 4227 1086 4280; x_wconf 88' lang='lat' dir='ltr'><strong>vnam</strong></span> <span class='ocrx_word' id='word_1_295' title='bbox 1113 4204 1271 4283; x_wconf 89' lang='lat' dir='ltr'><strong>missam</strong></span> <span class='ocrx_word' id='word_1_296' title='bbox 1300 4199 1350 4281; x_wconf 92' lang='lat' dir='ltr'><strong>de</strong></span> <span class='ocrx_word' id='word_1_297' title='bbox 1379 4204 1500 4284; x_wconf 89' lang='lat' dir='ltr'><strong>beato</strong></span> <span class='ocrx_word' id='word_1_298' title='bbox 1525 4202 1702 4304; x_wconf 86' lang='lat' dir='ltr'><strong>Andrea,</strong></span> <span class='ocrx_word' id='word_1_299' title='bbox 1732 4234 1892 4291; x_wconf 89' lang='lat' dir='ltr'><strong>necnon</strong></span> <span class='ocrx_word' id='word_1_300' title='bbox 1911 4210 2075 4318; x_wconf 83' lang='lat' dir='ltr'><strong>vigilias</strong></span> 
     </span>
     <span class='ocr_line' id='line_1_32' title="bbox 270 4309 2078 4422; baseline 0.004 -24"><span class='ocrx_word' id='word_1_301' title='bbox 270 4342 418 4398; x_wconf 91' lang='lat' dir='ltr'><strong>nouem</strong></span> <span class='ocrx_word' id='word_1_302' title='bbox 448 4309 667 4392; x_wconf 88' lang='lat' dir='ltr'><strong>leccionem</strong></span> <span class='ocrx_word' id='word_1_303' title='bbox 695 4336 787 4388; x_wconf 91' lang='lat' dir='ltr'><strong>cum</strong></span> <span class='ocrx_word' id='word_1_304' title='bbox 815 4338 894 4389; x_wconf 91' lang='lat' dir='ltr'><strong>vna</strong></span> <span class='ocrx_word' id='word_1_305' title='bbox 922 4312 1039 4390; x_wconf 89' lang='lat' dir='ltr'><strong>missa</strong></span> <span class='ocrx_word' id='word_1_306' title='bbox 1068 4339 1146 4421; x_wconf 93' lang='lat' dir='ltr'><strong>pro</strong></span> <span class='ocrx_word' id='word_1_307' title='bbox 1164 4310 1365 4392; x_wconf 81' lang='lat' dir='ltr'><strong>defunctis</strong></span> <span class='ocrx_word' id='word_1_308' title='bbox 1402 4339 1479 4422; x_wconf 88' lang='lat' dir='ltr'><strong>pro</strong></span> <span class='ocrx_word' id='word_1_309' title='bbox 1521 4317 1653 4398; x_wconf 84' lang='lat' dir='ltr'><strong>anima</strong></span> <span class='ocrx_word' id='word_1_310' title='bbox 1694 4319 1824 4401; x_wconf 90' lang='lat' dir='ltr'><strong>silicet</strong></span> <span class='ocrx_word' id='word_1_311' title='bbox 1863 4340 2003 4404; x_wconf 89' lang='lat' dir='ltr'><strong>nostra</strong></span> <span class='ocrx_word' id='word_1_312' title='bbox 2030 4329 2078 4406; x_wconf 81' lang='lat' dir='ltr'><strong>8r</strong></span> 
     </span>
     <span class='ocr_line' id='line_1_33' title="bbox 232 4420 2079 4540; baseline 0.006 -33"><span class='ocrx_word' id='word_1_313' title='bbox 232 4469 236 4478; x_wconf 88' lang='lat'>·</span> <span class='ocrx_word' id='word_1_314' title='bbox 271 4440 488 4540; x_wconf 90' lang='lat' dir='ltr'><strong>parentum</strong></span> <span class='ocrx_word' id='word_1_315' title='bbox 528 4435 779 4517; x_wconf 89' lang='lat' dir='ltr'><strong>nostrorum,</strong></span> <span class='ocrx_word' id='word_1_316' title='bbox 823 4447 899 4528; x_wconf 86' lang='lat' dir='ltr'><strong>pro</strong></span> <span class='ocrx_word' id='word_1_317' title='bbox 938 4420 1071 4501; x_wconf 89' lang='lat' dir='ltr'><strong>anima</strong></span> <span class='ocrx_word' id='word_1_318' title='bbox 1112 4424 1235 4503; x_wconf 88' lang='lat' dir='ltr'><strong>eciam</strong></span> <span class='ocrx_word' id='word_1_319' title='bbox 1261 4423 1433 4532; x_wconf 71' lang='lat' dir='ltr'><strong>‘gilldgu</strong></span> <span class='ocrx_word' id='word_1_320' title='bbox 1468 4422 1519 4506; x_wconf 91' lang='lat' dir='ltr'><strong>de</strong></span> <span class='ocrx_word' id='word_1_321' title='bbox 1554 4427 1715 4538; x_wconf 85' lang='lat' dir='ltr'><strong>kragsta</strong></span> <span class='ocrx_word' id='word_1_322' title='bbox 1752 4436 1792 4511; x_wconf 88' lang='lat'>&amp;</span> <span class='ocrx_word' id='word_1_323' title='bbox 1819 4435 1999 4514; x_wconf 89' lang='lat' dir='ltr'><strong>omnium</strong></span> <span class='ocrx_word' id='word_1_324' title='bbox 2028 4437 2079 4519; x_wconf 88' lang='lat' dir='ltr'><strong>in</strong></span> 
     </span>
     <span class='ocr_line' id='line_1_34' title="bbox 269 4529 2076 4653; baseline 0.004 -33"><span class='ocrx_word' id='word_1_325' title='bbox 269 4537 482 4638; x_wconf 63' lang='lat' dir='ltr'><strong>cimiterio</strong></span> <span class='ocrx_word' id='word_1_326' title='bbox 510 4529 617 4614; x_wconf 89' lang='lat' dir='ltr'><strong>dicte</strong></span> <span class='ocrx_word' id='word_1_327' title='bbox 644 4533 809 4614; x_wconf 90' lang='lat' dir='ltr'><strong>ecclesie</strong></span> <span class='ocrx_word' id='word_1_328' title='bbox 838 4532 1102 4640; x_wconf 83' lang='lat' dir='ltr'><strong>sepultorum.</strong></span> <span class='ocrx_word' id='word_1_329' title='bbox 1159 4529 1223 4615; x_wconf 83' lang='lat' dir='ltr'><strong>ad</strong></span> <span class='ocrx_word' id='word_1_330' title='bbox 1250 4539 1589 4620; x_wconf 89' lang='lat' dir='ltr'><strong>sustentacionem</strong></span> <span class='ocrx_word' id='word_1_331' title='bbox 1618 4569 1717 4623; x_wconf 89' lang='lat' dir='ltr'><strong>vero</strong></span> <span class='ocrx_word' id='word_1_332' title='bbox 1744 4544 1885 4653; x_wconf 72' lang='lat' dir='ltr'><strong>uicarij</strong></span> <span class='ocrx_word' id='word_1_333' title='bbox 1923 4574 2076 4628; x_wconf 88' lang='lat' dir='ltr'><strong>memo-</strong></span> 
     </span>
     <span class='ocr_line' id='line_1_35' title="bbox 269 4643 2078 4761; baseline 0.004 -29"><span class='ocrx_word' id='word_1_334' title='bbox 269 4647 362 4756; x_wconf 85' lang='lat' dir='ltr'><strong>ratj,</strong></span> <span class='ocrx_word' id='word_1_335' title='bbox 390 4647 636 4755; x_wconf 84' lang='lat' dir='ltr'><strong>assignamus</strong></span> <span class='ocrx_word' id='word_1_336' title='bbox 664 4643 768 4724; x_wconf 87' lang='grc' dir='ltr'><strong>.ΧΙΙ.</strong></span> <span class='ocrx_word' id='word_1_337' title='bbox 798 4671 890 4723; x_wconf 89' lang='lat' dir='ltr'><strong>oras</strong></span> <span class='ocrx_word' id='word_1_338' title='bbox 918 4664 1025 4727; x_wconf 92' lang='lat' dir='ltr'><strong>terre</strong></span> <span class='ocrx_word' id='word_1_339' title='bbox 1054 4645 1098 4724; x_wconf 91' lang='lat' dir='ltr'><strong>in</strong></span> <span class='ocrx_word' id='word_1_340' title='bbox 1133 4643 1214 4726; x_wconf 87' lang='lat' dir='ltr'><strong>hoa</strong></span> <span class='ocrx_word' id='word_1_341' title='bbox 1250 4647 1466 4752; x_wconf 89' lang='lat' dir='ltr'><strong>parrochie</strong></span> <span class='ocrx_word' id='word_1_342' title='bbox 1499 4650 1719 4761; x_wconf 84' lang='lat' dir='ltr'><strong>othinsaerg</strong></span> <span class='ocrx_word' id='word_1_343' title='bbox 1756 4683 1849 4737; x_wconf 90' lang='lat' dir='ltr'><strong>cum</strong></span> <span class='ocrx_word' id='word_1_344' title='bbox 1884 4659 2078 4742; x_wconf 86' lang='lat' dir='ltr'><strong>omnibus</strong></span> 
     </span>
     <span class='ocr_line' id='line_1_36' title="bbox 269 4753 2076 4866; baseline 0.006 -22"><span class='ocrx_word' id='word_1_345' title='bbox 269 4757 438 4866; x_wconf 86' lang='lat' dir='ltr'><strong>edificijs</strong></span> <span class='ocrx_word' id='word_1_346' title='bbox 467 4753 627 4852; x_wconf 84' lang='lat' dir='ltr'><strong>ibidem,</strong></span> <span class='ocrx_word' id='word_1_347' title='bbox 655 4761 696 4835; x_wconf 83' lang='lat'>&amp;</span> <span class='ocrx_word' id='word_1_348' title='bbox 724 4755 955 4838; x_wconf 88' lang='lat' dir='ltr'><strong>molendina</strong></span> <span class='ocrx_word' id='word_1_349' title='bbox 982 4775 1122 4838; x_wconf 89' lang='lat' dir='ltr'><strong>nostra</strong></span> <span class='ocrx_word' id='word_1_350' title='bbox 1151 4759 1195 4838; x_wconf 94' lang='lat' dir='ltr'><strong>in</strong></span> <span class='ocrx_word' id='word_1_351' title='bbox 1229 4773 1333 4851; x_wconf 73' lang='lat' dir='ltr'><strong>nutet</strong></span> <span class='ocrx_word' id='word_1_352' title='bbox 1366 4760 1409 4840; x_wconf 90' lang='lat' dir='ltr'><strong>in</strong></span> <span class='ocrx_word' id='word_1_353' title='bbox 1446 4760 1629 4861; x_wconf 88' lang='lat' dir='ltr'><strong>olandia,</strong></span> <span class='ocrx_word' id='word_1_354' title='bbox 1665 4793 1759 4846; x_wconf 90' lang='lat' dir='ltr'><strong>cum</strong></span> <span class='ocrx_word' id='word_1_355' title='bbox 1792 4765 1952 4850; x_wconf 88' lang='lat' dir='ltr'><strong>duabus</strong></span> <span class='ocrx_word' id='word_1_356' title='bbox 1989 4774 2076 4854; x_wconf 86' lang='lat' dir='ltr'><strong>oris</strong></span> 
     </span>
     <span class='ocr_line' id='line_1_37' title="bbox 270 4865 2075 4980; baseline 0.003 -26"><span class='ocrx_word' id='word_1_357' title='bbox 270 4892 379 4956; x_wconf 91' lang='lat' dir='ltr'><strong>terre</strong></span> <span class='ocrx_word' id='word_1_358' title='bbox 408 4865 558 4950; x_wconf 92' lang='lat' dir='ltr'><strong>ibidem</strong></span> <span class='ocrx_word' id='word_1_359' title='bbox 584 4867 766 4952; x_wconf 91' lang='lat' dir='ltr'><strong>volentes</strong></span> <span class='ocrx_word' id='word_1_360' title='bbox 794 4870 960 4978; x_wconf 89' lang='lat' dir='ltr'><strong>insuper</strong></span> <span class='ocrx_word' id='word_1_361' title='bbox 985 4865 1110 4980; x_wconf 78' lang='lat' dir='ltr'><strong>&#39;quod</strong></span> <span class='ocrx_word' id='word_1_362' title='bbox 1145 4868 1196 4951; x_wconf 93' lang='lat' dir='ltr'><strong>de</strong></span> <span class='ocrx_word' id='word_1_363' title='bbox 1231 4867 1348 4952; x_wconf 89' lang='lat' dir='ltr'><strong>bonis</strong></span> <span class='ocrx_word' id='word_1_364' title='bbox 1381 4875 1529 4955; x_wconf 91' lang='lat' dir='ltr'><strong>nostris</strong></span> <span class='ocrx_word' id='word_1_365' title='bbox 1565 4875 1695 4958; x_wconf 90' lang='lat' dir='ltr'><strong>eidem</strong></span> <span class='ocrx_word' id='word_1_366' title='bbox 1731 4880 1882 4960; x_wconf 87' lang='lat' dir='ltr'><strong>vicarie</strong></span> <span class='ocrx_word' id='word_1_367' title='bbox 1917 4877 2075 4961; x_wconf 89' lang='lat' dir='ltr'><strong>addan-</strong></span> 
     </span>
     <span class='ocr_line' id='line_1_38' title="bbox 271 4977 2073 5095; baseline 0.005 -27"><span class='ocrx_word' id='word_1_368' title='bbox 271 5001 341 5068; x_wconf 90' lang='lat' dir='ltr'><strong>tur</strong></span> <span class='ocrx_word' id='word_1_369' title='bbox 367 4997 545 5095; x_wconf 89' lang='lat' dir='ltr'><strong>quatuor</strong></span> <span class='ocrx_word' id='word_1_370' title='bbox 571 4981 761 5066; x_wconf 68' lang='lat' dir='ltr'><strong>iumenta,</strong></span> <span class='ocrx_word' id='word_1_371' title='bbox 788 4977 873 5062; x_wconf 90' lang='lat' dir='ltr'><strong>duo</strong></span> <span class='ocrx_word' id='word_1_372' title='bbox 900 4979 1008 5091; x_wconf 85' lang='lat' dir='ltr'><strong>equj.</strong></span> <span class='ocrx_word' id='word_1_373' title='bbox 1039 4980 1123 5064; x_wconf 92' lang='lat' dir='ltr'><strong>duo</strong></span> <span class='ocrx_word' id='word_1_374' title='bbox 1150 4978 1296 5091; x_wconf 87' lang='lat' dir='ltr'><strong>domitj</strong></span> <span class='ocrx_word' id='word_1_375' title='bbox 1324 4982 1450 5067; x_wconf 89' lang='lat' dir='ltr'><strong>boues</strong></span> <span class='ocrx_word' id='word_1_376' title='bbox 1478 4987 1601 5070; x_wconf 86' lang='lat' dir='ltr'>.v111.</span> <span class='ocrx_word' id='word_1_377' title='bbox 1637 5003 1760 5076; x_wconf 84' lang='lat' dir='ltr'><strong>uacce</strong></span> <span class='ocrx_word' id='word_1_378' title='bbox 1795 4988 1935 5077; x_wconf 76' lang='lat' dir='ltr'><strong>XXX.</strong></span> <span class='ocrx_word' id='word_1_379' title='bbox 1972 5018 2073 5077; x_wconf 84' lang='lat' dir='ltr'><strong>oues</strong></span> 
     </span>
    </p>
   </div>
   <div class='ocr_carea' id='block_1_15' title="bbox 0 0 2169 5972">
    <p class='ocr_par' dir='ltr' id='par_1_16' title="bbox 0 0 2169 5972">
     <span class='ocr_line' id='line_1_39' title="bbox 0 0 2169 5972; baseline 0 0"><span class='ocrx_word' id='word_1_380' title='bbox 0 0 2169 5972; x_wconf 95' lang='lat' dir='ltr'><strong> </strong></span> 
     </span>
    </p>
   </div>
  </div>
 </body>
</html>
