4317 5975
1577 354 1628 386 ff«

965 416 1040 443 *·-·
1135 376 1231 465 ·.6ιο
1321 416 1400 441 ·-··
1500 390 1573 437 ·‘

257 704 261 711 ¹
291 606 361 687 lici
386 600 574 686 videlicet
601 596 798 711 principis
827 596 979 679 domim
1008 594 1193 703 Birgheri
1219 594 1285 678 dei
1312 595 1447 707 gracia
1474 593 1595 702 regis
1612 602 1882 683 sweomm'ae
1904 634 2029 697 semri·

141 722 152 741 “
289 716 433 799 bilium
462 732 622 826 patrvm
653 712 778 793 felicis
813 708 1110 791 recordacionis
1146 706 1401 790 dominorum
1445 704 1634 787 Nieholai
1676 708 1871 819 quondam
1904 720 2031 807 Archin-

287 829 449 937 piseopi
479 825 718 935 rpsalensis,
747 849 822 903 nec
851 849 932 902 non
961 820 1178 930 Laureneij
1207 820 1400 931 Episcopi
1426 834 1469 901 et
1497 818 1674 927 Capituli
1701 822 1940 931 lincopeusis,
1963 860 2032 941 pm.

289 958 483 1023 testamur
511 964 585 1016 nos
614 933 756 1017 vidisse
784 932 938 1015 litteras
959 960 1042 1014 nou
1071 957 1179 1015 rasas
1207 956 1289 1011 non
1317 930 1557 1012 cancellatas
1573 958 1647 1012 nec
1662 934 1702 1013 iu
1716 932 1845 1044 aliqua
1870 940 1924 1018 sui
1946 962 2033 1049 parte

173 1112 178 1125 .
235 1059 238 1066 '
288 1051 475 1145 vicians,
504 1074 604 1157 quas
632 1045 846 1152 diiigenter
874 1046 1121 1153 inspeximus
1147 1040 1197 1124 de
1225 1042 1352 1124 verbo
1380 1038 1431 1123 ad
1462 1040 1629 1123 verbum
1661 1042 1817 1125 Teuore
1849 1050 1911 1155 qui
1934 1059 2033 1165 sequi.

287 1178 358 1241 tur
386 1160 654 1253 continentes,
683 1158 893 1236 Vniuersis
922 1163 994 1237 &a
1036 1154 1088 1235 Se
1104 1156 1365 1262 sdregciende
1393 1154 1474 1235 Nm
1508 1155 1688 1236 1316111
1718 1156 1835 1235 huius
1866 1160 1970 1265 igitur
1991 1166 2035 1248 in·

288 1271 513 1381 speceionis
540 1288 677 1350 nostre
705 1267 978 1350 testimouium
1007 1265 1183 1375 sigillum
1219 1261 1403 1347 uos'trum
1422 1266 1689 1457 presentibus
1729 1264 1907 1349 duximus
1940 1298 2035 1383 appu

287 1380 469 1464 neudum
517 1382 664 1461 Datum
694 1378 946 1464 Swausholm
976 1406 1087 1467 anno
1114 1374 1266 1459 domini
1295 1378 1355 1459 M⁰
1387 1374 1420 1456 C
1457 1377 1507 1459 C·
1539 1378 1638 1476 Vll,
1680 1374 1726 1485 jn
1753 1380 1919 1459 crastino
1942 1388 2038 1465 sancti

134 1516 171 1535 ‘¹
285 1492 480 1602 Maurici}
1556 1558 1558 1563 ,
1694 1522 1698 1529 ·
1819 1494 1827 1499 ’
1909 1534 1914 1537 ·

896 1596 1019 1681 sigillet
1043 1596 1225 1676 bortiallet‚
1250 1616 1370 1661 ramsan
1392 1616 1479 1681 qrnr.

177 2019 181 2028 ’
297 1981 516 2119 1'5'60.⁴
727 2134 731 2141 Ι
909 1992 1276 2137 13o7d.3o
1320 1992 1460 2143 Sept.

367 2214 487 2279 Pdsveu
509 2214 646 2277 Cusum
666 2210 723 2275 Vas
745 2212 852 2290 Bulla,
875 2214 1139 2299 med'beiallniug
1161 2215 1207 2277 till
1240 2212 1469 2299 driebiskopen
1490 2217 1500 2276 i
1521 2214 1639 2301 Upsala
1669 2214 1730 2279 och
1762 2216 1839 2280 bans
1867 2218 2039 2305 Lydbislopar
2100 2217 2102 2226 '

418 2308 465 2361 att
487 2316 597 2377 genum
620 2296 839 2381 predihningar
862 2296 924 2359 och
946 2296 1032 2361 adata
1054 2296 1259 2360 meddelaude
1290 2318 1448 2381 uppmaua
1482 2298 1579 2361 solbet
1601 2298 1649 2361 till
1672 2300 1857 2383 deltagande
1876 2304 1886 2364 i
1904 2302 1950 2364 det
1967 2304 2041 2366 besla-

323 2446 329 2454 ,
417 2381 489 2445 tede
510 2380 644 2461 neserga
667 2379 822 2498 boettiget
844 2392 912 2455 mot
939 2381 1104 2451 tumme
1122 2382 1205 2500 ,ena
1227 2391 1273 2449 att
1295 2380 1367 2445 med
1389 2382 1498 2479 pistor
1519 2382 1716 2467 uudemttdje
1736 2384 1800 2450 det.
1831 2466 1865 2523 A·
1884 2484 1904 2523 ι.
1918 2468 1943 2521 bt

393 2598 582 2678 Genusus
609 2597 823 2707 episcopus
851 2624 994 2679 seruus
1021 2604 1232 2681 seruorum
1259 2594 1325 2679 dei
1356 2598 1664 2683 Uenerabilibus
1705 2599 1898 2686 fratribus
1923 2659 1932 2682 .
1956 2659 1965 2681 .
1988 2605 2039 2681 Ar·

279 2709 542 2820 ‚cbi'ep'iscopo
570 2708 769 2817 upsalensi
798 2710 965 2821 eiusque
991 2708 1257 2817 suffraganeis
1279 2708 1456 2792 Salutem
1478 2728 1520 2791 et
1541 2712 1807 2823 apostolicam
1837 2710 2041 2797 benedictio

281 2848 387 2905 nem.
419 2820 730 2926 insurgentibus
746 2836 887 2901 contra
908 2821 1026 2904 fidem
1053 2820 1289 2903 catholicam
1317 2838 1359 2903 et
1387 2823 1621 2932 religionem
1649 2827 1901 2935 extinguere
1915 2824 2041 2906 molien-

139 2995 146 3012 .
281 2932 393 3014 tibus
419 2932 753 3037 christianam'ea
781 2933 935 3014 uirtute
962 2932 1112 3044 illaque
1141 2934 1365 3016 oonstantia
1391 2951 1450 3016 est
1475 2964 1499 3016 a
1529 2935 1716 3020 fidelibus
1744 2934 1989 3020 resistendum
2011 2950 2041 3014 ut

280 3043 420 3127 fideles
449 3044 589 3125 christi
604 3042 710 3125 ndei
737 3044 969 3127 orthodoxe
996 3046 1142 3127 ardore
1163 3047 1344 3128 succensi
1368 3049 1670 3159 uirtutibusque
1686 3076 1762 3158 pro
1780 3077 1896 3160 posse
1909 3045 2041 3130 succinti

280 3153 560 3238 detestandum
590 3155 751 3236 illorum
794 3157 1049 3264 propositum
1087 3157 1210 3238 obice
1252 3161 1455 3240 contrarie
1497 3160 1735 3242 intentionis
1781 3159 1995 3270 impendant
2015 3172 2041 3238 et

279 3267 441 3347 roboris
469 3269 728 3376 oppositione
755 3284 926 3348 conatus
953 3269 1115 3378 iniquos
1156 3267 1401 3377 prohibeant
1429 3269 1649 3352 eorundem
1685 3274 1829 3384 sicque
1862 3272 1989 3352 mentis
2015 3284 2042 3346 et

279 3379 463 3486 corporis
491 3395 693 3458 armatura
724 3381 880 3486 muniti,
908 3407 956 3462 ac
983 3376 1124 3459 directi
1166 3378 1317 3460 lumine
1346 3379 1438 3464 fidei
1467 3380 1719 3489 insurgentes
1760 3380 1920 3466 eosdem
1955 3378 2041 3488 spiri·

134 3588 137 3595 Ι
203 3503 214 3522 ’
275 3483 383 3569 ’ῑιιαΙὶ
411 3505 594 3570 carentes
633 3491 852 3571 munimine
879 3506 921 3570 et
949 3487 1194 3571 infidelitatis
1238 3491 1415 3572 tenebris
1448 3491 1658 3574 obsecutos
1687 3492 1767 3576 deo
1803 3497 1868 3576 cui
1909 3492 2042 3573 militant

277 3601 376 3708 ipsis
388 3603 597 3682 assistente
613 3617 886 3710 prosternant.
916 3600 1020 3682 Saue
1034 3597 1269 3683 iamdudum
1285 3617 1326 3684 et
1342 3630 1473 3712 nuper
1486 3606 1606 3685 etiam
1623 3623 1746 3714 prout
1762 3605 1959 3688 euidentia
1971 3598 2043 3680 lacti

277 3739 358 3820 pro
386 3710 506 3815 dolor
534 3731 674 3793 uotum
702 3711 837 3794 reddit
865 3738 949 3794 non
976 3713 1063 3793 siue
1091 3712 1359 3794 amaritudine
1384 3717 1771 3825 mentisaocepimus
1797 3716 1909 3828 quod
1935 3727 2042 3824 gentes

277 3822 441 3904 illorum
470 3822 692 3905 infidelium
721 3849 1078 3933 paganorumque
1107 3824 1265 3932 uulgari
1294 3825 1433 3935 lingua
1462 3825 1617 3910 Turchi
1655 3846 1856 3908 uocantur
1895 3827 2042 3907 sicienter

276 3936 513 4041 sanguinem
557 3933 701 4045 populi
739 3935 945 4017 christiani
973 3953 1014 4016 et
1054 3934 1105 4016 ad
1147 3939 1436 4018 extinctionem
1477 3936 1674 4019 catholice
1723 3938 1820 4020 fidei
1849 3935 2043 4020 bauelautes

275 4046 456 4155 collectis
483 4073 555 4126 sue
582 4047 739 4126 uiribus
768 4047 943 4128 nationis
971 4074 994 4124 a
1022 4047 1143 4127 certis
1170 4064 1281 4128 retro
1309 4050 1554 4131 continuatis
1594 4049 1847 4158 temporibus
1876 4077 1959 4130 curn
1982 4069 2042 4123 ua·

155 4228 160 4238 ,
274 4158 381 4238 xima
410 4157 637 4267 quantitate
666 4156 870 4263 lignorum
899 4150 1106 4256 usualium
1135 4175 1380 4241 armatorum
1410 4161 1453 4240 in
1481 4159 1669 4271 partibus
1697 4161 1890 4245 Romanis
1917 4176 1953 4240 et
1976 4151 2043 4264 alijs
2090 4218 2091 4226 a

273 4267 372 4350 locis
402 4267 579 4349 bdelium
609 4268 833 4348 conuicinis
854 4264 1001 4348 eisdem
1028 4267 1338 4362 chi-istianorum
1356 4272 1455 4352 lines
1469 4298 1542 4378 per
1575 4297 1683 4352 mare
1701 4271 1870 4354 fuerunt
1897 4267 2042 4378 ingressi,

274 4397 316 4460 et
343 4383 385 4461 in
414 4381 650 4474 christianos
678 4393 719 4458 et
749 4377 834 4458 loca
864 4406 911 4459 ac
954 4379 1104 4464 insulas
1143 4381 1361 4491 eorundem
1399 4382 1589 4474 atrociter
1630 4383 1833 4466 seuientes
1861 4412 1929 4492 per
1958 4401 2041 4460 mare

273 4488 552 4573 discurrerunt
581 4489 774 4576 hactenus
802 4508 844 4570 et
870 4488 1099 4579 discurrere
1127 4518 1210 4574 uon
1236 4491 1435 4582 desistunt
1464 4491 1796 4602 dampuilicantes
1825 4511 1866 4576 et
1889 4492 2040 4600 depopu-

262 4601 401 4682 lantes
430 4600 518 4687 loca
548 4619 589 4683 et
618 4599 768 4681 insulas
794 4602 1102 4683 christianorum
1120 4605 1293 4710 partium
1318 4602 1536 4685 earundem
1566 4607 1752 4716 ipsasque
1781 4604 1963 4686 incendio
1986 4597 2040 4678 ui·

271 4711 435 4806 serabili
461 4729 735 4824 supponentes
762 4712 803 4793 e't
828 4711 942 4824 quod
966 4712 1185 4814 nefandius
1213 4729 1274 4794 est
1300 4715 1540 4796 christianos
1568 4714 1727 4798 eosdem
1744 4718 1787 4797 in
1805 4716 1963 4826 predam
1987 4707 2039 4789 ab

271 4823 427 4906 ducunt
453 4839 495 4903 et
521 4821 726 4932 subiciunt
753 4823 941 4930 horribili
968 4850 1017 4928 ac
1045 4841 1241 4938 perpetue
1271 4829 1470 4928 seruituti,
1502 4824 1723 4928 uendentes
1750 4841 1821 4909 eo‘s
1849 4841 1893 4906 ut
1919 4824 2040 4905 auima-

178 4976 182 4982 ·
266 4929 322 5020 lia
351 4939 543 5050 ipsosque
569 4938 621 5020 ad
650 4918 932 5046 abiegandum
947 4935 1080 5021 'fidem
1123 4930 1362 5022 catholicam
1389 4937 1693 5052 compellentes,
1734 4935 1927 5062 quodque
1952 4927 2038 5018 insti·
