4317 5975
957 358 1374 487 ..¹250-

263 601 521 681 aentaneum,
564 594 608 663 vt
650 572 880 689 diligentem
916 606 958 659 sc
991 579 1170 693 ¹quisque
1210 573 1373 687 diligat,
1418 594 1459 669 et
1500 577 1685 687 beneficii
1726 583 1881 689 accepti
1915 586 2037 678 imme.

261 727 350 779 rnor
380 720 634 805 nequaquam
676 692 838 785 existat,
881 687 1042 771 idcirco
1081 690 1157 768 bac
1187 685 1373 768 inductus
1409 690 1737 771 consideracione
1771 692 2038 783 beneficiorum

260 826 383 918 utque
412 806 690 898 dileccionum,
721 801 839 885 unctu
870 829 943 910 per
972 800 1224 887 uenerabiles
1246 818 1400 906 patres,
1427 802 1650 910 vpsaleusis
1677 800 1842 885 ccclesia
1870 807 2040 893 videlicet

260 919 454 1029 prelatos,
483 932 523 995 a‘
534 916 746 995 retroactis
773 914 1045 1021 temporibus,
1075 910 1272 992 beneuole
1300 909 1446 1009 iactos,
1474 915 1671 993 inmemor
1697 940 1782 995 esse
1816 914 1953 998 nolens
1973 920 2040 1001 Te·

260 1058 361 1115 nore
390 1026 639 1139 presencium
668 1022 719 1104 ad
748 1023 938 1103 noticiam
969 1024 1149 1102 omnium
1193 1022 1286 1102 volo
1326 1021 1539 1121 deuenire,
1582 1024 1694 1137 quod
1736 1026 1792 1105 oh
1836 1027 2042 1111 remedium

261 1143 393 1221 anime
420 1164 506 1217 mee
534 1152 832 1246 parentumque
862 1162 1062 1231 meorum,
1096 1160 1146 1213 ex
1180 1158 1377 1213 consensu
1408 1152 1449 1216 et
1476 1134 1685 1217 voluntate
1714 1159 1922 1244 expressa,
1955 1140 2044 1232 dile·

259 1256 315 1335 cti
345 1251 480 1339 fratris
509 1249 606 1355 mej,
645 1245 808 1327 Domini
846 1244 1001 1352 Birgeri
1031 1244 1187 1351 legiferi
1222 1242 1481 1352 vplandensis
1516 1247 1680 1329 Curiam
1724 1274 1850 1326 meam
1878 1249 2043 1331 Hambra
2126 1295 2131 1311 „

259 1368 326 1447 cui
362 1359 575 1443 duodecim
617 1386 688 1439 ore
730 1374 837 1440 terre
879 1356 1109 1451 subiacent,
1149 1353 1370 1437 secundum
1408 1361 1755 1467 computacionem
1791 1356 1983 1467 wlgarem
2010 1374 2046 1441 et

259 1474 432 1559 sedecim
463 1468 613 1551 solidos
645 1484 752 1548 terre
782 1470 823 1547 in
855 1466 948 1548 villa
979 1464 1246 1564 AEluerstum,
1276 1468 1468 1576 parochie
1497 1466 1690 1550 botuidbe
1720 1466 1878 1567 lrirlsiu,
1908 1470 2045 1569 dioce-

258 1574 313 1671 sis
342 1580 653 1689 strengienensis
681 1582 845 1673 situata,
878 1607 968 1659 cum
999 1578 1126 1687 agris,
1156 1579 1304 1689 pratis,
1331 1578 1444 1661 siluis
1487 1600 1526 1661 et
1550 1591 1553 1595 ’
1569 1581 1772 1691 piscarijs,
1802 1595 1844 1659 et
1873 1582 2046 1662 omnibus

258 1698 348 1811 alijs
383 1692 599 1781 mobilibus
627 1708 667 1771 et
698 1690 960 1771 inmobilibus
996 1690 1132 1788 honis,
1171 1690 1220 1771 ad
1261 1688 1326 1769 illa
1356 1690 1701 1803 qualitercumque
1743 1694 2046 1801 pertinentibus,

257 1807 400 1891 Titulo
428 1804 665 1885 donacionis
694 1802 798 1883 inter
827 1804 943 1883 vinos
973 1800 1097 1898 facte,
1131 1799 1206 1897 do,
1234 1799 1419 1891 consero,
1456 1817 1496 1882 et
1525 1804 1703 1913 assign0,
1748 1802 1912 1885 ecclesie
1939 1832 2046 1912 vpsa·

259 1922 379 2018 lensi,
423 1920 520 1996 Jure
565 1930 763 2027 perpetuo
793 1910 1054 2023 possidenda,
1093 1916 1164 1995 lus
1208 1939 1353 2009 omne,
1382 1916 1690 2023 proprietatem,
1734 1912 1974 2011 dominium,
2012 1930 2047 1994 et

259 2030 546 2145 possessionem
577 2026 696 2117 michi
725 2028 766 2105 in
796 2022 978 2134 predicta
1007 2025 1129 2104 Curia
1160 2024 1359 2119 Hambra,
1391 2024 1613 2137 predioque
1641 2024 1891 2105 AEluerstum
1918 2054 2047 2133 supra·

259 2145 401 2239 dictis,
430 2168 477 2219 ac
506 2136 593 2245 alijs
621 2137 809 2219 omnibus
837 2152 877 2215 et
900 2136 1089 2244 singulis,
1118 2136 1160 2215 in
1188 2132 1338 2216 eisdem
1367 2135 1485 2216 bonis
1515 2163 1640 2247 vsque
1669 2136 1722 2216 ad
1761 2136 1838 2219 bec
1866 2136 2046 2247 qualiter-

259 2280 431 2365 cumque
460 2246 744 2346 attinentibus,
775 2250 815 2328 in
853 2247 1057 2327 ecclesiam
1087 2246 1335 2354 upsalensem
1366 2274 1526 2329 exnunc
1554 2247 1820 2345 transferens,
1858 2264 1898 2327 et
1928 2264 2047 2329 trans·

173 2460 177 2467 ¹
259 2370 340 2449 lata
385 2390 468 2443 esse
497 2358 745 2440 denuncians
789 2386 861 2469 per
897 2376 1120 2468 presentes,
1159 2358 1251 2461 Que
1280 2358 1414 2437 omnia
1445 2362 1488 2440 in
1517 2360 1701 2440 manibus
1730 2357 1958 2443 Reuerendi
1985 2384 2048 2467 pa·

258 2480 332 2559 tris
368 2472 520 2571 domini
548 2470 627 2551 Mei
649 2468 805 2551 Nicolai
834 2469 901 2576 dej
931 2470 1086 2577 gracia,
1116 2469 1291 2549 eiusdem
1330 2469 1494 2550 ecclesie
1537 2470 1853 2579 archiepiscopi,
1897 2494 2047 2581 presen-

259 2589 370 2673 tibus
398 2582 546 2665 dilecto
576 2582 700 2661 fratrc
731 2608 818 2663 meo
848 2578 1050 2691 predicte,
1081 2576 1245 2661 ‹lomino
1274 2580 1441 2689 Birgero
1469 2580 1656 2689 legifero,
1703 2585 1764 2662 Ac
1800 2580 1891 2689 alijs
1918 2606 2049 2689 quam·

259 2696 448 2810 pluribus
476 2691 679 2787 discretis,
708 2691 834 2773 libere
868 2688 999 2773 dimisi
1015 2706 1056 2769 et
1072 2690 1199 2771 eidem
1218 2692 1379 2772 nomine
1399 2691 1565 2773 ecclesie
1586 2692 1808 2801 upsalensis
1832 2692 1954 2801 pleno
1975 2691 2049 2769 'ure

258 2808 479 2919 assignaui,
509 2807 560 2885 Jn
589 2802 709 2882 huius
731 2823 862 2883 autem
887 2830 971 2883 mee
995 2802 1233 2882 donacionis
1261 2801 1501 2883 dimissionis
1522 2820 1563 2885 et
1584 2804 1868 2911 assignacionis
1896 2720 2048 2895 euidens

258 2933 371 3007 ciam.
428 2916 720 3026 Memoratique
748 2912 883 2995 fratris
920 2912 997 3022 mej
1033 2912 1188 2996 domini
1224 2914 1378 3023 Birgeri
1415 2914 1589 3022 legiferi,
1611 2977 1613 2982 .
1637 2918 1814 3025 expressi
1845 2936 2049 2997 consensus

258 3031 531 3118 testimonium
569 3055 646 3106 vna
683 3054 773 3106 curn
802 3025 934 3134 sigillo
963 3052 1071 3120 mec,
1113 3024 1289 3134 sigillum
1333 3027 1459 3134 ipsius
1510 3026 1763 3134 presentibus
1798 3044 1865 3108 est
1907 3051 2048 3136 appen-

258 3175 366 3242 sum,
409 3145 552 3225 Actum
582 3134 693 3246 apud
728 3138 933 3220 ecclesiam
962 3130 1120 3230 Bredb,
1161 3163 1271 3217 anno
1313 3134 1464 3217 domini
1503 3137 1723 3220 Millesimo.
1770 3132 2046 3221 ducentesimo.

259 3254 550 3363 Nonagesimo,
575 3249 755 3348 Octauo,
782 3247 962 3330 Sabbato
990 3264 1083 3326 ante
1112 3246 1364 3327 Dominicam
1394 3249 1588 3356 passionis
1616 3251 1816 3358 proximo.

299 3413 429 3495 Sigillen
452 3409 548 3472 balva
572 3407 654 3471 sarit
676 3406 796 3471 msude
814 3407 855 3494 pa
878 3425 1013 3486 refotos,
1035 3403 1160 3495 klippta
1176 3423 1225 3469 ur
1242 3405 1385 3487 brelret3
1405 3405 1489 3472 tlon
1509 3419 1555 3472 ett
1566 3409 1723 3494 fragment
1734 3410 1770 3472 al
1778 3411 2012 3492 licostrqrar.

270 3777 438 3887 1223.
626 3785 632 3808 '
913 3741 1063 3918 1298
1110 3770 1159 3877 d.
1208 3809 1278 3918 27
1326 3773 1475 3882 Mars.
1906 3776 2051 3880 Arno.
2114 3699 2117 3703 ἵ

338 4003 437 4066 Joaas
459 3993 594 4070 Euoras,
615 3993 713 4056 lours
735 3991 982 4056 lasciviamus
1000 3993 1062 4055 och
1083 3997 1215 4070 Meam
1236 3996 1447 4070 Grannum
1474 3993 1789 4059 diversoslommelse
1812 3995 1888 4060 med
1908 3995 2053 4076 ,irio-Bi·

377 4085 494 4165 slopen
517 4079 527 4138 i
549 4075 668 4161 Upselu
690 4076 824 4138 rb'rende
845 4075 1061 4158 fullgiirandet
1082 4077 1120 4138 af
1136 4077 1281 4141 Kanikcu
1302 4079 1377 4143 Carl
1399 4079 1603 4142 Erluudssons
1624 4087 1819 4143 summense.

1634 4226 1791 4298 &aab

389 4360 590 4446 Omnibus
613 4374 816 4469 presentes
846 4360 997 4441 litteras
1026 4362 1498 4470 inspecturislouaunas
1523 4363 1657 4445 dictus
1672 4367 1883 4461 Ancaeus,
1906 4369 2048 4445 Jonas·

257 4505 331 4563 uss
369 4497 664 4558 rnoruannsson
695 4471 833 4579 legiler
861 4471 1173 4553 sudbermannie
1200 4473 1457 4581 Responsalis
1484 4473 1664 4554 lullonis
1696 4479 1737 4554 &
1765 4475 2049 4558 Mnouuscnn·

257 4585 451 4672 oonrssou
480 4583 739 4692 Responsalis
767 4581 840 4662 filii
867 4585 928 4662 sni
973 4587 1096 4694 petri,
1138 4583 1307 4674 salutern
1341 4587 1388 4665 in·
1432 4585 1599 4676 domim
1640 4588 1936 4694 sempiternam.
1993 4589 2051 4670 Ad

256 4705 537 4784 uniuersorum
567 4695 756 4775 noticiam
786 4709 926 4776 tenore
957 4693 1209 4804 presencium
1238 4696 1422 4777 volumus
1449 4696 1640 4779 deuenire
1669 4695 1791 4802 Quod
1811 4727 1888 4779 nos
1912 4715 2053 4779 tracta·

256 4813 340 4894 turri
369 4807 419 4890 de
446 4805 703 4888 Testamento
731 4804 884 4888 domini
902 4805 1046 4890 Karoli
1075 4803 1322 4903 Erlendson,
1352 4807 1458 4889 bone
1488 4809 1679 4892 memorie
1707 4808 1905 4892 Canonici
1926 4839 2050 4922 quon·

257 4923 350 5006 darn
393 4917 556 5002 ecclesie
607 4918 846 5026 upsalensis,
897 4906 1184 5002 conuenientes
1217 4947 1309 5000 cum
1351 4921 1573 5002 venerabili
1624 4936 1738 5030 patre
1756 4921 1943 5024 ‚domino
1985 4921 2050 5002 Ni·
