4317 5975
771 412 885 498 9-
993 377 1077 462 ssa
1124 411 1127 418 ,
1181 349 1256 446 ;-’

19 682 23 690 ,
93 667 96 670 .
139 597 281 680 altaria
309 613 545 679 construere
573 596 847 706 promiserunt
871 623 966 680 cum
995 587 1387 684 tibris‘indumentis
1413 627 1461 682 ac
1495 604 1742 686 ornamentis
1776 625 1854 716 qve
1887 599 1941 686 ad
2075 701 2076 704 p
2116 613 2125 624 “

136 708 274 808 'eadem
301 710 585 817 reqviruutur;
616 711 657 790 in
685 734 859 818 qvornm
888 709 1073 820 qrolibet
1100 716 1212 796 ornni
1239 713 1438 796 sabbatho
1466 711 1665 796 debeata
1695 715 1870 824 virgine,
1898 719 1942 797 in

135 818 347 904 dominicis
381 818 433 900 de
468 836 622 903 sancta.
639 819 857 918 Trinitate,
876 883 879 889 ,
898 824 1101 930 precipuis
1119 853 1232 908 vero
1270 825 1558 908 festivitatibus
1595 824 1645 907 de
1681 827 1941 908 sollennitate

134 931 242 1015 illius
272 928 371 1026 diei,
412 933 556 1012 ceteris
591 945 727 1012 autem
761 931 906 1040 diebus
940 959 1016 1041 pro
1040 937 1262 1018 animabus
1295 937 1474 1045 ejusdem
1513 938 1677 1018 Domini
1706 937 1856 1048 Joseph
1894 966 1942 1020 ec

134 1046 315 1128 'omnium
344 1039 519 1124 fidelium
548 1039 834 1124 defunctorum
863 1046 979 1124 misse
1006 1071 1098 1126 eum
1134 1065 1232 1128 note
1266 1049 1521 1130 sollennitate
1555 1051 1822 1131 celebrentur.
1879 1048 1942 1131 Ita

135 1154 325 1237 videlicet
348 1152 463 1263 qvod
492 1151 600 1236 dicte
628 1154 745 1235 misse
771 1155 883 1235 omni
918 1153 984 1236 die
1024 1155 1219 1239 inchoare
1256 1154 1430 1241 debeant
1471 1163 1603 1241 statim
1648 1177 1741 1270 post
1782 1161 1941 1240 missam
2053 1221 2058 1232 .

136 1267 290 1350 linitam
318 1265 514 1348 debeata
545 1263 848 1374 virginejuxta
883 1267 1065 1350 chorum.
1121 1269 1258 1350 Unum
1288 1270 1393 1349 eninr
1429 1270 1554 1352 altare
1582 1275 1704 1354 trium
1735 1271 1940 1382 predicto·
2025 1335 2032 1344 .

136 1405 226 1460 rum
256 1376 387 1458 facere
413 1377 688 1484 promiserunt
723 1377 821 1457 dieti
856 1377 1054 1459 Consules
1090 1395 1132 1459 et
1166 1373 1292 1462 cives'
1310 1382 1351 1461 in
1386 1379 1550 1462 eeclesia
1587 1383 1694 1464 beati
1728 1383 1940 1468 Laurentii

135 1488 313 1591 Lundis,
355 1489 422 1570 cui
451 1511 528 1597 pro
555 1488 850 1569 sustentatione
886 1485 1114 1599 presbyteri
1142 1489 1321 1598 ejusdem
1355 1493 1511 1590 altaris,
1554 1497 1623 1602 qvi
1652 1521 1729 1603 pro
1757 1511 1940 1603 tempore

136 1603 278 1697 fuerit,
306 1618 470 1694 annuos
499 1597 653 1689 reditus
680 1600 845 1708 triginta
877 1603 1132 1680 marcharum
1161 1629 1358 1683 novarum
1387 1605 1637 1685 sennensium
1668 1606 1941 1716 promiserunt

135 1715 361 1822 assignare3
403 1709 627 1792 secundum
662 1730 761 1792 vero
789 1712 832 1803 in
860 1712 1023 1793 eeclesia
1053 1713 1162 1793 beati
1188 1713 1306 1819 Lucii
1336 1714 1558 1813 Rosltildis,
1600 1716 1650 1798 ed
1681 1715 1939 1826 quodetiam

132 1829 341 1935 *assignare
367 1822 616 1903 tenebuntur
650 1820 747 1903 dicti
772 1821 958 1904 eonsules
994 1839 1036 1904 et
1060 1825 1177 1926 ,cives
1211 1824 1367 1908 reditus
1402 1853 1561 1908 annuos
1594 1830 1799 1938 sexaginta
1835 1853 1939 1906 mar,-
1987 1843 1992 1856 ’
2048 1863 2050 1872 ’

136 1937 304 2020 charum
332 1931 657 2045 sjallandensiu'm
688 1961 765 2042 pro
792 1936 1085 2015 sustentatione
1116 1935 1344 2046 presbyteri
1362 1938 1413 2034 ‚in
1445 1937 1515 2018 illo
1545 1937 1662 2020 altari
1686 1937 1940 2019 celebrantis

135 2049 316 2130 Tertium
343 2064 479 2128 autem
514 2045 641 2127 altare
674 2045 718 2127 in
751 2044 917 2126 ecclesia
954 2045 1121 2127 fratrum
1158 2046 1470 2131 Praedieatorurn
1504 2049 1681 2148 Laudis,
1725 2050 1796 2130 ubi
1832 2047 1939 2132 idem
1973 2045 1975 2048 ’

134 2163 334 2242 Dominus
360 2157 511 2266 Josep'h
539 2157 771 2267 reqviescit,
813 2156 943 2238 faeere
971 2159 1239 2260 tenebuntur;
1270 2188 1347 2270 pro
1376 2189 1458 2271 qvo
1486 2160 1649 2271 qvidem
1680 2159 1798 2242 alteri
1826 2157 1939 2240 edili-

126 2270 266 2354 cando
294 2297 341 2350 ac
369 2287 571 2379 perpetuo
597 2265 838 2364 officiendo,
867 2287 912 2350 ut
939 2267 1165 2378 predictum
1186 2289 1264 2366 est,
1291 2273 1471 2380 ipsorum
1495 2271 1665 2352 fratrum
1689 2299 1812 2380 supra
1838 2268 1939 2352 dieti

136 2381 332 2465 Consules
345 2396 387 2460 et
400 2382 508 2462 cives
529 2380 756 2462 satisfacere
775 2380 1049 2488 promiserunt
1065 2381 1275 2464 voluntati.
1304 2384 1554 2464 Presentatio
1571 2411 1667 2464 vero
1682 2381 1938 2464 sacerdotum
1999 2455 2009 2464 .

135 2492 187 2577 ad
210 2492 292 2575 duo
305 2491 449 2586 altaria
466 2493 508 2575 in
529 2492 705 2573 eeclesiis
723 2488 1026 2573 cathedralibus
1038 2492 1283 2602 supradictis
1303 2492 1353 2573 nd
1370 2496 1587 2575 Dominum
1604 2498 1730 2576 luraes
1744 2493 1938 2601 blagnaes·

13 2619 18 2628 '
123 2615 233 2702 sun,
260 2604 507 2686 Canonicurn
525 2600 804 2697 Lundensem,
833 2604 876 2683 in
897 2605 979 2685 vita
1000 2632 1093 2702 sua,
1125 2603 1380 2712 postmodum
1403 2607 1544 2686 autem
1560 2604 1611 2686 ad
1634 2605 1798 2687 fratrem
1820 2629 1939 2685 suum

135 2715 481 2810 tunc'se'niorem',
522 2740 604 2825 qvo
638 2732 798 2797 mortuo
818 2713 885 2797 ad
918 2716 1228 2825 subseqventem
1266 2717 1428 2798 fratrem
1465 2718 1666 2824 pertineat
1699 2717 1937 2796 successive:
2019 2790 2020 2793 t

136 2831 283 2941 qvibvs
310 2827 444 2907 tribus
471 2826 642 2908 sublatis
669 2822 722 2905 de
749 2825 901 2924 medio,
930 2823 983 2906 ad
1011 2825 1206 2907 decanum
1236 2831 1361 2936 ipsius
1384 2829 1566 2926 ecclesie,
1596 2827 1666 2910 ubi
1691 2827 1816 2908 altare
1840 2853 1937 2907 con·

122 2955 333 3025 'structum
361 2955 442 3035 est,
482 2940 554 3050 qvi
580 2963 692 3019 nunc
718 2953 780 3018 est
808 2937 871 3019 vel
895 2939 966 3051 qvi
1001 2965 1078 3048 pro
1113 2957 1295 3048 tempore
1331 2939 1474 3038 fuerit,
1521 2941 1722 3049 pertineat
1758 2939 1938 3049 provisio

135 3050 388 3154 sacerdotum
418 3047 642 3133 adulteria
670 3046 913 3159 supradicta.
967 3051 1140 3157 Insuper
1170 3078 1387 3159 procurare
1414 3054 1687 3160 promiserunt
1709 3049 1813 3133 dieti¹
1828 3050 1937 3130 Gon·

137 3165 245 3247 sules
285 3183 337 3246 et¹
363 3163 471 3243 cives
512 3158 748 3245 Lundenses
781 3160 911 3243 eidem
955 3164 1130 3243 Domino
1172 3163 1319 3271 loseph
1362 3164 1712 3272 participationem
1755 3162 1936 3243 omnium

134 3278 337 3361 bonorum
365 3302 443 3385 qve
470 3273 575 3356 fiunt
601 3273 644 3353 in
671 3270 885 3353 ordinibus
913 3272 1083 3354 fratrum
1113 3274 1425 3356 Praedieaterum
1453 3293 1493 3356 et
1521 3274 1735 3355 Minorum.
1791 3276 1937 3354 Praete·

135 3414 205 3470 rea
230 3386 547 3485 anniversarium
574 3385 701 3493 ipsius
727 3385 890 3465 Domini
917 3384 1069 3493 loseph
1097 3400 1235 3465 tenere
1265 3386 1536 3495 promiserunt
1576 3383 1686 3496 apud
1723 3382 1937 3496 qvodlibet

135 3499 263 3581 altare
291 3498 414 3579 trium
442 3494 717 3606 predictorum
745 3497 973 3592 annuatim,
1000 3522 1092 3575 cnm
1121 3498 1267 3592 missis,
1294 3496 1460 3603 vigiliis,
1495 3497 1573 3577 XV
1604 3496 1820 3607 psalteriis,
1850 3493 1938 3575 bal·

117 3609 312 3717 dehine,
345 3624 522 3718 qvatuor
550 3609 697 3705 cercis,
732 3607 870 3705 thure,
905 3616 947 3687 et
973 3604 1145 3688 solle'nni
1174 3606 1491 3716 compulsatione
1520 3632 1817 3717 campanarum.
1874 3602 1947 3688 nd*

135 3748 272 3804 cereos
300 3735 432 3799 autem
462 3719 667 3825 predictos
695 3714 946 3799 inchoandus
983 3745 1107 3796 unum
1144 3715 1260 3797 Pund
1294 3744 1385 3797 esre
1421 3717 1744 3826 deputaverunt,
1787 3745 1833 3797 ae
1868 3742 1938 3797 eos

88 3822 93 3827 ¹
136 3858 335 3916 renovare
364 3831 638 3940 promiserunt
663 3828 850 3937 qvotiens
877 3824 1002 3906 fuerit
1029 3853 1085 3933 op
1117 3844 1330 3925 ortunum;
1360 3840 1400 3906 et
1427 3826 1585 3909 duabus
1614 3828 1785 3910 marchis
1814 3825 1936 3907 dena·

134 3930 290 4027 riorum
318 3936 594 4051 expendendis
619 3936 730 4048 apud
757 3934 968 4047 qvodlibet
995 3964 1068 4045 pre
1100 3940 1292 4035 ictorum;
1326 3938 1381 4017 ita
1410 3937 1597 4020 videlieet
1626 3936 1737 4048 qvod
1761 3938 1937 4018 Canoni-

135 4058 200 4137 cis'
221 4051 523 4147 Lundensibus,
551 4051 621 4161 qvi
647 4050 930 4131 anniversario.
952 4047 1231 4145 interfuerint,
1258 4046 1379 4129 detur
1405 4050 1568 4131 dimidia
1590 4049 1771 4147 mercha,
1799 4048 1936 4151 fratri·

136 4166 215 4249 bus
243 4178 340 4247 iero
367 4160 692 4253 Predieatoribus
729 4156 876 4242 ibidem
905 4173 1086 4257 tantum,
1132 4160 1292 4239 vicariis
1319 4187 1418 4241 vero
1445 4158 1524 4243 due
1553 4190 1643 4259 ore,
1688 4160 1968 4270 pauperibus,

31 4346 36 4353 .
136 4277 360 4363 scolaribus
387 4274 469 4361 due
495 4284 599 4371 or'e,
618 4272 690 4383 qvi
718 4270 863 4380 vigiliis
890 4288 931 4353 et
952 4272 1079 4351 missis¹
1103 4270 1381 4367 interfuerint,
1411 4300 1489 4354 una
1521 4289 1651 4355 autem
1676 4301 1747 4354 ore
1772 4270 1936 4380 pulsau-

32 4448 36 4455 -
137 4392 246 4475 tibus
279 4407 380 4471 tune
416 4389 459 4467 in
496 4384 662 4484 ecelesia
696 4383 806 4465 beati
838 4382 1049 4463 Laurentii
1085 4382 1340 4479 tribuantur,
1383 4384 1551 4495 Reliqve
1586 4412 1685 4467 vero
1721 4384 1858 4494 portio
1887 4381 1938 4463 de

168 4493 315 4583 vatnor
344 4498 508 4593 mercis,
542 4522 621 4605 qve
649 4492 804 4592 Lundis
832 4492 1132 4602 expendentur,
1169 4493 1315 4575 ibidem
1346 4496 1451 4574 inter
1480 4496 1578 4577 alios
1609 4523 1805 4603 pauperes
1833 4492 1937 4574 divi·

136 4530 271 4697 datur.
326 4611 481 4691 Divisio
509 4623 642 4687 autem
671 4605 844 4687 duarum
871 4604 1125 4686 marcharum
1154 4604 1356 4687 Roslrildis
1384 4608 1438 4685 its
1469 4606 1558 4702 liat,
1587 4624 1635 4687 ut
1654 4607 1841 4687 videlieet
1861 4605 1961 4705 Cn,

69 4810 76 4822 ,
136 4725 294 4807 ironicis
320 4718 695 4829 dimidiamarcha,
721 4716 880 4798 vicariis
906 4714 985 4797 due
1013 4745 1103 4814 ore,
1135 4719 1382 4825 pauperibus
1402 4717 1625 4798 scolaribus
1645 4717 1723 4799 due
1750 4744 1838 4813 ore,
1866 4720 1936 4825 qvi
2046 4762 2055 4777 -

136 4835 286 4944 vigiliis
314 4849 356 4914 et
382 4832 510 4915 missis
536 4828 810 4925 interfuerint,
840 4854 926 4936 urm¹
947 4854 1020 4908 ora
1043 4828 1316 4936 pulsantibus;
1345 4828 1507 4939 reliqva-
1527 4830 1664 4909 autem
1681 4831 1816 4937 portio
1833 4830 1939 4909 inter

136 4948 239 5029 alios
268 4954 470 5055 pauperes
494 4958 697 5053 erogetur.
729 4940 942 5023 'Ceterum
971 4957 1106 5022 nutem
1144 4942 1416 5048 promiserunt
1446 4940 1576 5023 fucere
1613 4939 1710 5047 dieti
1746 4938 1956 5057 Consules
