4317 5975
1092 446 1183 463 ,,

976 449 1498 535 *ὂψ-ι.

269 708 366 765 rum-
380 674 648 760 {dominorum
690 668 902 755 Beneuen
945 670 1215 782 lincopenais,
1242 669 1426 753 Anundi·
1439 666 1747 779 strengenensis,
1787 686 1830 753 et
1870 672 2068 761 Johannis

270 790 458 875 absarus
492 781 815 897 opiscoporum,
865 780 1028 886 Quibus
1069 785 1218 867 eciam!
1241 782 1509 891 adiungimus·
1538 783 1714 891 sigillum
1756 801 1940 867 nostrum
1987 814 2069 868 vna

271 892 525 1009 oum'sigillo
566 891 746 1003 Capituli
788 897 916 975 nostri
958 910 1004 975 vt
1036 922 1087 979 cx
1124 896 1223 976 bom
1245 895 1377 1002 magis
1402 910 1556 1005 ¹pateat
1579 921 1634 975 ex
1650 922 1850 977 consensu
1889 895 2070 979 eiusdem

130 1054 134 1059 ·
272 1016 404 1095 nostri
432 1005 609 1117 Capituli
644 1005 882 1113 processisse
924 1021 1008 1086 tam
1050 1005 1299 1089 solucionem
1340 1033 1463 1115 quam
1491 1001 1869 1114 ‘pedmutacionem‘’
1883 1006 2072 1117 superius

272 1136 532 1216 memoratas,
581 1120 730 1203 Actum
777 1113 889 1225 apud
938 1116 1138 1227 feringoa·
1161 1145 1268 1203 auno
1303 1114 1465 1203 domini
1504 1118 1736 1217 Milesium,
1773 1121 2071 1219 Ducentesimo,
2122 1187 2128 1196 ,

273 1233 530 1342 Octogesimo
558 1230 730 1324 Octauo,
757 1225 1043 1310 Sextodeeimo
1071 1229 1278 1313 Kalendas
1306 1228 1415 1337 Julij.

441 1370 570 1455 Sigillen
591 1372 651 1435 Neo
677 1389 703 1448 r,
725 1388 744 1434 a
765 1368 952 1449 bortfallna5
973 1392 1131 1435 remsorna
1150 1392 1246 1459 qrar3
1267 1370 1350 1433 346
1370 1369 1546 1457 Bislopliga
1566 1368 1720 1451 sladadc3
1741 1391 1760 1455 7
1780 1370 1939 1457 sudetigt

207 1859 216 1961 .’
277 1842 410 1993 965.
467 1842 471 1851 ’
874 1844 1025 1959 1288
1071 1841 1120 1951 d.
1173 1883 1238 1990 17
1286 1840 1420 1951 luni.
1817 1836 2078 1987 Flriugsd.

353 2064 504 2161 Bislopen
525 2066 535 2128 i
556 2063 722 2150 Strengnts
742 2063 869 2129 munds
889 2065 965 2129 bref
991 2066 1063 2129 med
1097 2064 1298 2129 fdrklarande
1327 2077 1374 2129 att
1404 2085 1443 2127 en
1473 2060 1525 2123 del
1556 2060 1593 2123 af
1618 2058 1800 2124 Stockholm
1831 2058 1974 2124 tillbdrer
1994 2061 2076 2124 deas

286 2248 291 2263 ·
368 2148 476 2311 3wst
1693 2226 1940 2291 Adeba&

380 2370 499 2445 Anno
542 2364 696 2447 domini
743 2361 1413 2447 M·.cc·uxxtttvlsstxvlat
1461 2360 1574 2468 lulij.
1623 2359 1667 2469 jn
1709 2358 1900 2469 faeringiae
1947 2364 2073 2453 utum.

157 2494 163 2506 ’
271 2479 378 2581 Quia
408 2476 655 2557 venerabiles
685 2492 820 2585 patres
849 2482 888 2557 8(
921 2475 1075 2557 domini
1104 2475 1169 2556 dei
1198 2476 1333 2583 gracia
1363 2472 1428 2554 .Μ.
1457 2474 1621 2554 ecclesie
1649 2472 1870 2587 upsalensis
1906 2473 2071 2559 Electus

174 2622 179 2635 ·
259 2604 528 2669 'consecratus
556 2594 597 2668 8(
625 2588 799 2671 lacobus
820 2586 999 2669 eiusdem
1021 2587 1187 2668 ecclesie
1215 2587 1541 2694 archiepiscopus
1569 2610 1644 2692 per
1671 2610 1746 2663 nos
1773 2599 1815 2663 et
1842 2599 2071 2665 antecesso-

269 2726 333 2781 res
363 2726 503 2780 eorum
533 2726 606 2808 per
634 2718 906 2781 antecessores
935 2715 1095 2779 nostros
1123 2699 1259 2815 sepius
1291 2702 1337 2775 8(
1370 2694 1615 2776 sufficienter
1656 2694 1811 2804 absque
1853 2696 1935 2774 ulla
1978 2724 2082 2803 pre·-

268 2806 494 2917 scripcione
523 2812 667 2891 moniti
694 2838 816 2920 super
845 2810 976 2890 insula
1005 2802 1203 2891 stocholm
1230 2835 1303 2887 seu
1331 2804 1462 2915 parte·
1492 2807 1619 2915 ipsius
1652 2830 1742 2907 gnos
1783 2812 1823 2886 8(
1864 2804 2073 2889 ecclesiam

153 2922 158 2932 '
268 2937 448 3004 nostram
477 2924 738 3032 contingente
767 2937 910 3031 utpote
938 2919 1042 3001 infra
1069 2920 1170 3001 fines
1206 2937 1342 3000 nostre
1376 2916 1561 3023 dyocesis
1597 2918 1688 3013 sita,
1718 2917 1801 3027 ,qui
1841 2917 1954 3001 nullo
1980 2921 2073 3003 iure

267 3021 464 3141 prescribi
500 3051 671 3141 possunt
699 3035 777 3114 sibi
806 3041 846 3112 8(
873 3032 1039 3110 ecclesie
1063 3057 1134 3110 sue
1164 3031 1242 3109 nisi
1266 3030 1365 3109 ¹sunt
1391 3027 1617 3113 vendicare
1647 3029 1720 3108 ne'c
1745 3029 1827 3110 'hoc
1854 3037 2073 3113 contentus

267 3145 282 3223 i
314 3172 355 3224 se
384 3142 571 3223 dominus
601 3143 663 3223 Μ.
691 3140 741 3220 de
770 3167 881 3222 nouo
910 3139 1121 3248 predictos
1145 3141 1244 3220 fines
1264 3156 1403 3220 nostre
1439 3139 1624 3238 diocesis
1656 3139 1828 3230 alterius
1864 3158 2072 3252 transgre-

268 3173 383 3366 diens
411 3249 581 3361 opidum
611 3253 654 3332 in
682 3253 769 3361 ipsa
799 3267 937 3333 nostra
970 3249 1136 3348 d'y'rocesi
1158 3251 1214 3330 'in
1257 3249 1385 3332 frando
1430 3248 1541 3331 dicto
1582 3251 1853 3331 suthraemalm
1894 3256 1975 3335 iam
2017 3254 2070 3336 de

268 3393 382 3461 nouo
410 3380 686 3445 constructum
729 3365 806 3444 sibi
847 3360 1097 3444 similiter&
1131 3362 1302 3441 ecclesie·
1330 3389 1405 3442 sue
1448 3378 1579 3470 prout
1606 3363 1884 3459 intelleximus
1926 3368 2071 3449 nititur

267 3503 476 3582 usurpare.
549 3476 633 3556 Nos
676 3474 874 3555 Anundus
916 3470 1057 3552 diuina
1098 3474 1362 3554 miseracione
1410 3475 1706 3580 strengenensis'
1747 3475 1977 3584 Episcopus
2017 3477 2071 3559 de

267 3587 438 3672 consilio
466 3588 636 3696 capituli
666 3590 792 3666 nostri
821 3593 861 3666 8(
888 3584 1057 3664 aliorum
1072 3583 1367 3680 discretorum,
1398 3585 1577 3691 presenti
1603 3583 1756 3693 scripto
1785 3588 1827 3666 in
1862 3591 2070 3696 presencia

266 3699 554 3779 venerabilium
568 3714 729 3806 patrum
744 3696 1000 3793 dominorum
1017 3696 1070 3794 .B.
1088 3697 1354 3804 Lipcopensis
1368 3699 1422 3777 .P.
1438 3696 1649 3776 arusiensis
1657 3715 1704 3776 et
1717 3698 1955 3778 tamensis
1971 3702 2070 3809 Epi·

266 3837 481 3918 scaporum
505 3813 544 3888 8(
566 3808 886 3889 reuerendoruru
908 3809 1090 3905 virorum
1110 3807 1267 3886 domini
1285 3805 1480 3887 lobannis
1507 3807 1796 3916 archidyaconi
1828 3807 1981 3892 domini
2010 3816 2069 3897 A.

266 3921 465 4030 prepositi
493 3922 620 4027 ipsius
647 3918 810 4000 ecclesie
838 3919 1061 4026 upsalensis
1090 3925 1129 3999 8(
1158 3917 1295 3998 fratris
1314 3919 1540 4027 Laureucij
1555 3920 1700 4028 prioris
1715 3923 1982 4025 syctuniensis
2003 3953 2072 4003 or·

267 4030 374 4114 dinis
401 4031 571 4114 fratrum
602 4031 900 4139 predicatorum
937 4033 977 4106 8(
1013 4028 1185 4108 aliorum
1222 4029 1487 4110 discretorum
1522 4031 1782 4138 descapitulo
1809 4033 2070 4143 Liucopensi,

266 4143 457 4224 skarensi.
481 4148 522 4222 8(
550 4141 752 4222 arusiensi.
783 4145 1122 4248 protestamur&
1150 4143 1474 4250 recognoscimus
1502 4141 1852 4223 dictamalnsulam
1880 4173 2071 4254 scarpar-

266 4271 351 4336 tem‘
376 4255 502 4362 ipsius
530 4261 569 4335 &
596 4251 799 4362 prefatum
837 4249 1005 4360 opidum
1046 4249 1114 4332 ad
1143 4279 1227 4332 nos-
1259 4259 1300 4334 &
1343 4254 1548 4335 eccleslan
1593 4255 1784 4333 nostram.
1811 4253 1939 4363 pleno
1981 4259 2074 4342 iure

266 4381 463 4475 spectare„
492 4365 621 4473 parati
649 4389 772 4471 super
799 4361 887 4443 Hiis
921 4387 1057 4442 coram
1093 4379 1347 4470 competente
1381 4365 1513 4447 iudice
1547 4368 1618 4447 seu
1654 4363 1943 4448 iudiciumne
1981 4371 2073 4454 iure

265 4493 406 4557 nostro
436 4476 526 4557 loco
554 4479 592 4557 8(
620 4490 803 4583 tempore
832 4471 1221 4582 prout'commodius
1238 4481 1470 4584 'poterimus
1489 4477 1677 4585 experiri.
1694 4482 1810 4560 &ne
1826 4469 1961 4559 forsan
1993 4509 2073 4590 per

267 4586 560 4695 negligenciam
588 4603 770 4666 nostram
798 4611 870 4665 seu
897 4585 1216 4669 taciturnitatem
1245 4587 1368 4670 nohis
1376 4587 1545 4672 ecclesie
1558 4604 1697 4667 nostre
1706 4593 1752 4667 t&
1765 4582 2069 4676 successoribus

266 4699 416 4778 nostris
444 4699 579 4808 aliqua
609 4696 735 4806 possit
768 4696 1076 4806 dampnificacio
1103 4695 1301 4796 suboriri.
1315 4703 1408 4782 'nos'
1427 4699 1606 4810 pressanti
1639 4699 1795 4807 scripto
1829 4700 1962 4809 sigilla
1997 4704 2070 4785 su·

265 4807 544 4920 predictorum
572 4808 827 4918 lincopensiS,
853 4809 1076 4908 arusiensis,
1105 4811 1148 4891 8(
1173 4808 1360 4895 alanensis
1386 4813 1431 4894 in
1458 4808 1537 4892 boc
1570 4811 1939 4919 protensionis&
1952 4840 2070 4896 racc·

378 4965 381 4974 a

266 4991 541 5009 *ιιι*

302 5055 329 5132 Ἴ
351 5052 463 5114 Finnes
481 5053 571 5117 alren
591 5055 602 5114 i
623 5075 662 5116 en
681 5051 742 5116 deu
763 5049 804 5115 25
824 5051 910 5120 Mers
934 5055 1015 5142 ¹³²9
1031 5057 1072 5119 af
1085 5055 1237 5144 Biakopeo
1256 5058 1353 5124 Peter
1374 5056 1385 5120 l
1405 5053 1507 5118 stu·
1525 5051 1846 5118 manumissent.
