4317 5975
111 721 118 730 ,
201 630 213 650 ‘
300 656 460 724 suetum
491 641 627 738 talliis,
656 639 1003 748 impositionibus,¹
1041 639 1104 720 vel
1135 639 1223 720 aliis
1259 637 1561 746 gravaminibus
1606 633 1853 745 aliquatenus
1877 641 2037 736 honerare.

301 755 571 860 Astringimns
614 755 730 832 etiam
775 779 849 832 nos
893 754 1002 831 lirma
1046 746 1293 861 obligatione
1338 753 1380 828 in
1421 748 1597 858 ejusdem
1636 750 1676 828 vi
1700 759 1939 854 sacramenti,
1962 779 1996 839 nt
2016 770 2039 846 si

299 868 511 973 contingat
539 865 683 944 fratres
712 882 870 944 nostros
899 865 1104 972 praemori,
1135 881 1174 944 et
1204 890 1275 942 nos
1292 864 1387 972 ipsis
1407 861 1642 972 superstites
1672 887 1776 958 esse,
1806 891 1914 946 novas
1928 869 2041 980 aliquas

302 980 595 1084 impositiones,
624 976 753 1056 tallias
784 1004 854 1054 seu
885 979 1116 1083 gravamina
1146 975 1318 1056 subditis
1348 977 1462 1082 regni
1493 971 1724 1053 nullatenus
1745 973 1913 1084 inpetere
1936 979 2043 1065 debea-

232 1155 236 1162 .
301 1108 409 1182 mus,
439 1118 510 1169 nec
540 1087 589 1168 de
618 1116 815 1168 consensu
844 1103 884 1167 et
914 1089 1121 1168 voluntate
1163 1085 1358 1192 majorum
1390 1090 1502 1195 regni
1534 1087 1737 1194 requisitis
1780 1089 1916 1194 parim
1939 1107 2044 1202 etnp

299 1203 434 1280 tentis.
458 1219 498 1280 et
518 1200 629 1310 quod
659 1219 828 1308 propter
856 1198 1120 1278 dissensiones
1149 1200 1255 1279 inter
1286 1226 1356 1278 nos
1384 1215 1424 1276 et
1451 1199 1595 1276 iratres
1625 1213 1784 1276 nostros
1811 1199 1973 1280 subortas
1994 1205 2044 1284 ho-

299 1316 426 1392 mines
453 1316 632 1418 ipsorum
661 1313 828 1390 clericos
857 1312 919 1389 vel
951 1311 1070 1390 laicos
1101 1312 1162 1388 vel
1200 1310 1298 1390 alios
1335 1311 1538 1420 quoslibet
1566 1310 1622 1390 eis
1651 1309 1964 1420 qualitercunque
1999 1315 2045 1396 ad·

300 1423 517 1518 haerentes,
548 1423 609 1502 vel
639 1422 821 1502 subditos
851 1425 963 1528 regni
982 1421 1095 1502 nullo
1120 1422 1422 1528 modogravare
1439 1423 1649 1515 debemus,
1679 1423 1864 1530 persequi
1891 1428 2046 1508 seuetian

299 1533 530 1628 molestare,
561 1533 704 1613 necin
734 1561 801 1614 eos
830 1533 1057 1642 aliqualiter
1089 1531 1302 1614 vindicare.
1333 1535 1602 1638 Astringimus
1632 1535 1751 1612 etiam
1783 1534 1824 1612 in
1851 1533 1888 1612 vi
1913 1533 2045 1641 ejusden

300 1647 431 1724 nostri
459 1647 717 1742 sacramenti,
745 1643 855 1754 quod
887 1645 1048 1741 milites,
1092 1647 1310 1754 armigeros
1346 1661 1386 1722 et
1417 1645 1614 1725 notabiles
1659 1672 1850 1752 personas
1890 1647 2053 1754 regniac

301 1785 398 1864 pere
430 1755 491 1834 vel
520 1759 741 1865 captivare,
770 1783 840 1834 seu
869 1753 974 1836 bona
1005 1758 1183 1863 ipsorum
1215 1783 1416 1864 occupare
1451 1787 1531 1838 non
1562 1753 1775 1852 debemus,
1806 1757 1876 1835 nisi
1900 1761 1991 1862 prius
2012 1759 2048 1840 le·

299 1870 438 1973 gitime
466 1871 546 1948 sint
575 1868 770 1960 convicti,
813 1895 886 1945 nec
929 1869 1159 1947 exactiones
1201 1865 1401 1948 indebitas
1431 1870 1472 1946 in
1502 1871 1610 1978 ipsos
1647 1893 1843 1950 exercere.
1894 1869 2047 1950 Debemus

299 1981 418 2059 etiam
449 1979 568 2059 dietis
595 1981 777 2058 Dominis
806 1977 1008 2074 Ducibus,
1037 1978 1230 2058 fratribus
1260 1979 1425 2076 nostris,
1455 2009 1545 2060 cum
1575 1979 1806 2059 hominibus
1836 1982 1965 2060 nostris
1987 1985 2049 2061 assi·

300 2109 421 2184 stere,
460 2107 499 2169 et
528 2118 696 2197 regnum
726 2107 867 2198 contra
896 2117 1161 2200 quoscunque
1206 2095 1409 2170 invasores
1450 2121 1541 2172 eum
1573 2089 1719 2172 eisdem
1751 2107 1835 2171 tota
1863 2108 1979 2172 nostra
2003 2121 2049 2200 po·

299 2201 424 2281 tentia
453 2199 674 2280 defensare.
731 2202 1006 2280 Promittimns
1039 2206 1158 2282 etiam
1188 2204 1230 2282 in
1260 2203 1299 2280 vi
1334 2202 1511 2310 ejusdem
1554 2202 1794 2282 sacramenti
1842 2229 1908 2280 nos
1933 2220 2050 2282 curato

289 2339 363 2392 ‘res
393 2327 433 2392 et
464 2330 751 2420 procuratores
779 2341 868 2390 cum
899 2313 1008 2392 onrni
1038 2312 1244 2422 diligentia
1273 2330 1313 2392 et
1344 2317 1533 2404 instantia
1563 2311 1700 2423 quoad
1731 2340 1950 2424 possumus,
1974 2312 2049 2424 quod

298 2425 501 2530 blagnilici
531 2424 737 2530 Principes
765 2425 928 2504 Domini
957 2425 1085 2532 Reges
1122 2427 1253 2504 Daciae
1286 2441 1326 2506 et
1356 2425 1585 2536 Norvegiae,
1629 2427 1794 2506 Domini
1830 2423 2051 2506 Gerardnset

300 2537 491 2616 Alwerus
520 2535 673 2629 fratres,
704 2535 880 2614 Comites
909 2535 1105 2616 Hulzatiae
1135 2554 1174 2616 et
1202 2536 1487 2646 Skogvviborg,
1505 2556 1545 2618 et
1559 2538 1757 2616 Dominus
1781 2537 1964 2616 Henricus
1976 2537 2051 2643 blag-

298 2647 523 2755 nipolensis
553 2675 631 2725 una
661 2646 871 2726 nobiscum
902 2648 1034 2726 omnia
1067 2649 1267 2755 praemissa
1311 2652 1618 2756 repromittent,
1656 2666 1696 2728 et
1725 2647 1839 2758 quod
1866 2649 2050 2753 omniaper
2108 2707 2110 2748 ,

299 2787 376 2841 nos
405 2759 469 2838 hic
499 2759 692 2866 promissa
721 2757 846 2838 velint
875 2757 1103 2838 observare.
1161 2759 1262 2840 Cum
1301 2759 1361 2836 bis
1399 2779 1514 2840 etex
1547 2777 1663 2868 parte
1692 2778 1832 2840 nostra
1874 2759 2051 2866 repromisit
2109 2763 2110 2828 i

299 2873 374 2952 laec
403 2872 538 2950 omnia
568 2873 629 2948 vir
659 2868 808 2950 nobilis
837 2871 1034 2950 Dominus
1063 2871 1263 2950 Henricus
1293 2871 1537 2978 Borgravius
1566 2871 1709 2952 domus
1738 2871 2050 2960 Tbeotonicorun,

300 3002 344 3064 et
372 2983 586 3089 assumpsit
617 3009 657 3061 se
687 3000 999 3089 procuraturum
1031 3002 1071 3063 et
1099 3002 1354 3079 curaturum,
1399 2981 1511 3093 quod
1542 2984 1732 3093 lllagister
1761 2983 1924 3065 Ordinis
1960 2986 2008 3060 sui
2027 2981 2051 3059 in
2108 2969 2110 3059 l

300 3096 501 3203 Lywonia
530 3110 572 3173 et
601 3094 744 3173 iratres
774 3095 972 3200 praemissa
1003 3099 1134 3174 omnia
1165 3096 1465 3203 repromittent3
1503 3114 1543 3175 et
1572 3099 1603 3176 si
1633 3113 1777 3176 contra
1809 3095 1987 3205 praemissa
2011 3118 2052 3169 ve
2109 3106 2110 3131 ³

300 3209 496 3303 norimus,
527 3204 743 3314 praedictus
772 3206 962 3312 Magister
991 3205 1157 3287 Ordinis
1186 3224 1225 3287 et
1256 3207 1399 3287 fratres
1429 3208 1491 3287 sui
1522 3224 1690 3315 possunt
1719 3238 1739 3287 a
1772 3196 1888 3288 nobis
1915 3200 2053 3284 recedere

302 3320 519 3413 libere,.et
546 3315 665 3397 dictis
695 3318 876 3397 Dominis
904 3318 1086 3399 Ducibus
1116 3316 1307 3399 fratribus
1351 3320 1497 3399 nostris
1536 3318 1750 3400 adhaerere.
1810 3319 2053 3399 Renunciamus
2109 3322 2110 3331 ’

198 3517 202 3525 ,
302 3434 422 3511 ctiam
451 3430 494 3507 in
525 3432 562 3508 vi
592 3424 771 3535 ejusdem
799 3430 1037 3509 sacramenti
1074 3429 1262 3510 omnibus
1299 3430 1422 3510 literis
1466 3429 1744 3539 cujuscunque
1774 3430 1939 3523 tenoris,
1974 3444 2055 3505 etex

302 3568 550 3653 quacunque
576 3566 693 3618 causa
723 3567 745 3618 a
774 3536 890 3619 dictis
921 3539 1114 3619 iratribus
1150 3544 1318 3636 nostris,
1361 3542 1544 3621 Dominis
1573 3544 1754 3625 Ducibus
1800 3542 1940 3623 habitis
1964 3555 1995 3615 et
2017 3560 2055 3613 re·

289 3654 448 3759 ceptis,
478 3651 712 3759 ubicunqne
741 3665 783 3730 et
813 3648 923 3762 apud
951 3678 1236 3761 quemcunque
1267 3654 1439 3731 inventae
1471 3654 1638 3749 suerint,
1670 3682 1742 3762 per
1771 3654 1966 3761 solempne
1993 3672 2055 3755 pec·
2109 3656 2110 3725 i

302 3784 389 3845 tum
418 3790 468 3844 ex
496 3781 605 3846 certa
634 3763 821 3857 scientia,
851 3780 892 3843 et
921 3762 1107 3842 volumus
1136 3763 1247 3873 quod
1290 3765 1370 3843 sint
1407 3764 1552 3859 irritae,
1593 3785 1756 3846 cassatae
1786 3782 1827 3846 et
1859 3764 1990 3843 nullius
2012 3780 2057 3863 pe

301 3878 411 3957 nitus
441 3874 657 3956 firmitatis:
700 3874 890 3985 ipsosque
933 3874 1126 3953 Dominos
1163 3876 1314 3970 Duces,
1343 3873 1486 3955 fratres
1515 3894 1674 3956 nostros
1705 3876 1756 3955 ab
1788 3876 1965 3955 omnibus
1988 3866 2058 3947 obli·

301 3985 535 4095 gationibus
565 3984 775 4089 inreisdem
807 3986 1007 4068 contentis
1036 3986 1196 4094 quietos
1233 3990 1276 4064 et'
1302 3984 1509 4067 absolutos
1552 3986 1777 4082 reddimus,
1824 4004 1863 4067 et
1892 3990 1928 4067 in
1955 4003 2059 4091 perpe

301 4118 416 4181 tuum
451 4098 650 4177 liberatos.
680 4096 919 4201 Obligamus
947 4124 1043 4203 ergo
1075 4123 1147 4175 nos
1176 4096 1297 4179 modo
1344 4124 1428 4207 quo
1456 4126 1598 4207 supra,
1642 4118 1681 4178 et
1710 4100 1879 4178 firmiter
1916 4088 2058 4195 astringi·

241 4243 245 4248 ·
302 4238 391 4291 mus
421 4206 471 4289 ad
501 4210 637 4288 omnia
669 4208 858 4315 praedicta
888 4206 1059 4289 fideliter
1088 4206 1351 4289 observanda.
1390 4210 1442 4289 Et
1471 4210 1504 4289 si
1533 4212 1810 4317 contingeret,
1858 4206 1960 4319 quod
1983 4205 2060 4282 Deus
2108 4242 2110 4259 π

304 4316 478 4403 avertat!
509 4346 583 4400 nos
612 4318 749 4399 venire
787 4335 927 4399 contra
960 4322 1161 4426 praemissa
1190 4348 1262 4400 seu
1290 4316 1503 4428 quodlibet
1546 4324 1864 4429 premissorum,
1904 4311 2059 4399 submitti·

302 4464 391 4514 mus
421 4458 493 4511 nos
522 4449 751 4538 spontaneae
778 4428 1049 4538 jurisdictioni
1077 4427 1373 4541 Episcoporum
1404 4432 1534 4540 Regni
1563 4431 1714 4513 Sueciae
1743 4436 1894 4527 omnis,
1933 4428 1986 4508 vel
2008 4422 2060 4502 sal·

302 4562 383 4624 tem
413 4543 596 4637 illorum,
625 4569 729 4650 quos
758 4542 921 4623 Domini
949 4543 1081 4622 Duces
1109 4543 1252 4623 iratres
1280 4544 1408 4622 nostri
1438 4544 1487 4624 ad
1517 4542 1595 4625 boc
1623 4542 1817 4625 duxerint
1841 4533 2062 4629 invocandos,

303 4674 351 4735 ut
382 4657 535 4762 possint
568 4655 610 4735 in
640 4680 852 4762 personam
876 4669 1054 4742 nostram
1083 4682 1277 4738 summam
1295 4652 1326 4763 *)
1356 4655 1793 4735 Excommunicationis
1825 4650 2058 4775 promulgare,

305 4786 346 4848 et
375 4768 473 4847 alias
503 4784 642 4873 poenas
671 4766 969 4849 Ecclesiasticus
997 4793 1068 4847 seu
1097 4766 1322 4848 Canonicas
1351 4767 1393 4848 in
1424 4794 1497 4851 uos
1519 4795 1714 4849 exercere.
1758 4768 1948 4848 Volumus
1971 4775 2060 4839 enam

241 4872 246 4896 ¹
1946 4888 1980 4952 et

329 5062 371 5137 ¹)
394 5056 541 5141 Troa'gen
560 5057 742 5117 sententiam
