4317 5975
7 6 145 237 r-

8 656 9 723 l
79 649 193 735 omnia
223 646 266 727 in
295 648 480 732 futurum
508 664 768 729 reseruantur
811 648 976 745 incerta,
1021 650 1111 758 Ego
1149 664 1286 732 ronna
1328 674 1432 727 vxor
1471 641 1666 753 AEringisl
1709 643 1849 725 diuine
1903 693 1908 703 -

77 763 191 873 gracie
215 761 423 869 apciorenr
456 788 519 841 me
548 760 634 841 lieri
665 774 883 867 peroptans
921 764 961 841 ἃ
995 758 1047 841 ad
1081 762 1158 841 hoc
1201 788 1278 869 pro
1320 758 1476 843 viribus
1517 757 1733 839 elaborans
1777 781 1847 833 cub

79 877 253 984 piensque
281 874 412 953 anime
448 900 534 953 mec
575 871 791 953 salubriter
835 871 1048 979 prouidere
1092 869 1224 953 condo
1252 875 1523 979 &compono
1567 861 1847 953 testamentum

8 1020 9 1079 t
78 1012 187 1067 meum
216 984 257 1063 in
287 982 398 1065 hunc
427 981 592 1064 modum
626 982 788 1065 Curiam
833 1011 930 1091 ergo
973 1010 1101 1063 meam
1130 986 1170 1063 in
1197 982 1408 1087 thorsryth
1435 1010 1526 1063 cum
1554 980 1746 1062 omnibus
1765 975 1849 1057 suis

8 1088 9 1171 l
77 1094 317 1205 pertinenciis
345 1096 450 1177 inlra
479 1120 593 1202 sepes
623 1098 663 1175 8ι
691 1111 805 1175 extra
836 1112 1035 1203 perpetuo
1079 1098 1170 1175 iure
1212 1090 1475 1202 posidcndam
1510 1092 1680 1175 confero
1717 1093 1757 1170 ἃ
1791 1104 1850 1167 te-
1952 1100 1957 1107 ‘

8 1260 9 1263 ¹
76 1206 355 1289 stamentaliter
385 1205 573 1317 relinquo
613 1205 859 1287 monasterio
903 1206 1125 1298 nouerallis
1166 1210 1207 1284 sc
1249 1205 1328 1285 hoc
1369 1208 1615 1314 quicumque
1656 1225 1851 1281 reuocare

8 1336 35 1377 ³·
77 1316 124 1401 rel
165 1316 340 1397 uoluerit
391 1317 456 1415 uel
495 1320 757 1425 presumserit
794 1314 1123 1425 indignacionem
1156 1314 1223 1398 dei
1258 1344 1301 1397 se
1337 1319 1499 1397 nouerit
1535 1313 1753 1395 incurrisse
1789 1326 1849 1389 te·

8 1492 9 1515 r
78 1445 137 1507 stes
162 1428 436 1509 interfuerunt
466 1427 710 1537 AEringislus
740 1429 803 1508 vir
841 1456 951 1507 meus
978 1428 1121 1509 olauus
1166 1427 1341 1536 polasun
1370 1432 1410 1506 8<
1438 1429 1507 1507 alii
1548 1454 1669 1535 quam
1712 1420 1850 1532 plures

8 1538 9 1557 ¹
77 1568 146 1620 cunr
173 1537 356 1649 daghcro
387 1538 598 1622 sacerdote
627 1540 677 1621 de
706 1541 816 1621 eleeto
844 1541 959 1620 cuius
987 1541 1163 1645 sigillum
1194 1540 1320 1647 petiui
1354 1544 1394 1618 8(
1417 1539 1579 1647 optinui
1594 1532 1849 1645 presentibus
1924 1573 1930 1581 -

76 1648 380 1759 appendendum.
411 1653 559 1732 Datum
586 1678 697 1730 anno
725 1649 878 1735 domini
907 1651 1306 1731 M⁰.CC⁰.XClI.Vl⁰.
1342 1648 1433 1730 idus
1461 1650 1574 1731 iunii.

454 1791 576 1875 sigillet
598 1793 776 1872 bortsallet;
798 1792 857 1857 don
880 1815 918 1857 ur
938 1793 1060 1857 brcl'vct
1081 1794 1204 1878 klippta
1225 1814 1345 1856 remsen
1366 1814 1454 1877 qvar.

745 428 1163 525 ..rna-

85 2156 232 2301 1073.
361 2169 363 2178 ’
901 2157 1034 2265 odat.

140 2377 290 2461 llislopen
314 2379 422 2476 Aestas
443 2378 452 2438 i
474 2379 587 2475 Werib:
607 2376 709 2521 betypl
723 2386 768 2439 alt
789 2378 1012 2444 Prestmannen
1035 2377 1206 2463 lngernund
1228 2380 1237 2441 i
1260 2378 1400 2463 stanhog
1420 2378 1501 2446 inllir
1523 2375 1675 2463 Biskopeu
1685 2374 1746 2441 ocb
1762 2378 1854 2437 mdo·
1921 2419 1927 2425 -

176 2480 214 2541 go
235 2458 340 2564 andra
361 2460 601 2543 trllltnnegrsvrt
623 2472 667 2525 att
713 2472 795 2523 ustru
818 2460 929 2524 Tonna
952 2460 1077 2525 erbsillit
1099 2462 1262 2547 Thorsryd
1284 2464 1294 2524 i
1316 2462 1371 2524 ars
1386 2462 1466 2526 eller
1486 2458 1531 2523 sin
1553 2483 1616 2523 son.

1555 2610 1720 2664 blau

168 2744 381 2825 Vniuersic
408 2745 547 2825 christi
578 2744 766 2826 fidelibus
795 2750 853 2827 .A.
891 2746 955 2829 dei
985 2750 1119 2856 gracia
1149 2749 1436 2829 Wexionenais
1478 2740 1720 2855 Episcopus
1746 2742 1854 2822 salu·

77 2856 206 2935 tenio
231 2855 405 2937 domino
439 2858 737 2966 sempiternam.
761 2856 860 2937 Tam
893 2862 1066 2967 posteris
1107 2886 1230 2969 quarn
1275 2859 1531 2969 presentibus
1573 2872 1721 2935 tenore
1760 2877 1853 2961 pre·
1967 2864 1971 2872 “

77 2968 232 3049 oretum
267 2968 499 3049 innotescat
533 2966 654 3080 quod·
683 2968 872 3051 dominus
900 2968 1186 3078 lngimundns
1222 2971 1425 3080 presbiter
1457 2969 1516 3051 de
1546 2966 1659 3048 slaetu
1690 2966 1744 3046 -in
1772 2987 1854 3050 nu·

76 3095 142 3162 stra
167 3083 212 3160 &-
232 3079 459 3160 multorum
487 3080 658 3162 aliorum
687 3083 893 3188 presencia
925 3085 1178 3192 pupplioauit
1206 3083 1320 3192 qnod
1349 3082 1482 3162 villica
1512 3107 1584 3162 sua
1613 3095 1742 3159 tonna
1779 3098 1853 3168 np-

79 3192 164 3271 nine
198 3189 390 3300 predium
423 3192 546 3272 situm
587 3193 628 3274 in
670 3191 881 3299 thorsryth
924 3195 1021 3273 iure
1052 3193 1317 3276 hereditario
1347 3221 1421 3302 per
1462 3209 1578 3272 strum
1622 3190 1754 3270 lilium·
1790 3203 1853 3266 est

77 3298 199 3410 adopta
240 3306 297 3384 Jn
339 3303 455 3384 ouius
497 3305 556 3383 rei
596 3303 794 3384 cautelam
824 3309 864 3384 u
892 3304 1140 3387 euidenciam
1184 3304 1408 3416 pleniorem
1451 3303 1625 3414 sigillum
1668 3315 1852 3380 nostrum

77 3417 229 3518 presenti
256 3411 403 3496 oodnle
431 3412 620 3498 duximus
641 3414 949 3497 annectendum.

465 3556 590 3640 sigillet
610 3557 681 3620 nied
702 3557 762 3620 den
786 3577 825 3620 ur
849 3559 970 3623 brelret
992 3559 1112 3644 llipptc
1133 3579 1255 3622 remscn
1278 3557 1446 3623 bortl'cllet.
1566 3655 1570 3660 Ι
1701 3541 1706 3551 ’

86 3939 232 4067 1074.
685 3927 835 4069 129‘2
883 3925 932 4031 d.
986 3925 1051 4032 13
1099 3923 1212 4032 tuti.
1280 3969 1284 3975 ⁴
1536 3906 1855 4028 Stocldrolm

142 4141 293 4226 Bislopen
316 4144 397 4208 lum
417 4141 428 4203 i
450 4091 623 4229 Linliiping
645 4144 722 4206 bref
738 4143 807 4206 med
831 4145 982 4228 dragande
1003 4156 1057 4223 att,
1080 4146 1149 4208 icle
1171 4146 1217 4207 till
1242 4147 1314 4228 fiilje
1334 4145 1371 4206 cl
1388 4142 1487 4224 ndgon
1507 4095 1587 4231 egen
1614 4142 1693 4204 cller
1719 4102 1854 4224 lyricos
1922 4221 1928 4226 .

186 4226 390 4306 lor-bladolse,
413 4238 487 4290 utar
512 4223 551 4289 af
561 4227 602 4288 fri
623 4227 706 4310 vilja,
729 4227 830 4290 betals
852 4249 933 4290 aooo
955 4228 1043 4306 marl
1065 4231 1236 4316 penningar
1257 4230 1307 4291 till
1328 4224 1576 4308 leidringsagcre
1598 4226 1656 4288 hos
1682 4223 1854 4292 hanslb're-

188 4311 314 4374 uidere
334 4311 455 4394 Bitlop
470 4311 578 4394 tupi
750 4327 756 4338 ·
1094 4310 1098 4319 “
1795 4316 1799 4322 ’
1836 4316 1840 4322 ’

1498 4391 1618 4471 Ma.
1638 4408 1661 4446 r.
1681 4405 1720 4460 ¹7·

167 4525 370 4607 Omnibus
397 4543 607 4635 presentes
643 4524 798 4607 litteras
835 4527 1087 4636 inspectorb.
1124 4530 1386 4610 Lnonsucros
1423 4525 1490 4609 dei
1527 4526 1661 4634 gracia
1699 4523 1853 4631 episco-

12 4663 13 4666 ‘
81 4657 139 4736 pus
163 4633 602 4746 lincopensissalutem
632 4639 673 4718 in
709 4637 887 4721 domino.
925 4639 1121 4722 Constare
1161 4641 1352 4722 uolumus
1388 4636 1596 4720 euidenter
1632 4634 1746 4746 quod
1782 4661 1854 4713 no·

80 4757 144 4824 stra
180 4763 496 4858 'nostrorumque
538 4749 826 4831 canonicorum
863 4751 1064 4856 prohibita
1098 4750 1361 4833 ordinacione
1397 4748 1589 4857 deligenti
1631 4775 1707 4856 pro
1742 4739 1855 4824 debi-

80 4852 119 4932 llt
141 4861 357 4948 contractis
394 4887 471 4968 per
504 4859 777 4942 venerabilem
813 4877 970 4969 patrem
1013 4861 1261 4973 Episcopum
1303 4859 1559 4945 benedictum
1603 4859 1731 4940 lelicis
1774 4881 1855 4934 rne-

81 4966 198 5050 noric'
212 4969 502 5060 aritotessorem
524 4988 708 5053 nostrum
733 4971 819 5055 duo
862 4972 983 5054 millia
1015 5001 1244 5056 marcarum
1286 4969 1436 5057 vsualis
1477 4987 1644 5053 monete
1684 4966 1855 5051 diuersis
