4317 5975
760 498 818 523 ..
927 392 1012 567 ,49
1122 502 1181 525 .-

100 692 238 805 1083.
886 690 1057 840 1293.

154 884 250 945 liuor
271 878 480 951 Prrmnsoss
501 875 698 941 Testamenta
719 875 780 941 och
801 876 972 961 unordning
995 898 1046 939 om
1074 874 1229 958 gerdarne
1254 876 1445 943 westerts'ss
1471 872 1533 939 och
1559 872 1732 953 Stemttcr,
1760 892 1801 934 m.
1821 890 1866 934 ιι.

1658 988 1737 1057 Me

178 1098 227 1175 Ju
257 1094 430 1175 Nomine
458 1108 596 1173 sancte
625 1098 666 1173 &
694 1070 904 1173 indiuidua
932 1092 1156 1190 Trinitatis,
1186 1094 1274 1202 Ego
1304 1092 1559 1173 Buusmcrus
1583 1092 1705 1172 Parni
1733 1118 1868 1201 quon·

88 1208 159 1293 tam
188 1206 294 1287 filius
323 1200 674 1303 Consideraeionis
702 1204 854 1284 intuitu
894 1204 1164 1311 perpendens,
1205 1202 1318 1314 quod
1359 1204 1495 1285 omnia
1530 1231 1614 1314 que
1656 1202 1738 1283 sub
1776 1201 1867 1282 celo

10 1326 11 1347 ¹
87 1335 163 1403 snut
189 1346 240 1398 ex
276 1316 429 1397 nichilo
465 1316 631 1397 condita
659 1332 766 1413 sunt,
795 1323 833 1395 81
863 1314 915 1395 ad
945 1344 1057 1395 suam
1086 1313 1259 1396 tendunt
1286 1316 1485 1421 originem
1513 1314 1750 1396 naturaliter
1777 1313 1868 1393 vni·

10 1426 11 1431 ¹
87 1458 195 1523 uersa,
225 1433 267 1509 &
294 1427 374 1507 hoc
410 1426 541 1507 solum
576 1428 626 1507 de
669 1429 789 1508 rebus
832 1428 1075 1507 transitoriis
1104 1443 1197 1533 post
1237 1427 1357 1505 huius
1400 1426 1482 1505 vite
1522 1426 1736 1505 transitum
1779 1452 1866 1505 non
1900 1467 1902 1476 ·

19 1585 24 1595 ·
87 1542 237 1621 transire
268 1536 508 1633 dinoscitur,
534 1536 647 1648 quod
675 1536 728 1617 ad
773 1539 933 1645 pietatis
975 1564 1101 1647 opera
1143 1534 1454 1618 misericorditer
1495 1552 1688 1644 erogatur
1729 1534 1868 1615 Sciens

86 1654 188 1733 eciam
220 1652 416 1730 incertam
446 1647 532 1728 fore
562 1648 728 1730 cuilibet
757 1649 988 1729 mortalium
1010 1677 1081 1729 sue
1110 1650 1343 1729 vocacionis
1368 1647 1527 1743 horam,
1556 1649 1690 1755 Jgitur
1723 1648 1764 1725 in
1794 1674 1868 1726 no·

86 1766 172 1843 nine
212 1759 554 1869 suprabenedictc
603 1761 795 1841 trinitatis
840 1759 968 1840 Sanus
1007 1765 1047 1840 &
1080 1760 1302 1856 incolumis,
1336 1762 1406 1841 De'
1436 1760 1559 1840 rebus
1588 1757 1709 1838 michi
1738 1758 1792 1837 ab
1820 1783 1868 1837 ea

87 1876 162 1955 licet
188 1871 360 1981 indigno
390 1871 609 1979 largissime
638 1872 836 1953 concessis
863 1888 1148 1952 testamentum
1185 1900 1316 1952 meum
1351 1864 1515 1951 condidi
1548 1871 1592 1949 in
1635 1868 1744 1947 hunc
1782 1894 1868 1947 mo-

85 1986 175 2081 dum,
202 1986 256 2063 Jn
287 1984 427 2091 primis
461 1982 669 2068 Monachis
720 1982 771 2063 de
812 1983 1030 2063 alvastrum
1073 1978 1183 2089 apud
1226 2009 1330 2091 quos
1371 1982 1668 2077 deliberacione
1712 1978 1870 2060 diutina

85 2095 315 2206 sepulturam
346 2095 493 2203 eligere
521 2090 684 2174 decreui
713 2122 801 2174 cum
833 2093 1071 2201 parentibus
1102 2093 1210 2189 meis,
1246 2094 1411 2173 Curiam
1446 2121 1573 2173 meam
1611 2090 1867 2183 Westerlospt
1933 2152 1943 2163 .

85 2206 317 2290 lateraliter
345 2206 505 2312 assigno
533 2232 623 2284 curn
654 2203 844 2284 omnibus
879 2205 1108 2303 attinenciis
1142 2206 1225 2283 suis
1260 2202 1481 2285 mobilibus
1517 2211 1556 2283 8<
1592 2201 1867 2282 immobilibus

85 2238 306 2401 condicione
322 2317 396 2395 ista
413 2316 623 2395 interiecta
639 2316 751 2424 quod
767 2316 897 2396 omnis
914 2331 1139 2423 prouentus
1154 2315 1265 2395 curie
1293 2316 1484 2425 premisse
1505 2312 1676 2394 fideliter
1697 2318 1740 2392 &
1762 2315 1867 2393 inte·

85 2432 229 2540 graliter
246 2427 408 2509 collecti
436 2428 657 2522 annuatim,
684 2426 871 2536 sequentj
901 2428 966 2507 die
996 2442 1088 2534 post
1116 2426 1262 2507 festum
1291 2426 1417 2507 Marci
1441 2425 1714 2533 Evvangeliste
1736 2420 1789 2504 ad
1805 2423 1868 2505 to}

86 2545 155 2623 cius
178 2554 413 2621 ‚conuentus
441 2538 647 2618 sollaeium
677 2544 715 2616 ἃ
745 2540 1040 2623 recreaeionem
1070 2538 1114 2616 in
1148 2556 1346 2645 quantum
1382 2537 1586 2619 valuerint
1620 2565 1698 2644 pro
1733 2537 1867 2643 pitan-

85 2655 132 2733 cia
157 2652 423 2732 communiter
451 2645 744 2758 expendantur,
775 2650 828 2727 Et
856 2651 945 2756 ipso
974 2649 1038 2730 die
1067 2648 1186 2727 Missa
1215 2653 1255 2728 ssr
1287 2650 1496 2730 oraciones
1525 2676 1602 2755 pro
1631 2674 1694 2727 me
1722 2652 1763 2726 &
1793 2669 1867 2753 pa·

80 2764 250 2869 ‚rentibus
283 2762 379 2841 meis
408 2762 484 2839 iam
514 2775 606 2839 ante
635 2761 863 2839 memoratis
892 2758 1040 2839 deuote
1068 2758 1340 2855 celebrentur,
1367 2762 1420 2841 Et
1448 2759 1659 2865 memoratj
1680 2757 1867 2838 Monachi
1914 2835 1917 2839 a

85 2878 224 2957 racione
255 2872 365 2955 dicte
395 2872 517 2951 Curie
544 2898 621 2979 pro
649 2867 795 2949 debitis
826 2871 922 2951 meis
950 2886 1114 2949 centum
1143 2870 1299 2949 Marcas
1327 2867 1418 2951 den.
1447 2871 1605 2951 soluere
1637 2878 1867 2964 teneantur,
1941 2938 1947 2943 .

84 2987 185 3093 Quod
212 2989 246 3067 si
281 3013 354 3066 nec
383 2984 558 3070 istarum¹
578 2982 812 3064 Marcarum.
832 3009 984 3061 summa
1014 2980 1193 3089 persolui
1234 3000 1428 3088 poterunt
1469 2979 1607 3062 debita
1643 3005 1734 3061 'mea
1775 2981 1866 3059 vni·

84 3129 190 3198 neue,
214 3101 470 3207 Exequtores
498 3093 724 3202 testamenti
753 3097 830 3174 mei
867 3093 1026 3173 Curiam
1063 3120 1192 3172 meam
1230 3092 1347 3191 arbi*
1366 3093 1610 3202 obligabunt
1642 3093 1695 3173 ad
1731 3106 1866 3171 cetera
1920 3093 1945 3128 ·“

85 3206 349 3320 persoluenda.
380 3207 467 3288 Hec
495 3224 631 3286 autem
660 3203 827 3290 donatio
856 3233 939 3284 mea
970 3222 1055 3283 rata
1084 3211 1123 3283 8(
1158 3202 1271 3283 firma
1316 3205 1521 3285 tenebitur
1558 3203 1763 3284 monachis
1798 3231 1867 3282 su·
1937 3263 1942 3270 .

32 3337 34 3342 ’
84 3324 260 3428 predictis
291 3322 415 3399 sime
445 3318 599 3426 absque
629 3316 766 3397 liberis
795 3317 896 3396 mori
925 3316 1151 3423 contigerit.
1188 3315 1231 3394 Si
1268 3334 1401 3396 autem
1435 3315 1621 3398 dominus
1655 3314 1778 3396 michi
1816 3313 1867 3396 de

84 3427 201 3514 liberis
230 3430 473 3542 prouiderit.
504 3430 630 3536 ipsam
660 3430 809 3508 curiam
840 3428 935 3506 meis
966 3426 1183 3507 heredibus
1212 3427 1411 3536 relinquo,
1441 3430 1682 3510 &Centum
1710 3428 1865 3509 Marsas

86 3573 145 3651 pro
170 3558 415 3626 testamento
444 3567 532 3620 meo
551 3538 763 3620 soluentur
792 3538 976 3620 Claustro
1004 3536 1252 3645 supradicto,
1290 3568 1366 3646 pro
1401 3540 1553 3649 quibus
1590 3537 1716 3619 eidem
1753 3537 1865 3616 clau·

83 3673 151 3738 stro
177 3654 349 3741 eandem
379 3652 528 3733 curiam
563 3675 690 3730 meam
718 3648 869 3757 oblig0,
898 3649 1027 3731 donec
1064 3647 1143 3729 hoc
1187 3677 1317 3728 meum
1360 3667 1640 3730 testamentum
1682 3649 1865 3728 totaliter
1979 3704 1981 3713 ·

85 3764 187 3848 fuerit
214 3764 484 3875 persolutum.
513 3763 620 3842 Jtcm
649 3761 783 3842 omnia
814 3761 923 3840 bona
952 3761 1106 3841 Dilecte
1132 3761 1269 3838 vxoris
1301 3789 1383 3841 mee
1412 3763 1645 3870 Jngib‘urgis
1684 3787 1766 3870 que
1804 3787 1866 3839 me

85 3881 225 3959 racione
254 3873 481 3982 coniugalis
509 3887 739 3954 contractus
768 3874 1014 3978 contingunt
1042 3870 1085 3950 Si
1118 3870 1270 3980 absque
1300 3872 1436 3952 liberis
1463 3870 1651 3952 dominus
1667 3900 1730 3951 me
1746 3899 1865 3951 voca-

85 3993 183 4086 uerit,
214 4004 400 4069 cessante
428 3986 505 4066 iam
534 3984 643 4064 omni
672 3984 898 4091 calumpnia
935 3981 1140 4063 Heredum
1173 4009 1350 4060 meorum
1392 4011 1515 4090 super
1556 3983 1697 4063 talium
1734 3983 1866 4062 bono-

83 4127 157 4179 rum
187 4098 404 4208 participio
433 4093 560 4176 eidem
589 4094 805 4204 Jngiburgi
835 4093 960 4175 libera
992 4094 1163 4174 restituo
1186 4099 1225 4171 8(
1241 4097 1409 4198 assigno,
1425 4097 1527 4174 ltem
1544 4095 1720 4176 Ecclesie
1735 4113 1865 4174 stren-

84 4211 230 4316 genensi
259 4208 429 4290 confero
457 4206 619 4286 Curiam
649 4233 774 4285 meam
805 4205 1018 4301 Stenseter,
1048 4233 1139 4284 cum
1168 4203 1357 4285 omnibus
1377 4207 1459 4284 suis
1475 4207 1713 4301 attinenciis,
1744 4203 1865 4284 Colo-

83 4325 143 4419 nis,
168 4321 365 4432 piscariis,
394 4319 650 4428 prepositure
678 4316 955 4425 strengenensi
993 4333 1192 4432 perpetuo
1228 4316 1520 4423 assignandam,
1557 4347 1641 4403 non
1678 4317 1865 4398 obstante

10 4479 12 4520 μ
85 4435 110 4513 si
133 4431 320 4514 deminus
349 4430 470 4510 michi
501 4430 543 4508 in
560 4428 695 4509 liberis
712 4426 950 4535 prouiderit,
979 4459 1021 4508 s.
1052 4491 1060 4508 .
1091 4489 1100 4506 .
1132 4490 1141 4507 .
1178 4453 1319 4510 ...ne
1336 4444 1380 4505 vt
1397 4431 1437 4507 in
1453 4431 1529 4507 mei
1546 4431 1785 4510 memoriam.
1815 4457 1862 4511 ao

10 4557 12 4594 '
85 4542 310 4626 venerabilis
338 4541 463 4654 patris
491 4538 646 4648 dominj
681 4537 833 4619 anundi
869 4541 1060 4646 Episcopi
1103 4539 1167 4645 pie
1208 4537 1517 4639 recordacionis,
1558 4565 1606 4622 ao
1648 4557 1866 4650 parentum

85 4655 248 4746 meorum
279 4653 512 4766 septimanis
540 4649 708 4760 singulis
738 4678 814 4728 vna
844 4653 961 4730 missa
990 4648 1139 4731 ibidem
1170 4678 1244 4757 pro
1273 4653 1496 4730 animarum
1531 4655 1660 4733 salute
1693 4652 1863 4736 dicatur.

85 4761 339 4876 Super'lacto
368 4756 598 4845 huiusmodi
626 4761 722 4843 volo
750 4777 795 4840 vt
825 4761 944 4870 michi
973 4759 1094 4842 detur
1123 4779 1262 4870 patens
1297 4761 1443 4842 littera
1464 4790 1554 4842 cum
1592 4765 1725 4872 sigillo
1760 4765 1864 4844 eius-

83 4867 160 4958 dem
186 4870 364 4960 Eeclesie
393 4882 432 4957 &
460 4870 653 4984 Capituli,
681 4863 793 4983 quod
823 4875 948 4980 ipsius
976 4873 1143 4981 capituli
1174 4873 1467 4980 beneplacitum
1496 4875 1538 4956 in
1567 4874 1864 4960 hoccontineat

84 4993 349 5073 &assensum
377 4987 420 5069 Si
450 5001 582 5069 autem
610 4985 715 5066 hanc
745 4983 1044 5066 ordinacionem
1076 4985 1153 5066 iam
1182 4985 1335 5068 dictum
1364 4985 1596 5094 Capitulum
1625 4990 1863 5072 nondecre·
