4317 5975
949 396 1366 492 ...1111-

126 672 128 680 *
215 738 224 777 .·
259 641 391 813 ιι
409 642 491 811 ι
504 634 933 840 Ριιιιιι,ιι
957 614 1360 811 ιιιιι
1389 607 1925 806 teretur
1945 637 2141 805 ιι

261 870 351 925 mus
376 842 659 951 jnuooauimus
686 870 758 923 scu
786 840 1045 923 adhibuimus
1080 838 1183 921 fasta
1215 839 1425 948 wlgaritcr
1456 834 1695 946 appellatos,
1730 832 1794 915 Ne
1828 832 1952 939 igitur
1985 832 2053 916 ali·
2139 880 2140 899 ψ

112 1016 122 1027 .
261 956 356 1063 quis
381 952 532 1035 dictum
562 952 813 1035 laurencium
851 980 1013 1033 vxorem
1064 978 1178 1032 suam
1217 979 1289 1033 seu
1316 945 1485 1029 heredes
1518 949 1700 1055 ipsorum
1728 968 1851 1051 super
1879 942 2055 1051 predicta

222 1158 224 1169 Ι
261 1065 561 1174 permutacione
575 1067 656 1145 vim
672 1065 737 1145 uel
766 1064 1036 1171 calumpniam
1063 1065 1313 1169 inposterum
1341 1060 1490 1142 inferre
1516 1086 1589 1139 seu
1623 1052 1934 1168 quomodolibet
1968 1083 2055 1139 eum

261 1175 475 1256 molestare
504 1192 730 1283 presumat,
759 1180 800 1257 &
829 1186 875 1254 ut
904 1176 1031 1283 ipsam
1066 1174 1191 1255 eciam
1227 1171 1569 1283 permutationem
1604 1198 1680 1279 per
1714 1192 1955 1248 consensum
1989 1196 2059 1251 no·

261 1288 335 1367 stri
364 1287 533 1395 capituli
565 1287 712 1368 factam
741 1314 811 1367 seu
840 1287 1076 1367 ratificatam
1104 1312 1189 1366 esse
1215 1286 1372 1367 cunctis
1399 1284 1442 1362 in
1471 1299 1679 1391 posterum
1707 1276 1862 1389 liqueat
1889 1276 2057 1361 litteram

260 1397 343 1479 sibi
370 1413 599 1505 presentem
628 1398 713 1478 lieri
743 1396 821 1479 feci
849 1405 888 1478 &
917 1396 1049 1505 sigillo
1077 1397 1209 1477 nostri
1236 1393 1407 1504 capituli
1433 1421 1481 1474 ac
1510 1422 1599 1474 meo
1618 1391 1797 1501 prbprio
1811 1392 2057 1472 communiri.

264 1513 411 1589 Actum
441 1506 550 1615 apud
586 1509 779 1617 upsaliam
810 1508 907 1590 feria
942 1507 1119 1589 secunda
1151 1522 1243 1617 post
1270 1508 1441 1614 primam
1469 1502 1710 1585 dominicam
1725 1501 1941 1612 pamionis
1960 1526 2061 1583 aneo

265 1618 431 1728 dominj.
460 1620 680 1701 Millesimo.
711 1622 811 1701 CC'.
839 1621 1109 1728 Nonagesimo
1138 1620 1282 1727 primo.

650 1760 705 1823 Eu
726 1762 832 1846 styclc
853 1766 888 1822 ar
908 1782 987 1845 qrar
1006 1760 1044 1823 af
1061 1758 1174 1843 sigillet
1193 1760 1253 1822 llto
1277 1777 1310 1835 ¹3
1331 1760 1392 1821 nec
1413 1776 1431 1817 a
1455 1763 1490 1818 dr
1515 1754 1683 1819 bertlallet

277 2140 444 2283 roll.
866 2166 1036 2274 1291.
1078 2126 1128 2233 d.
1175 2167 1209 2273 9
1253 2128 1380 2276 Apr.
1694 2100 2063 2229 Frbsbammar.
2140 2212 2144 2262 ,ι

313 2368 316 2375 ’
355 2346 467 2409 Arunn
488 2344 634 2410 Henetus
657 2370 729 2411 sons
750 2349 1016 2411 testamentarisla
1038 2349 1211 2431 anordning
1231 2369 1283 2411 om
1305 2350 1349 2409 siu
1371 2348 1533 2432 qvarldtna
1554 2344 1715 2427 egendum.

376 2484 428 2561 Jn
457 2482 617 2559 nomine
646 2483 773 2589 patris
801 2486 842 2561 8(
871 2480 943 2589 filij
972 2487 1013 2561 8(
1039 2482 1206 2591 spiritus
1232 2480 1365 2587 sanctj
1393 2506 1520 2561 amen.
1549 2482 1679 2559 Anno.
1703 2476 1860 2559 domini
1888 2474 2064 2557 .M'.CC'.

268 2594 541 2700 nonagesimo.
572 2592 714 2699 primo.
745 2592 1031 2673 terciodecimo
1062 2591 1252 2673 kalendas
1280 2594 1371 2701 maj.
1399 2592 1488 2699 Ego
1510 2586 2066 2672 anunnusnananzsunlicet

63 2802 68 2809 .
267 2730 439 2810 corpore
468 2700 613 2782 debilis
643 2720 776 2783 mente
806 2720 938 2785 tamen
967 2730 1090 2783 sanus
1117 2704 1300 2785 senciens
1320 2731 1383 2782 me
1417 2704 1462 2783 in
1498 2703 1686 2783 extremis
1723 2699 1913 2781 laborare
1949 2696 2064 2778 saluti

204 2854 207 2863 v
267 2814 398 2901 anime
428 2840 513 2893 mee
542 2815 685 2895 volens.
711 2813 926 2922 prouidere
966 2830 1247 2896 testamentum
1290 2841 1422 2895 meum
1463 2814 1597 2894 condo
1639 2814 1681 2892 in
1723 2810 1834 2893 huuc
1888 2806 2066 2903 modum,

232 2922 513 3022 ⁸Monasterio
541 2924 591 3008 de
627 2925 722 3007 saba
752 2926 821 3006 vbi
864 2926 999 3034 juxsta
1042 2941 1228 3036 parentes
1269 2952 1379 3008 meos
1419 2924 1671 3034 sepulturam
1713 2922 1819 3033 eligo
1864 2923 1957 3032 lego
1997 2918 2066 3002 hec

268 3037 374 3118 bona
406 3037 569 3116 Curiam
599 3065 727 3116 meam
755 3039 794 3117 in
825 3037 1026 3132 Weclum,
1056 3054 1098 3116 et
1124 3033 1332 3118 dimidiam
1361 3037 1537 3118 Marcam
1564 3053 1672 3118 terre
1702 3035 1745 3116 in
1781 3034 1899 3133 Wik‚
1935 3041 1975 3114 br
2003 3059 2067 3113 cu·

270 3150 368 3228 riam
398 3175 522 3227 nicam
559 3147 641 3244 abir
678 3175 770 3229 cum
812 3146 1042 3227 molendino
1080 3146 1244 3244 ibidem,
1279 3166 1318 3228 ct
1352 3149 1502 3229 curiam
1538 3175 1666 3228 meam
1699 3147 1742 3226 in
1779 3143 2066 3256 cremplinghe,

185 3251 196 3260 ”
270 3285 362 3338 cum
390 3257 508 3336 bonis
531 3257 721 3337 omnibus
751 3257 967 3337 mobilibus
1001 3262 1042 3338 8(
1077 3258 1351 3338 immobilibus
1386 3262 1426 3340 in
1468 3257 1660 3368 predictis
1696 3258 1818 3339 curiis
1852 3255 2069 3352 contentis,

269 3385 312 3448 et
340 3364 570 3447 molendina
600 3371 806 3477 superiora
838 3369 878 3447 in
909 3369 1178 3477 thorshargbe
1219 3397 1311 3450 cum
1355 3368 1482 3450 fundo
1524 3398 1571 3449 ac
1614 3368 1747 3478 agello
1787 3368 1955 3450 ibidem.
1983 3392 2069 3446 cum

270 3478 492 3558 molaribus
522 3481 639 3558 nouis
668 3477 803 3559 eadem
833 3480 949 3558 emtis
979 3497 1019 3558 et
1049 3481 1235 3586 expensis
1262 3483 1550 3561 restauracioni
1577 3480 1808 3560 necessariis
1836 3478 2069 3572 eorundem,

269 3591 332 3669 De
361 3585 550 3697 predictis
578 3607 711 3670 autem
741 3590 858 3670 bonis
883 3590 977 3668 volo
1006 3591 1117 3699 quod
1148 3593 1216 3670 liat
1243 3617 1322 3670 vna
1357 3591 1546 3674 solemnis
1581 3592 1760 3701 pitancia
1794 3592 1968 3701 singulis
2002 3615 2070 3668 uo·

269 3703 333 3780 nis
362 3701 583 3793 conuentui
619 3701 767 3784 ibidem
811 3701 1014 3781 residuum
1057 3719 1190 3781 autem
1228 3702 1432 3782 fructuum
1473 3701 1652 3783 eiusdem
1694 3701 1832 3783 vsibus
1868 3730 1919 3783 eo
1948 3700 2071 3781 abun·

270 3807 530 3892 dancioribus
559 3828 758 3920 perpetuo
794 3811 1008 3906 deserunt,
1052 3811 1164 3892 nulla
1207 3811 1395 3894 facultate
1444 3811 1635 3921 predictis
1679 3813 1889 3894 monachis
1923 3813 2070 3904 relicta,
2126 3863 2130 3870 -

270 3921 376 4002 bona
410 3924 688 4030 prenominata
718 3923 771 4002 ab
801 3923 875 4003 hac
904 3920 1166 4002 ordinacione
1194 3924 1332 4034 aliquo
1363 3925 1621 4006 alienacionis
1648 3952 1797 4035 genere
1833 3917 2069 4016 distraendi,

271 4037 330 4113 Ac
358 4031 603 4115 dextrarium
634 4063 764 4113 meum
794 4063 882 4114 curn
914 4033 1031 4113 totali
1061 4051 1263 4115 armatura
1309 4065 1415 4132 mea,
1456 4038 1631 4146 Jnsuper
1672 4035 1900 4147 cappellam
1944 4059 2070 4120 meam

270 4171 360 4225 cum
389 4147 448 4224 sin
480 4144 557 4224 ulis
585 4147 843 4242 ornamentis,
873 4143 1059 4225 videlicet
1087 4174 1179 4226 cum
1208 4149 1336 4257 pallis,
1365 4147 1490 4229 calice
1519 4146 1726 4242 deaurato,
1754 4148 1901 4248 casula,
1932 4173 2075 4259 cappa,

270 4174 527 4364 antependio,
556 4253 608 4335 de
636 4255 923 4353 balddecbino,
953 4255 1188 4352 Dalmatica,
1217 4260 1375 4355 subtile,
1406 4258 1457 4341 de
1485 4283 1667 4368 purpura
1697 4256 1834 4368 dupla,
1868 4256 1923 4342 ad
1953 4286 2075 4339 vnum

271 4368 396 4461 altare
425 4366 575 4448 ibidem
604 4368 645 4446 in
675 4367 830 4448 bonore
860 4367 965 4449 beati
995 4365 1182 4448 iohannis
1202 4371 1470 4478 ¹ewangeliste
1503 4368 1751 4480 erigendum,
1787 4371 1947 4480 inquo
1989 4365 2095 4450 volo·

137 4517 140 4526 ·
271 4495 352 4557 tres
394 4480 510 4557 missa
552 4478 719 4584 singulis
764 4480 1006 4588 septimanis,
1055 4509 1171 4560 vnarn
1218 4509 1293 4588 pro
1335 4479 1548 4581 defunctis,
1597 4484 1711 4563 aliam
1748 4479 1798 4562 de
1838 4499 1984 4564 sancto
2018 4483 2075 4565 io·

272 4588 407 4668 henne
436 4588 708 4695 ewangelista,
737 4593 901 4672 terciam
938 4589 987 4672 de
1035 4590 1212 4687 domina,
1261 4594 1302 4672 in
1349 4610 1591 4704 perpetuum
1636 4593 1832 4675 celebrari
1874 4596 1981 4674 Jtera
2025 4585 2073 4672 ad

272 4697 521 4780 fundandam
565 4727 683 4779 vnam
722 4706 933 4782 canoniam
977 4701 1017 4781 in
1062 4701 1227 4784 ecclesia
1270 4707 1546 4814 strengenensi
1587 4706 1666 4787 sibi
1712 4705 1879 4786 confero
1924 4706 2073 4809 curiam

270 4839 398 4893 meam
428 4810 684 4909 ramshamar,
713 4842 805 4894 cum
834 4813 993 4894 duabus
1022 4813 1219 4896 sollidatis
1247 4831 1354 4896 terre
1381 4815 1424 4897 in
1455 4817 1584 4898 vicina
1620 4815 1731 4898 willa
1767 4816 1882 4916 vibi,
1920 4845 1968 4897 ac
2005 4843 2073 4898 cu·

268 4923 368 5004 riam
399 4950 525 5004 meam
553 4919 719 5024 adistat,
747 4955 839 5006 cum
867 4922 1039 5033 singulis
1065 4925 1185 5010 bonis
1226 4925 1279 5007 ad
1322 4956 1389 5009 eas
1436 4928 1737 5037 pertinentibus
1784 4927 2074 5012 mobilibus&
