4317 5975
14 558 18 565 ⁴
174 567 207 662 Ὗ
251 636 385 787 905.
1021 646 1026 654 ·
1071 633 1241 743 1286.

327 856 529 941 Laffmsuuen
548 854 621 921 turs
642 848 832 918 Stommsore
851 854 974 919 aielrift
994 857 1033 921 al
1048 857 1189 941 Lagman
1208 857 1330 920 Foum
1349 856 1361 919 i
1380 852 1505 941 Nydaln
1524 863 1653 937 uttugnn
1673 816 1882 923 Testameute.
2007 856 2010 861 ’

268 977 555 1079 rs
1706 968 1969 1042 “we

376 1102 581 1216 Vniversis
609 1118 812 1212 presentes
854 1104 1009 1185 litteras
1050 1104 1305 1215 inspecturis.
1346 1102 1398 1196 N.
1428 1102 1599 1213 sigritha
1640 1131 1727 1185 sun.
1779 1104 1920 1215 legifer
1953 1134 2048 1189 wae-

241 1216 392 1305 rendie.
422 1216 466 1299 in
480 1212 853 1299 ''dominosalutem
882 1214 1042 1299 Teuore
1064 1219 1260 1327 presentis
1275 1216 1465 1328 nouerint
1480 1216 1662 1318 uniuersi
1685 1246 1749 1299 me
1761 1233 2050 1301 testamentum
2152 1259 2155 1270 ·

243 1330 397 1440 dominj
429 1326 485 1412 ,Ε
512 1326 720 1441 quondam
747 1328 903 1445 legiferi
932 1328 985 1411 de
1011 1331 1256 1413 monasterio
1306 1330 1540 1413 nouewallis
1567 1330 1717 1412 tulisse.
1765 1334 1806 1410 8(
1834 1334 1876 1411 in
1907 1359 2051 1413 manus

189 1482 198 1499 ν
242 1440 397 1553 dominj
427 1441 490 1525 ,Μ
518 1441 684 1525 illustris
712 1468 902 1524 sueorum
949 1443 1250 1554 gothorumque
1292 1444 1397 1551 regis
1439 1440 1737 1523 commendasse
1781 1444 1897 1523 euius
1924 1459 2050 1526 testa·

240 1558 368 1641 menti
395 1556 515 1636 series
545 1554 635 1636 talis
662 1553 752 1635 fuit
807 1556 860 1639 Se
882 1557 1142 1664 fdregciende
1169 1556 1251 1638 ils-:o
1281 1556 1402 1661 742-
1434 1556 1487 1635 lu
1528 1555 1644 1635 euius
1684 1557 1744 1637 rei
1772 1557 2051 1638 testimonium

216 1666 418 1777 sigillum
446 1696 580 1749 meum
621 1668 799 1776 presenti
838 1670 1105 1777 transscripto
1147 1666 1327 1776 appendi
1370 1664 1424 1748 ad
1467 1666 1720 1755 e'uideneiam
1750 1670 2067 1779 premissorum„

243 1780 364 1870 Auno
393 1780 548 1891 domiuj
576 1778 1044 1865 ‚M’.CC⁰.LXXX⁰.VI·.

844 1921 965 2005 sigillet
986 1920 1059 1985 mer
1079 1920 1148 1985 aes
1166 1941 1269 1985 remu
1288 1920 1460 1985 mutuet

251 2332 384 2485 906.
439 2310 442 2325 ⁸
909 2338 1058 2447 1286
1104 2336 1155 2443 d.
1202 2374 1250 2445 2
1292 2338 1401 2446 Jan.
1848 2338 2051 2489 Upsala.

257 2529 259 2533 .
325 2554 464 2624 Utvalde
485 2554 737 2648 ilrlre-Bislsopen
758 2560 891 2625 tuem
912 2562 1039 2626 Bossors
1062 2560 1246 2623 belrallelse
1267 2562 1308 2646 pd
1330 2562 1396 2625 Fru
1415 2517 2058 2627 mensusTesumente'ullpreduue-
2151 2596 2155 2605 ·

245 2639 420 2753 Muulmne
441 2644 453 2703 i
473 2642 611 2725 Sigtuna.
1695 2726 1731 2783 Δ.
1748 2727 1774 2782 3.
1791 2744 1816 2781 α
1836 2744 1864 2782 u
1883 2726 1919 2793 U·

302 2952 307 2961 ,
380 2860 592 2943 Uniuersis
619 2877 824 2971 presentes
853 2860 1008 2943 litteras
1035 2862 1295 2969 inspecturis,
1325 2858 1496 2963 Magnus
1526 2856 1591 2940 dei
1619 2861 1754 2970 gracia
1785 2860 1935 2941 electus
1964 2866 2051 2972 epi-

246 2999 391 3084 scopus
418 2973 657 3080 upsalensis,
685 2974 853 3056 salutem
881 2975 925 3054 in
954 2971 1429 3084 domiuosempiternam.
1458 2970 1689 3053 Constituta
1717 2974 1761 3053 in
1789 2992 1928 3060 nostra
1958 3002 2052 3084 pre·

245 3087 374 3168 sentia
403 3084 551 3164 nobilis
585 3083 750 3166 domina
778 3085 985 3194 Raguildis
1004 3081 1168 3163 'erleudi
1196 3083 1299 3179 filia,
1328 3109 1398 3161 sua
1428 3083 1546 3163 nobis
1574 3087 1797 3166 assercione
1827 3084 2053 3168 deelarauit
2153 3176 2154 3179 Ν

246 3195 360 3310 quod
393 3194 525 3276 lacum
554 3196 758 3305 quendam
785 3195 939 3279 dietum
967 3195 1173 3292 ttusamyr
1213 3195 1326 3274 iuxta
1354 3193 1570 3277 siktoniam
1613 3199 1754 3292 situm,
1776 3226 1890 3277 oum
1919 3215 2050 3296 terra,

245 3309 381 3421 uquis,
410 3307 678 3417 graminibus,
708 3310 845 3416 lignis,
875 3313 915 3388 8(
942 3308 1084 3386 ceteris
1112 3334 1193 3416 que
1222 3305 1301 3387 loci
1329 3305 1437 3386 illius
1467 3335 1551 3387 esse
1578 3307 1868 3415 dinoscuntur,
1914 3309 2052 3391 fratri·

244 3421 323 3502 bus
352 3418 674 3530 predicatoribus
703 3419 1001 3503 siktonensibus
1028 3419 1202 3498 eontulit
1229 3419 1351 3528 pleno
1390 3421 1479 3500 iure
1522 3419 1830 3528 possidendum,
1881 3450 1973 3501 oum
2002 3421 2052 3502 li'·

247 3533 350 3614 bero
380 3531 554 3613 decursu
591 3559 695 3642 aque
739 3529 790 3614 de
832 3531 938 3638 lacu,
964 3547 1185 3634 memorato
1212 3528 1263 3611 ad
1291 3532 1473 3639 spacium
1516 3533 1639 3613 trium
1679 3534 2052 3644 brachiorumque
2139 3623 2142 3627 ἵ

247 3644 456 3753 wlgariter
483 3642 595 3724 famu
623 3645 956 3739 denominantur,
986 3643 1028 3722 in
1057 3641 1332 3739 latitudinem,
1360 3658 1443 3723 tam
1457 3670 1532 3752 per
1546 3673 1664 3752 agros
1679 3675 1801 3755 quam
1824 3673 1897 3752 per
1927 3645 2049 3754 plana

249 3782 500 3866 camporum,
529 3762 569 3835 8(
595 3756 673 3835 hoe
702 3781 830 3866 usque
860 3755 912 3836 ad
940 3755 1122 3864 ipsorum
1137 3753 1434 3851 molendinum,
1465 3759 1622 3866 nequis
1637 3759 1680 3837 in
1708 3773 1918 3866 posterum
1938 3760 2051 3865 ipso·

103 3935 106 3941 ,
245 3894 337 3976 rum
374 3866 629 3948 commodum
659 3871 699 3944 8(
727 3867 944 3947 utilitatem
985 3893 1059 3974 per
1096 3864 1261 3946 modum
1302 3866 1480 3977 aliquem
1524 3868 1656 3948 valeat
1684 3867 1900 3977 impedire,
1944 3870 2052 3948 sicut

246 3979 604 4077 etiammanifeste
634 3993 745 4085 patet
771 3981 815 4058 in
844 3980 1123 4084 instrumento,
1143 4004 1267 4086 super
1295 3974 1404 4057 dieta
1432 3976 1657 4061 donacione
1692 3979 1897 4076 confecto,
1928 3984 1968 4060 8(
1995 3981 2050 4059 si·
2116 3989 2120 3998 '

246 4085 534 4201 gillisdomini
564 4090 640 4169 mei
668 4091 1007 4197 regis'sweorum
1043 4065 1231 4184 illuseris,
1260 4094 1301 4168 &
1329 4090 1467 4198 ipsius,
1484 4087 1646 4171 domine
1675 4089 1906 4198 RaguildiS,
1935 4089 2051 4201 quod

245 4201 461 4311 diligenter
503 4202 769 4311 inspeximus,
812 4201 1024 4300 roborato,
1066 4195 1151 4282 Nos
1191 4199 1317 4306 igitur
1360 4198 1511 4281 dictam
1539 4201 1806 4284 donacionem
1834 4204 1962 4284 seruis
1983 4201 2051 4283 dei
2123 4251 2129 4258 -

247 4329 333 4394 tam
361 4311 634 4412 ritefaetem,
667 4313 907 4394 auctoritate
936 4311 1112 4422 deique
1141 4311 1370 4419 fungimur,
1411 4308 1706 4399 confirmamus.
1764 4310 1815 4395 lu
1846 4320 1961 4395 ouius
1989 4317 2052 4394 rei

248 4427 596 4512 confirmacionem
638 4425 814 4534 sigillum
847 4417 1025 4535 'capituli
1062 4423 1191 4502 nostri
1235 4421 1424 4505 duximus
1458 4427 1713 4535 presentibus
1749 4423 2052 4535 apponendum.

249 4531 400 4654 Datum
427 4539 579 4650 vpsalie
608 4565 713 4622 anno
742 4537 905 4621 domini.
964 4533 1408 4619 M⁰.CC⁸.LXXX⁰V1⁶.
1467 4538 1626 4644 Quarto
1654 4541 1774 4622 nonis
1801 4537 1993 4644 lanuarij.

846 4679 906 4746 ,Af
922 4679 1044 4764 sigillet
1074 4687 1120 4741 ett
1140 4677 1208 4741 litet
1228 4680 1334 4765 styele
1355 4701 1441 4766 qvar.

251 4870 524 4894 m

290 4931 317 5012 *l
337 4929 560 4996 Fiuues'lfveu
581 4931 592 4998 i
612 4941 682 4997 atne
703 4927 920 5000 vidimalioner
939 4927 978 4997 ni
993 4917 1030 4998 ἃ(
1052 4928 1260 5013 elemento
1279 4929 1464 5015 ssregdende
1484 4930 1545 4995 lito
1564 4927 1626 5013 695
1647 4883 1708 4992 ech
1729 4925 1799 5012 75u
1947 4885 1952 4891 Ι
1980 4883 1984 4892 ¹
