4317 5975
834 333 1085 439 ...1487
1194 344 1253 399 ..'.

136 579 257 638 nosa.
280 550 465 635 discretis
491 551 590 635 viris
619 551 786 636 domino
822 551 971 636 abbate
1004 554 1181 662 johanne
1213 570 1254 636 et
1283 571 1490 638 conuentu
1519 566 1626 639 noue
1654 555 1770 641 vallis
1799 580 1849 645 ex
1865 550 1944 645 rna

139 682 280 776 parte,
309 680 350 747 et
377 669 570 745 swenone
598 692 735 771 gunna
764 662 915 745 sonex
943 665 1071 746 altera
1102 663 1322 765 audiuisse,
1349 666 1462 778 quod
1490 668 1727 778 infringenti
1754 678 1948 753 concam·'

40 855 43 859 s
134 780 246 861 bium
276 793 476 858 terrarum
505 773 618 886 quod
655 776 836 858 fecerant
878 775 930 856 de
971 776 1288 885 possessionibus
1316 780 1506 862 omuibus
1535 809 1636 891 quas
1665 781 1809 866 babuit
1835 759 1942 893 jdem

14 974 16 977 ,
134 895 276 976 ’111111
303 886 352 995 jn
369 885 568 997 'parochia
624 888 819 991 wrixstab
848 904 1056 995 gratanter
1084 891 1302 1000 acceptatis
1330 919 1354 969 a
1383 889 1574 999 predictis
1604 892 1752 975 abbate
1780 909 1821 974 et
1843 900 1946 977 cond

135 1005 264 1085 uentu
311 1025 387 1108 pro
430 996 747 1108 possessionibus
789 1015 928 1080 eorum
968 998 1156 1080 omnibus
1199 1001 1463 1081 attinentibus
1497 1004 1618 1087 curiis
1647 1005 1688 1085 in
1718 1004 1945 1088 Wernamo'

43 1102 57 1144 '
134 1111 354 1212 starkaritp
395 1128 437 1192 et
477 1109 741 1219 molnotborp
784 1139 875 1192 cum
905 1112 1046 1218 agris,·
1074 1111 1202 1218 pratis
1236 1130 1277 1193 et
1305 1112 1536 1194 molendino
1564 1141 1706 1223 penam
1736 1115 1942 1225 jmposue·

93 1254 103 1260 “
135 1241 232 1308 runt
259 1221 421 1301 XXXz‘·
461 1221 712 1303 marcharum
753 1220 1010 1303 denariorum
1055 1249 1106 1301 ex
1135 1240 1306 1332 utraque
1336 1238 1451 1330 parte
1479 1223 1531 1304 ad
1559 1224 1636 1305 hoc
1664 1224 1740 1307 fide
1772 1232 1940 1336 prestita

134 1332 358 1445 corporali,
386 1337 439 1415 Jn
468 1331 586 1440 cujus
619 1336 678 1413 rei
706 1334 977 1416 testimonium
1007 1331 1182 1442 sigillum
1212 1350 1395 1415 nostrum
1419 1338 1670 1443 presentibus
1697 1354 1757 1419 est
1785 1366 1939 1449 appen-

132 1476 246 1543 sum,
274 1446 423 1527 Datum
453 1446 574 1528 Anno
605 1442 756 1527 domini
790 1445 848 1526 Μ·
887 1445 1007 1525 CCC'
1036 1445 1228 1553 septime,
1256 1444 1401 1526 Tercio
1429 1443 1509 1526 kal.
1538 1446 1741 1530 februarii.

488 1585 615 1671 sigillet
640 1585 789 1667 skadadt,
815 1587 981 1671 h‘dngande
1002 1589 1046 1673 pt
1067 1608 1107 1650 eu
1128 1610 1169 1652 ιιι·
1190 1586 1316 1653 brefvet
1337 1588 1442 1673 klippt
1463 1610 1574 1651 remea.

147 1955 315 2068 1531.
511 2059 514 2074 ,
883 1950 986 2056 Vid
1031 1951 1184 2096 1307.

217 2176 324 2237 Grunu
345 2174 487 2234 Nmssons
507 2170 672 2256 bytasbret'
687 2168 728 2251 pt
747 2189 785 2230 eu
807 2169 880 2231 slist
901 2172 912 2231 i
932 2169 1067 2255 thihult
1088 2172 1135 2232 till
1157 2170 1262 2233 Abbot
1282 2170 1434 2235 Johannes
1454 2175 1466 2235 i
1485 2172 1621 2259 Nydala,
1652 2182 1735 2236 emot
1754 2172 1821 2237 deas
1843 2172 1936 2237 latter
2028 2189 2034 2202 '

258 2262 270 2321 i
290 2255 603 2340 alimanningsskogeu
623 2252 735 2314 mellan
756 2252 869 2347 lugebo
888 2253 949 2316 och
970 2254 1122 2316 Stenbtcl
1142 2258 1153 2317 i
1173 2253 1321 2339 Ffl'ele‘ss
1342 2257 1460 2318 ⁵⁰⁰ken·
1681 2338 1705 2391 A
1733 2340 1749 2393 3
1774 2354 1800 2394 ι

247 2407 446 2488 Omnibus
471 2433 631 2516 presens
666 2406 857 2513 scriptum
884 2403 1148 2487 cernentibus.
1221 2404 1369 2489 thoo
1395 2427 1556 2491 utcotnt
1584 2429 1657 2488 son
1697 2404 1741 2488 in
1770 2404 1933 2490 domino

134 2520 299 2603 salutem
326 2517 579 2627 presentibus
606 2533 806 2624 protestor
833 2521 896 2597 me
924 2546 1016 2598 cum
1043 2514 1212 2598 discreto
1238 2519 1325 2599 viro
1382 2518 1554 2600 Domino
1589 2516 1761 2599 iohanne
1789 2518 1932 2599 abbate

132 2648 351 2715 conuentus
389 2659 493 2711 noue
526 2628 638 2711 vallis
681 2644 874 2711 terrarum
916 2627 1114 2710 cambium
1154 2629 1277 2735 egisse
1303 2629 1347 2711 in
1374 2629 1480 2713 hunc
1509 2625 1670 2710 modum
1711 2626 1830 2732 Quod
1858 2656 1933 2735 ego

135 2773 212 2854 pro
237 2742 418 2852 partibus
445 2741 526 2821 suis
553 2766 651 2851 quas
678 2738 798 2818 habet
824 2740 869 2820 in
895 2744 1177 2821 communitate
1211 2742 1310 2823 silue
1337 2769 1415 2853 que
1442 2743 1542 2822 iacet
1569 2743 1678 2822 iuxta
1705 2741 1931 2846 ingatbotbi

136 2883 261 2965 vsque
289 2848 339 2932 ad
366 2852 539 2933 riuulum
567 2851 642 2962 qui
664 2851 862 2956 wlgaliter
889 2849 1032 2932 dicitur
1059 2852 1237 2933 stenbaek
1266 2853 1617 2959 possessiunculam
1658 2879 1784 2933 meam
1812 2880 1931 2962 qnam

134 2969 178 3048 in
205 2964 394 3047 miutlrult
417 2965 545 3045 habeo
567 2989 645 3075 que
672 2962 869 3068 wlgaliter
897 2961 1042 3045 dicitnr
1070 2964 1179 3074 skipt
1207 2965 1461 3047 contuleram.
1519 2965 1542 3042 J
1545 2995 1570 3047 n
1598 2964 1709 3047 11111
1736 2966 1793 3046 rei
1821 2966 1947 3044 testi-⁴

135 3080 315 3159 monium
342 3078 541 3184 siggillnm
569 3103 698 3154 meum
726 3078 978 3182 presentibus
1004 3094 1063 3156 est
1091 3103 1323 3185 appensum.

640 3219 690 3280 Pa
699 3218 895 3298 frdnridan:
935 3217 1039 3279 Perua
1060 3210 1205 3300 pbssessio
1225 3222 1256 3280 in
1276 3217 1424 3280 mtbulth.

544 3300 663 3383 Sigillet
683 3303 776 3362 finues
796 3303 837 3384 ps
858 3323 895 3362 en
916 3323 955 3363 ur
975 3302 1097 3364 brefvct
1118 3303 1217 3384 llippt
1239 3323 1353 3380 remsa,
1381 3298 1523 3362 sladadt.

139 3711 306 3910 ibba.
543 3715 549 3726 i
740 3727 892 3890 1367
938 3733 986 3838 d.
1041 3733 1108 3840 13
1155 3731 1303 3840 Febr.
1633 3729 1976 3876 Linltbpingf

215 3974 436 4054 1111111111111
457 4008 514 4050 ocu
535 3989 616 4050 nans
636 3989 648 4047 i
668 3988 848 4070 Liuliiping
868 3988 976 4128 intpp,
997 3995 1044 4082 att
1055 3984 1189 4064 Helena,
1201 3986 1359 4048 lohannes
1369 3987 1530 4069 Ingressus
1542 3986 1717 4064 enla,isin
1728 3995 1830 4069 syster
1841 3943 1935 4046 01111-

236 4076 332 4136 stinas
353 4082 491 4134 narrato
512 4072 606 4154 gifvit
626 4073 674 4132 sin
696 4071 777 4152 gard
797 4068 897 4132 Utala
919 4069 969 4130 tal
990 4069 1185 4152 Lmlb'pings
1195 4071 1382 4154 Domlyrla
1393 4069 1455 4148 (till
1466 4068 1692 4146 iurattandeaf
1698 4089 1736 4129 en
1748 4066 1931 4152 prebenda).
2063 4089 2066 4098 “

1597 4181 1672 4238 1131
1698 4183 1752 4238 116.
1771 4199 1796 4237 r.

268 4319 469 4402 Omnibus
498 4336 701 4424 presentes
730 4319 884 4399 litteras
914 4319 1154 4426 inspecturis
1176 4320 1390 4401 Consanus
1405 4321 1579 4400 ciuitatis
1592 4319 1856 4426 Lincopensis
1870 4343 1932 4397 sa-

14 4515 15 4523 1
129 4437 257 4515 lutam
298 4434 340 4512 in
384 4430 548 4512 domino
594 4431 878 4539 sempiternam
920 4431 1072 4533 Notum
1113 4429 1278 4514 facimus
1321 4434 1516 4512 uniuersis
1558 4429 1671 4541 quod
1713 4430 1932 4510 constituta

135 4573 270 4627 coram
296 4543 415 4624 nobis
450 4543 622 4649 lincopia
666 4543 709 4622 in
748 4543 907 4621 sacrista
949 4540 1109 4621 ecclesie
1151 4541 1248 4622 feria
1278 4539 1449 4624 secunda
1469 4537 1472 4543 ’
1489 4558 1581 4651 post
1608 4538 1844 4622 dominicam
1870 4539 1934 4648 jn-

132 4658 295 4740 uocauit
329 4652 464 4735 relicta
496 4654 697 4763 johannis·
722 4653 897 4758 Jngason
932 4650 1181 4761 presentibus
1222 4652 1404 4735 omnibus
1433 4655 1578 4733 nostris
1606 4649 1787 4733 videlicet
1813 4678 1932 4756 range

135 4763 268 4850 waldo
315 4763 453 4848 balino
500 4766 729 4874 hemmingo
781 4790 949 4845 susanne
999 4763 1196 4846 laurencio
1244 4765 1449 4875 prouisore
1498 4766 1606 4846 curie
1649 4764 1825 4872 episcopi
1864 4791 1934 4870 pe-
