4317 5975
995 477 1053 498 -
1166 432 1244 541 572
1355 407 1459 496 -.

294 677 533 768 trum,-qne
564 654 613 737 ad
644 655 938 765 preposituram
968 655 1248 762 pertinebant,
1277 645 1463 737 Promisit
1490 652 1617 734 eciam
1652 647 1874 762 sepedictus
1907 661 2052 766 magister

284 775 351 853 ..tt
375 772 624 880 prepositus,
655 795 697 847 se
741 793 1025 872 responsurum
1070 783 1120 866 et·
1153 767 1450 848 satislaeturum
1501 763 1682 875 haquino
1731 762 1886 843 aelisiuae
1920 794 1982 847 sou
2019 770 2054 854 de

295 875 475 989 denarijs
503 899 605 989 quos
633 885 720 986 ipse
748 878 871 957 soluit
900 876 950 957 de
979 903 1074 973 suo,
1117 907 1277 959 ormero
1315 879 1423 958 dicto
1452 873 1575 982 pialsn
1612 901 1689 985 pro
1718 873 1868 982 predijs
1903 874 1940 982 jo
1973 878 2056 962 lob·

295 995 439 1100 thorp,
484 1019 532 1069 rx
572 1008 684 1098 parte
713 986 863 1068 domini
893 988 949 1068 .B.
979 1003 1088 1068 tunae
1116 1015 1189 1069 son
1218 989 1434 1098 prepositi,
1464 1015 1539 1094 pro
1569 985 1720 1096 predijs
1755 1012 1835 1095 qne
1870 983 1985 1068 dictus
2006 991 2060 1072 ba·

296 1107 446 1215 quinus
474 1103 570 1181 emit
597 1101 647 1181 de
676 1104 763 1207 ipso
792 1099 999 1208 preposito
1028 1099 1071 1204 jn
1109 1099 1281 1196 baronu,
1324 1100 1483 1180 Adiecit
1524 1099 1691 1206 jnsuper
1732 1114 1962 1177 memoratus
1997 1129 2058 1192 na·

297 1218 421 1324 gister
450 1213 505 1292 .ss.
534 1209 646 1320 quod
677 1211 711 1291 si
739 1210 848 1290 dicte
876 1208 1057 1302 domine,
1088 1213 1123 1290 J.
1153 1214 1203 1292 0.
1231 1227 1271 1290 et
1303 1213 1346 1291 E.
1377 1209 1436 1292 vel
1476 1209 1643 1290 heredes
1673 1235 1810 1290 earum
1840 1212 2059 1316 composicio·

296 1349 390 1405 nem
421 1321 662 1430 predictam,
703 1321 749 1428 jn
785 1322 922 1429 aliquo
956 1347 1129 1415 cassare,
1166 1321 1229 1400 vel
1267 1323 1477 1402 immutare
1517 1321 1825 1429 temptauerint,
1860 1325 2060 1426 composicio

298 1434 501 1545 predicte,
529 1433 679 1512 nullam
712 1430 859 1509 habeat
883 1432 1143 1528 firmitatem,
1176 1431 1324 1538 sedeo
1362 1433 1450 1542 ipso
1492 1434 1569 1542 ipsi
1600 1433 1654 1512 .Β.
1685 1433 1908 1540 preposito,
1944 1446 1979 1509 et
2003 1438 2060 1514 suit

266 1633 269 1640 Ι
297 1545 614 1639 successoribus,
645 1543 695 1622 ad
727 1541 865 1649 predia
898 1544 1152 1649 prepositure
1180 1562 1428 1651 supratacto,
1457 1561 1497 1622 et
1527 1543 1624 1622 alibi
1646 1543 1679 1622 si
1694 1543 1965 1636 inueniuntur,
1984 1537 2065 1624 liber

298 1672 340 1738 et
369 1658 502 1736 licitus
531 1656 581 1734 sit
610 1680 822 1761 regressus,
865 1651 926 1732 Ne
955 1653 1080 1758 igitur
1109 1682 1230 1762 snper
1259 1656 1473 1762 premissis,
1502 1654 1636 1763 aliqua
1668 1652 1793 1762 possit
1821 1654 1863 1732 in
1894 1667 2060 1759 posterum

298 1767 485 1848 dubietas
507 1761 696 1870 suborirj
745 1763 919 1870 sigillum
965 1782 1147 1843 nostrum
1190 1781 1230 1844 et
1272 1764 1466 1873 sigillum,
1509 1765 1636 1873 jpsius
1678 1765 1858 1872 magistri
1898 1763 2061 1846 benedicti

250 1925 261 1939 ·
300 1877 496 1988 prepositi
525 1879 729 1970 scarensis,
760 1874 1014 1982 presentibus
1049 1892 1143 1954 sunt
1178 1903 1369 1984 appensa,
1397 1876 1441 1984 jn
1471 1878 1742 1958 testimonium
1783 1893 1824 1954 et
1852 1874 2062 1956 enideneian

300 1989 586 2096 premissorum
616 1987 847 2095 pleniorem.
911 1986 1058 2064 Datum
1091 1985 1232 2066 leckiu.
1269 1991 1399 2068 Anno.
1438 1986 1604 2069 domini.
1640 1989 1712 2069 Mt
1750 1987 1885 2069 CCC⁰.
1926 1985 2005 2064 lll0.
2027 1987 2060 2066 ll.

299 2097 379 2178 kal.
406 2097 512 2203 Mal·
1002 2203 1128 2286 segmen
1152 2206 1245 2289 negor
1265 2205 1409 2271 stactae.

237 2579 271 2654 ’-
314 2565 482 2681 1621.
937 2571 1088 2716 1309
1134 2573 1182 2678 d.
1232 2574 1304 2680 23
1354 2574 1480 2720 Apr.

384 2753 496 2817 Eulan
519 2754 719 2817 Krruuamss
740 2756 934 2818 Testamente
957 2758 995 2817 ai
1010 2779 1050 2820 en
1072 2757 1124 2820 del
1146 2763 1155 2820 i
1176 2759 1350 2822 Hieruistad
1363 2762 1408 2821 till
1420 2759 1562 2823 Alrestre
1579 2760 1703 2837 kloster,
1716 2757 2065 2898 lb'rgrefsgfllgedersttdu

413 2937 614 3018 Omnibus
644 2955 849 3047 presentes
885 2940 1038 3022 litteras
1067 2947 1327 3052 inspecturis,
1371 2947 1584 3027 Karmina
1628 2945 1766 3025 relicta
1812 2942 2066 3025 nuuaeucude

301 3050 640 3143 biernistadhum,
669 3051 836 3129 salutem
867 3052 907 3130 iu
945 3053 1110 3135 domino
1147 3058 1431 3163 sempiternam
1467 3058 1627 3137 Tenere
1671 3059 1922 3165 presencium
1963 3070 2066 3133 notun

301 3159 407 3241 facio
436 3163 648 3257 uniuersis,
676 3160 787 3269 qnod
819 3165 1022 3244 monacbis
1052 3169 1092 3246 in
1132 3168 1309 3247 aluastro
1345 3166 1453 3275 apud
1491 3195 1595 3278 quos
1628 3167 1788 3276 sepeliri
1825 3167 1951 3273 eligo,
1988 3180 2067 3244 octa·

301 3299 394 3350 uam
425 3288 582 3379 partem
618 3273 736 3352 vuius
770 3276 966 3382 octenarij
1006 3283 1049 3356 iu
1078 3277 1408 3358 'biernistadlrnm
1452 3281 1615 3359 nomine
1658 3280 1889 3360 testamenti
1938 3274 2067 3357 confero

300 3398 394 3489 post
425 3399 591 3495 mortem
622 3406 747 3461 meam
784 3402 984 3491 perpetuo
1021 3388 1323 3496 possidendam,
1366 3393 1416 3470 ln
1453 3393 1566 3470 cuius
1601 3391 1659 3469 rei
1697 3387 2066 3496 euidenciam,-quia

301 3493 476 3599 sigillum
507 3493 718 3600 proprium
749 3521 830 3573 non
860 3495 1009 3587 babeo,
1039 3497 1168 3606 sigilla
1205 3498 1467 3580 discretorum
1503 3502 1680 3583 virorum
1707 3499 1881 3582 -domini
1923 3500 2066 3580 iohannis

301 3600 351 3681 de
381 3631 602 3707 grennum,
632 3618 673 3681 et
702 3604 886 3683 asmundi
916 3604 1013 3684 dicti
1043 3608 1191 3712 leangb
1221 3611 1319 3691 duxi
1363 3612 1614 3739 presentibus
1656 3612 1914 3721 apponenda,
1957 3611 2067 3691 Daton

302 3740 413 3793 anno
442 3710 614 3811 domini,
642 3714 715 3810 ΜΟ,
750 3714 884 3813 CCC0,
906 3715 977 3811 lX,
1007 3716 1072 3797 die
1102 3719 1209 3799 beati
1237 3722 1393 3830 georgrj
1424 3724 1609 3803 martiris.

701 3852 828 3936 Sigillen
851 3858 922 3919 med
944 3857 982 3921 de
1005 3881 1040 3920 ur
1062 3859 1184 3925 brelret
1206 3866 1328 3951 llippte
1351 3884 1506 3955 remsorne
1528 3864 1707 3928 bortlellne.
1747 3900 1751 3907 ·
1816 3956 1824 3963 .

314 4244 481 4361 1622.
841 4292 851 4301 ·
894 4256 1044 4401 1309
1091 4259 1139 4364 d.
1183 4344 1195 4365 .
1239 4346 1249 4365 .
1293 4266 1405 4410 Maj
1600 4354 1608 4367 ,
1921 4198 2069 4366 Leclrb.

384 4438 535 4523 Biskopen
558 4439 567 4498 i
589 4434 688 4497 Sirra
711 4438 866 4506 Barnous
895 4446 982 4527 iutyg
1006 4467 1057 4508 om
1087 4448 1145 4510 den
1179 4451 1291 4513 melleo
1324 4455 1530 4535 Domprosteu
1563 4446 1663 4531 Bengt
1692 4450 1752 4525 och
1784 4450 1872 4513 idere
1903 4450 2071 4531 Domprostct

436 4524 535 4603 Bengt
556 4520 723 4581 Tuuaesons
745 4534 860 4603 systrar
880 4527 988 4609 gjordu
1010 4530 1337 4614 direrenskommelse‚
1368 4536 1502 4598 rb'recde
1524 4535 1561 4599 de
1582 4537 1658 4617 gods
1681 4536 1780 4617 Bengt
1813 4534 1960 4595 Tunaesou
1988 4524 2071 4605 asstitit

436 4606 506 4666 srdu
528 4606 785 4685 Domprosteriet.

415 4755 616 4836 Omnibus
644 4781 807 4863 presens
835 4760 1030 4867 scriptum
1059 4766 1337 4863 cernentibus,
1367 4766 1649 4851 Burmunrnus
1676 4766 1743 4877 dej
1765 4696 2071 4875 gracisiscbrensis

304 4865 549 4979 Episcopus,
577 4866 753 4951 Salutem
783 4870 823 4951 io
852 4868 1019 4955 domino
1046 4877 1349 4985 sempiternam,
1384 4880 1534 4963 Notum
1563 4880 1731 4962 lecimus
1759 4878 1966 4971 vuiuersis,
1986 4862 2069 4984 quod

1910 4986 2000 5070 Ma..
