4317 5975
804 383 861 446 -·-
929 323 1078 513 sass-
1164 427 1219 448 .-

42 689 48 699 ,
105 603 307 691 zelatores
343 586 662 714 apprehendant
679 622 788 704 arma
815 602 971 711 timoris
998 603 1155 688 domini
1183 602 1364 706 induant
1392 630 1433 686 se
1464 583 1556 685 lidei
1584 600 1812 686 orthodoxe
1848 601 1907 685 lo·

103 718 199 800 rica.
228 714 359 797 diuini
387 719 534 798 amoris
561 731 720 804 scutum
749 733 955 797 assumant
982 737 1024 799 et
1050 717 1127 799 snb
1157 718 1344 828 potencia
1387 717 1549 796 virtutis
1577 713 1757 796 altissimi
1778 717 1908 798 robo-

9 897 13 904 .
53 925 60 930 .
104 846 257 910 rentur.
286 828 616 937 Opprohriorum
645 827 824 908 etenim
852 827 1031 909 crvcilixi
1054 857 1135 941 que
1165 830 1268 909 liunt
1296 831 1333 910 ei
1361 827 1413 909 ab
1441 825 1725 936 insipientibus
1738 841 1824 906 tota
1841 825 1909 909 die

104 938 286 1031 vindices
310 941 394 1021 eius
422 944 503 1020 sint
532 965 726 1020 memores
753 953 794 1020 et
821 966 916 1048 erga
945 956 1091 1022 statum
1120 941 1384 1022 miserabilem
1401 953 1661 1020 terresanctc
1689 935 1909 1047 plenitudi·
2002 951 2028 966 ”

106 1078 198 1132 nem
227 1052 533 1132 miserationum
563 1065 777 1132 exerceant
812 1051 1103 1162 compassionis
1145 1051 1295 1132 fluenta
1337 1051 1523 1133 deriuent
1565 1066 1606 1131 et
1641 1047 1909 1131 misericordis

105 1163 293 1272 aperiant
321 1164 471 1244 viscera
500 1163 661 1270 pietatis
687 1161 784 1273 qnia
813 1179 1016 1243 uenerunt
1034 1152 1175 1270 gentes
1196 1162 1237 1242 in
1253 1158 1512 1260 hereditatem
1541 1159 1695 1243 domini
1723 1176 1765 1242 et
1792 1188 1909 1242 sanc·
1960 1239 1964 1244 .

103 1293 192 1356 tum
222 1276 307 1354 eius
335 1272 639 1357 tabernaculum
670 1272 907 1383 polluerunt
920 1275 1208 1355 Accendantur
1219 1272 1383 1385 quidem
1400 1288 1443 1352 vt
1458 1274 1560 1381 ignis
1576 1270 1699 1354 corda
1728 1271 1909 1354 fidelium

10 1410 11 1413 ‘
103 1384 159 1466 ad
173 1387 297 1494 ipsius
311 1401 421 1467 terre
436 1385 740 1467 necessitatibus
767 1383 1085 1483 succurrendum
1102 1401 1143 1466 et
1157 1385 1326 1466 allectus
1346 1385 1412 1494 pie
1426 1381 1768 1467 'consideracionis
1781 1385 1910 1464 auctis
2017 1420 2021 1433 ·

105 1495 325 1578 ardoribus
354 1495 652 1577 inflammentur
682 1497 877 1605 prebeant
913 1523 1078 1607 quoque
1120 1525 1259 1579 manus
1300 1491 1351 1576 ad
1380 1493 1511 1604 opera
1533 1509 1575 1576 et
1601 1495 1678 1575 sub
1706 1521 1776 1604 spe
1805 1494 1910 1576 cele·

103 1609 177 1691 stis
191 1607 332 1688 auxilii
348 1608 520 1716 prelium
538 1605 690 1688 domini
712 1607 928 1716 preliantes
943 1605 993 1689 ad
1011 1606 1231 1690 iuuandum
1253 1606 1360 1689 illius
1381 1633 1542 1688 causam
1560 1605 1733 1686 feruenti
1747 1631 1910 1716 magna·

105 1721 289 1800 nimitate
331 1733 580 1828 consurgant
621 1719 694 1829 qui
732 1717 880 1798 multos
917 1719 959 1800 in
1003 1721 1143 1829 paucis
1179 1745 1249 1800 sue
1295 1722 1481 1829 potencie
1511 1721 1661 1800 virtute
1702 1713 1911 1798 concludit

102 1856 188 1913 non
216 1828 480 1910 obdormiens
508 1858 583 1912 nec
610 1830 832 1911 dormitans
861 1831 902 1910 in
932 1832 1148 1913 euentibus
1175 1831 1402 1939 gerentium
1434 1830 1584 1913 bellum
1614 1831 1699 1908 eius
1728 1829 1909 1937 ipsorum
2040 1880 2044 1886 ·

105 1958 242 2024 custos
271 1942 444 2052 peruigil
473 1956 515 2022 et
544 1940 778 2048 magnificus
806 1941 1108 2051 thriumphator
1136 1969 1280 2053 seque
1308 1944 1520 2051 accingant
1548 1939 1685 2050 gladio
1714 1940 1911 2048 potentis·-

99 2055 209 2136 simo
236 2056 344 2134 circa
373 2054 506 2134 femur
533 2051 585 2133 ad
614 2055 740 2162 ipsius
768 2053 935 2134 iniurias
965 2052 1220 2135 ulciscendas.
1255 2081 1354 2136 voce
1414 2052 1548 2135 uidem
1576 2049 1733 2134 assidue
1762 2052 1911 2132 lamen·

106 2166 276 2246 tacianis
304 2164 503 2245 exclamat
531 2179 573 2245 et
601 2165 841 2273 inproperat
866 2183 975 2245 terra
1004 2169 1091 2272 ipsa
1128 2163 1220 2246 fidei
1264 2083 1492 2247 orthodoxe
1519 2163 1744 2245 cultoribus
1773 2177 1819 2242 ut
1848 2162 1911 2244 re·

103 2274 268 2362 cordari
299 2303 380 2357 non
409 2274 594 2357 desinant
621 2273 722 2385 quid
749 2277 806 2357 eis
844 2277 887 2356 in
918 2272 1103 2385 partibus
1133 2277 1411 2358 transmarinis
1448 2275 1638 2357 acciderit
1675 2275 1911 2356 intueantur

60 2374 64 2391 ¹
107 2405 150 2470 et
177 2403 331 2469 attente
359 2386 627 2470 considerent
644 2387 776 2468 tocius
804 2386 1108 2470 christianitatis
1136 2389 1405 2498 opprobrium
1435 2406 1553 2498 quam
1572 2379 1752 2496 preclara
1781 2388 1911 2467 nostri

107 2497 323 2580 saluatoris
339 2498 540 2580 hereditas
564 2525 676 2580 versa
699 2496 827 2579 estad
841 2498 993 2580 alienos
1008 2518 1049 2581 et
1064 2499 1177 2580 locus
1206 2499 1272 2581 ille
1301 2499 1571 2580 sanctissimus
1587 2497 1654 2579 vbi
1669 2496 1746 2578 celi
1774 2521 1911 2606 regem
1969 2578 1974 2588 ,

106 2612 226 2718 virgo
254 2637 454 2720 puerpera
471 2612 611 2718 genuit
626 2608 1017 2720 locusredemptoris
1033 2613 1159 2694 nostri
1173 2611 1466 2722 preciosissimo
1490 2610 1692 2718 sanguine
1713 2607 1911 2718 perfusus.
2004 2603 2006 2608 ’

72 2733 76 2736 ’
108 2719 222 2806 locus
250 2720 319 2804 vbi
348 2725 447 2832 poni
477 2723 622 2802 meruit
649 2720 827 2831 sepulcri
856 2721 1050 2804 dominici
1080 2722 1385 2806 fundamentum
1416 2739 1456 2804 et
1485 2721 1597 2803 locus
1626 2747 1746 2832 quem
1776 2747 1910 2800 resur·

107 2860 207 2942 gens
235 2832 410 2915 christus
437 2861 461 2914 a
491 2836 658 2916 mortuis
684 2836 1086 2916 sueresurreccionis
1114 2835 1244 2944 gloria
1270 2831 1550 2943 multipliciter
1564 2832 1784 2928 illustrauit
1812 2829 1910 2912 alie·

107 2973 251 3027 narum
280 2943 534 3028 subnectitur
567 2945 737 3056 imperio
765 2944 982 3027 nacionum
1011 2947 1261 3029 Recenseant
1289 2947 1414 3028 eciam
1444 2945 1582 3028 effusis
1605 2944 1788 3039 lacrimis·
1807 2941 1910 3023 mul·

107 3057 399 3168 tiplicibusque
425 3057 670 3167 singultibus
685 3057 791 3138 infra
806 3058 982 3139 claustra
1012 3076 1221 3167 pectorum
1238 3056 1453 3167 diligenter
1466 3056 1643 3175 qualiter
1657 3054 1813 3139 dudum
1841 3054 1910 3137 ille
2030 3070 2038 3077 ’

108 3186 303 3278 perpetue
332 3167 629 3251 maledictionis
656 3169 872 3277 alumpnus
900 3168 1154 3251 babilonicus
1184 3188 1423 3282 persequtor
1450 3170 1764 3250 christianorum
1791 3182 1909 3275 sang·

107 3282 242 3362 uinem
270 3281 414 3360 siciens
441 3280 492 3362 de
522 3278 624 3361 fedis
652 3280 855 3362 cubilibus
869 3279 1074 3364 babilonis
1089 3298 1230 3363 contra
1246 3298 1407 3363 renatos
1422 3279 1534 3361 fonte
1557 3279 1807 3388 baptismatis
1822 3280 1910 3358 ani·-

108 3394 182 3473 mis
212 3390 441 3473 furibundis
469 3392 637 3472 exiliens
666 3391 1011 3501 tripolitanensem
1050 3412 1091 3476 et
1119 3390 1278 3473 demum
1322 3418 1558 3475 aconensem
1597 3392 1783 3471 ciuitates
1813 3389 1909 3471 lide·

108 3502 205 3583 lium
236 3502 483 3611 populorum
516 3502 777 3584 multitudine
806 3502 1004 3613 preditos,
1034 3532 1176 3612 magne
1207 3503 1429 3586 nobilitatis
1457 3504 1585 3586 titulis
1606 3504 1812 3610 insignitas
1847 3514 1910 3581 re'·

106 3614 229 3695 sertas
258 3614 424 3723 opibus,
453 3633 503 3696 et.
522 3614 721 3695 bonorum
752 3616 935 3697 vhertate
978 3614 1168 3697 fecundas
1211 3632 1401 3726 potenter
1443 3630 1661 3723 angustans
1688 3629 1730 3694 et
1760 3610 1925 3694 incola·'
2015 3646 2018 3657 ·

107 3752 198 3807 rum
226 3728 313 3805 eius
340 3724 595 3835 aliorumque
623 3724 966 3807 christifidelium
995 3730 1095 3808 inibi
1124 3744 1223 3807 tunc
1255 3727 1503 3833 presencium
1529 3726 1683 3805 viribus
1712 3726 1910 3833 superatis

107 3837 305 3919 Ciuitates
332 3834 491 3917 easdem
520 3852 560 3916 et
589 3864 671 3915 non
701 3836 812 3917 nulla
840 3835 918 3915 alia
955 3836 1043 3917 loca
1071 3836 1305 3943 sollempnia
1347 3838 1387 3916 in
1418 3864 1514 3915 arcu
1544 3852 1584 3915 et
1614 3838 1803 3945 pharetra
1847 3834 1908 3913 su·

106 3948 293 4030 rentibus
322 3945 465 4055 gladiis
493 3946 799 4056 comprehendit
831 3963 872 4027 et
900 3946 1037 4029 fideles
1066 3948 1174 4055 ipsos
1217 3946 1328 4027 velut
1357 3946 1567 4028 occisionis
1602 3972 1699 4025 oues
1729 3946 1771 4024 in
1800 3961 1909 4025 terra

10 4101 12 4106 ·
110 4060 293 4169 marique
321 4059 477 4139 seuiens
505 4059 589 4137 eius
619 4054 777 4165 gladius
806 4059 1020 4154 interemit,
1049 4061 1233 4140 ciuitates
1262 4074 1303 4139 et
1333 4058 1420 4140 loca
1452 4052 1633 4169 predicta
1662 4055 1850 4163 redigens
1865 4056 1908 4134 in
1934 4142 1937 4147 Δ

107 4170 281 4251 cinerem
310 4184 353 4251 et
382 4168 557 4249 fauillam
588 4169 712 4250 Cuius
741 4171 864 4279 igitur
892 4188 1034 4279 pectus
1076 4170 1179 4251 adeo
1210 4186 1353 4280 posset·
1388 4168 1576 4250 incallere
1605 4166 1758 4249 duricia
1786 4194 1909 4275 quem
2007 4228 2035 4275 ·,

108 4308 185 4393 pro
213 4302 320 4363 terre
349 4282 474 4390 ipsius
511 4278 804 4362 afflicciouibus
848 4281 1074 4364 releuandis
1120 4310 1202 4363 non
1246 4281 1445 4363 emolliret
1475 4282 1540 4389 pic
1569 4276 1910 4381 consideracionis

9 4470 17 4481 .
108 4392 278 4475 aflectus
306 4394 409 4497 Quis
436 4408 477 4473 et
505 4393 611 4473 enim
640 4395 715 4473 nisi
760 4393 931 4473 ferreum
971 4410 1117 4502 pectus
1160 4393 1311 4475 habens
1347 4392 1412 4475 vel
1441 4392 1661 4474 adamantis
1706 4387 1909 4470 durissimi

107 4506 233 4587 corda
263 4531 427 4614 gerens,
461 4500 589 4587 eidem
618 4516 725 4584 terre
754 4531 835 4585 non
866 4508 1023 4613 aperiat
1051 4508 1201 4586 viscera
1221 4506 1391 4615 pietatis.
1417 4505 1520 4608 Quis
1550 4532 1633 4586 non
1662 4516 1910 4611 prouocetur

107 4644 159 4699 ex
187 4619 337 4699 intimis
364 4617 457 4728 quis
485 4640 568 4696 non
597 4614 840 4696 accendatur
868 4614 921 4697 ad
938 4617 1049 4697 iram
1079 4620 1239 4727 etquis
1269 4642 1351 4697 non
1373 4617 1573 4709 animetur
1601 4612 1652 4695 ad
1682 4629 1817 4695 actum
1838 4611 1909 4697 de·

107 4730 194 4812 bite
221 4728 393 4812 vlcionis
422 4727 538 4808 Absit
566 4728 755 4807 nimirum
782 4742 831 4807 ut
858 4755 882 4810 a
908 4744 990 4809 tam
1019 4728 1188 4808 salutari
1216 4728 1354 4819 christi
1382 4728 1555 4809 seruitio
1576 4730 1749 4837 quisque
1777 4754 1819 4806 se
1847 4750 1909 4805 re·

109 4840 245 4922 trabat
273 4840 379 4922 absit
408 4854 452 4921 rt
480 4838 681 4950 relinquat
710 4866 818 4919 arma
860 4839 1039 4947 rubigini
1081 4838 1188 4919 absit
1229 4834 1341 4949 quod
1376 4840 1549 4921 animum
1593 4852 1713 4947 neget
1741 4838 1909 4919 victorie

89 4961 205 5035 ‘curu
238 4976 323 5035 non
350 4951 454 5037 desit
481 4949 707 5035 victoribus
734 4976 886 5033 corona
915 4979 988 5063 per
1016 4950 1191 5062 graciam
1221 4966 1262 5033 et
1291 4952 1475 5034 meritum
1504 4952 1544 5031 in
1575 4948 1749 5061 presenti
1779 4965 1820 5031 et
1835 4975 1909 5061 per
