4317 5975
733 392 886 485 'u‘
996 379 1386 527 canufi

136 638 257 750 plens
287 632 550 721 ordinacione
583 650 706 749 quam
736 638 867 721 felicis
895 638 1198 723 recordacionis
1258 635 1449 747 Birgerus
1484 640 1786 727 dursoeorum
1827 638 1945 725 isatis
2010 682 2015 694 ¹

134 771 223 848 tus,
249 758 292 833 lit
318 749 561 833 venerabilis
589 767 708 859 pater
736 754 931 831 Dominus
960 753 1209 865 Laurencius
1240 754 1463 862 upsalensis
1476 745 1833 866 Arebiepisoopus,
1847 756 1972 837 olim=

135 866 179 945 iu
208 879 318 947 terra
347 875 479 945 vestra
498 860 630 969 ‘supa'r
657 862 860 972 premissis
879 863 1048 971 ‘juribus
1091 878 1317 967 statuerant
1368 863 1601 947 ordinamus
1643 873 1685 948 &
1734 870 1945 949 statuimus

133 975 242 1055 iufra
272 975 437 1083 scriptu,
458 972 640 1058 volentes
668 980 708 1055 &
737 976 1007 1085 precipientes
1033 1002 1077 1053 ea
1107 976 1151 1054 in
1178 993 1385 1083 posterum
1413 975 1467 1055 ab
1495 978 1684 1059 omnibus
1712 977 1946 1087 &singulis

74 1146 78 1153 .
134 1104 244 1167 terre
273 1102 406 1167 vestre
442 1084 584 1169 auctis
613 1084 903 1169 inuiolabiliter
945 1086 1170 1180 obseruari,
1199 1088 1251 1165 lu
1282 1086 1423 1194 primis
1451 1113 1589 1169 omues
1610 1088 1769 1171 decime
1784 1088 1945 1198 predia·
1998 1150 2012 1182 ,

131 1199 211 1293 lea,
253 1199 412 1305 integre
454 1193 697 1292 reddanttsr,
737 1225 816 1306 que
855 1196 1117 1305 postmodum
1160 1197 1200 1276 in
1235 1213 1319 1277 tres
1347 1211 1481 1303 partes
1516 1198 1679 1308 equales
1706 1198 1946 1281 diuiduntur
2041 1190 2045 1217 ¹

131 1334 310 1419 quarum
334 1334 455 1390 vnum
483 1308 653 1414 recipiat
680 1308 888 1403 sacerdos,
916 1309 1080 1389 alteram
1111 1308 1477 1415 rusticuspenesse
1493 1312 1946 1421 reseruet,pauperibus
2021 1326 2026 1334 “

130 1416 394 1525 erogandam,
437 1414 579 1501 Tereia
621 1446 719 1498 vero
761 1421 803 1502 in
841 1416 948 1501 duas
970 1436 1105 1529 partes
1128 1419 1291 1529 equales
1318 1417 1547 1517 diuidatur,
1574 1423 1944 1530 quarumalteram'

130 1531 313 1627 ecclesia,
341 1530 507 1612 alteram
544 1545 677 1613 autem
708 1531 879 1637 recipiat
920 1530 1251 1639 archiepiscopus
1280 1530 1521 1638 upsalensis,
1550 1535 1713 1613 Decime
1740 1531 1867 1614 eciam
1886 1534 1943 1615 dc

126 1640 546 1737 ufmunnands,
574 1640 685 1738 foco,
714 1640 957 1748 &pellibus
986 1642 1172 1724 similiter
1201 1640 1783 1739 reddantur&diuidantur,
1823 1646 1942 1725 Deci·
2014 1733 2020 1739 ,

127 1782 193 1835 me
224 1778 388 1863 quoque
416 1751 467 1835 dc
494 1751 740 1843 animalibus
765 1753 922 1859 integre
952 1753 1265 1863 persoluentur,
1294 1755 1358 1835 lta
1388 1750 1503 1862 quod
1528 1753 1723 1834 decimam
1753 1753 1806 1834 de
1827 1757 1941 1861 agnis

127 1882 171 1947 et
201 1866 309 1961 edis,
338 1861 501 1945 soluant
529 1864 571 1943 in
601 1863 702 1943 festo
730 1862 840 1943 beati
868 1863 1093 1960 Michaelis,
1140 1862 1309 1943 vitulum
1338 1891 1457 1959 vero,
1485 1890 1554 1944 seu
1585 1866 1809 1975 porcellum
1832 1864 1971 1955 deci-ff

77 2041 87 2062 ,
130 1976 346 2070 mundum,
396 1975 552 2061 Nouem
595 1972 752 2077 dierum
795 1972 847 2055 sd
883 1975 1012 2057 minus
1041 1976 1241 2057 sacerdoti
1269 1976 1677 2079 commitant,1Quod
1706 1978 1740 2056 si
1769 1979 1943 2056 rusticus

129 2116 218 2173 nou
259 2087 447 2193 habuerit
491 2084 627 2166 decem
670 2085 840 2180 vitulos,
886 2084 1108 2195 quemlibet
1147 2087 1248 2165 infra
1278 2084 1486 2166 denarium
1517 2110 1727 2167 numerum
1769 2085 1942 2167 redimat

128 2228 209 2281 vna
247 2200 406 2279 marcha
436 2197 580 2293 butiri,
620 2196 662 2275 Si
692 2198 815 2277 eciam
833 2270 839 2292 ,
859 2213 940 2313 tres
979 2196 1159 2305 agnellos
1179 2196 1251 2276 uel
1284 2195 1382 2278 edos
1403 2196 1615 2295 babuerit,
1646 2196 1817 2279 redimat
1849 2196 1941 2279 illos

128 2310 296 2394 dimidia
318 2308 494 2415 ‘Marcha
543 2306 689 2407 butiri,
724 2308 758 2387 si
787 2334 884 2387 vero
913 2308 1119 2417 Quinque,
1149 2307 1318 2387 redimat
1345 2334 1414 2389 eos
1441 2335 1520 2387 vna
1549 2310 1708 2392 marcha
1726 2309 1878 2405 butiri,
1907 2312 1941 2390 si

129 2410 235 2505 vero
258 2423 365 2509 Octo
394 2418 566 2503 redimat
594 2416 756 2499 Marcha
796 2416 920 2499 butiri
951 2417 990 2499 81
1018 2416 1204 2514 dimidia,
1241 2420 1303 2499 De
1331 2446 1413 2499 vno
1446 2436 1581 2499 autem
1610 2447 1717 2529 agno
1745 2410 1810 2501 vel
1837 2418 1937 2515 edo,

69 2580 75 2589 ·
130 2562 203 2637 seu
232 2531 412 2639 duobus,
442 2528 565 2611 nichil
594 2529 715 2610 detur
750 2530 891 2610 Pullus
920 2549 1053 2612 autem
1088 2532 1263 2639 equinus
1291 2528 1449 2611 duabus
1478 2532 1662 2640 partibus
1698 2534 1816 2612 vnius
1844 2532 1940 2612 vine

130 2644 184 2725 de
217 2642 296 2725 tela
329 2640 565 2745 redimatur,
595 2642 757 2747 Pretere
775 2640 827 2719 ‘in
858 2642 985 2721 missis
1012 2640 1258 2751 sponsalium
1285 2640 1474 2723 sacerdos
1514 2640 1801 2723 benedicendis
1842 2654 1940 2723 'can-

127 2756 240 2837 delas
269 2759 309 2834 &
338 2747 588 2835 oblaciouem
617 2750 773 2846 tradat,
801 2778 879 2859 pro
907 2750 1056 2862 quibus
1085 2750 1184 2832 duas
1211 2751 1325 2832 vlnus
1354 2752 1433 2831 tele
1462 2754 1856 2861 recipereteneatur,
1887 2758 1940 2834 Jn

129 2868 309 2975 crastino
351 2890 450 2945 veru
477 2865 718 2973 nupciarum
748 2861 891 2956 mulier
921 2862 1215 2947 introducenda
1243 2864 1445 2943 sacerdoti
1479 2864 1612 2942 soluat
1652 2892 1771 2945 vnam
1805 2856 1939 2945 aluam

127 2978 229 3076 tele,
258 2976 402 3060 Mulier
429 2993 565 3058 autem
593 2972 888 3056 introducenda
916 2992 1007 3085 post
1036 2990 1302 3084 partum,pro
1330 2972 1497 3056 candela
1518 2974 1790 3056 &oblacione
1806 2976 1940 3062 soluat

127 3089 328 3172 sacerdoti
365 3087 465 3170 duas
494 3088 608 3167 ulnas
642 3085 741 3182 tele,
770 3091 810 3165 sst
838 3085 972 3167 cibum
1003 3085 1157 3169 dictum
1183 3086 1431 3183 altarisbirtt
1458 3084 1578 3167 faciat
1606 3114 1683 3194 pro
1720 3112 1790 3167 sne
1821 3087 1939 3167 libito
1980 3150 2009 3164 ,.
2081 3109 2090 3118 ·

125 3202 367 3296 voluntatis,
397 3187 671 3281 Oblaoioaem'
691 3197 906 3308 quinquies
934 3198 976 3278 in
1004 3225 1116 3278 anno
1144 3197 1429 3304 paterfamilias
1457 3201 1498 3276 &
1518 3197 1814 3279 materfamilias
1831 3198 1936 3298 facer

125 3339 174 3394 re
196 3327 437 3408 teneantur,
464 3311 548 3418 hijs
575 3309 763 3390 videlicet
790 3308 953 3406 diebus,
984 3310 1035 3388 fn
1066 3308 1202 3388 Natali
1231 3307 1405 3404 domini,
1434 3309 1496 3387 ln,
1517 3307 1801 3415 purificacioue
1821 3312 1937 3394 beate

125 3425 317 3534 virginis,
345 3425 395 3503 lu
426 3421 574 3531 paseha
612 3419 792 3500 infesto
820 3422 1002 3501 omnium
1029 3437 1263 3500 sauctorum
1296 3424 1336 3498 fir
1364 3419 1407 3499 in
1437 3418 1543 3498 festo
1571 3417 1860 3517 dedicacionis,
1885 3423 1937 3500 ln
2000 3465 2003 3470 ·
2081 3467 2084 3472 ·
2148 3394 2153 3400 .

125 3537 282 3648 quibus
316 3531 600 3614 festivitatibus
627 3527 812 3612 sacerdos
840 3528 972 3611 tradat
1000 3533 1059 3612 eis
1099 3531 1371 3628 oblacionem,
1402 3531 1488 3638 lpsi
1516 3557 1614 3611 vero
1643 3557 1721 3638 pro
1748 3532 1827 3640 hijs
1856 3521 1936 3612 sol·
2022 3620 2030 3633 ,

16 3733 19 3738 ,
124 3657 232 3727 nont
257 3643 456 3728 sacerdoti
484 3643 584 3725 duas
604 3643 724 3724 'vluas
752 3642 850 3738 tele,
879 3641 948 3750 alij
978 3659 1114 3722 autem
1142 3667 1282 3722 omnes
1310 3643 1353 3722 iu
1381 3639 1447 3722 die
1476 3641 1622 3749 pasche
1635 3643 1936 3723 communican-

121 3758 174 3842 di
197 3757 269 3838 illo
296 3769 453 3838 tantum
482 3755 550 3837 die
576 3752 752 3836 offerant
781 3749 1000 3848 sacerdoti,
1029 3751 1238 3834 denarium
1266 3781 1388 3835 vuum
1419 3751 1482 3832 uel
1497 3754 1560 3831 sui
1575 3750 1772 3850 valorem,
1801 3755 1934 3835 Jndie

120 3895 226 3951 vero
253 3873 490 3950 Parasceues
522 3861 672 3976 quilius
700 3864 950 3946 oblacionem
981 3864 1104 3944 faciat
1132 3891 1209 3973 pro
1236 3891 1307 3944 sue
1325 3863 1700 3959 libitcvoluntatis,
1726 3867 1805 3945 Pro
1834 3893 1933 3974 pen·
1986 3906 1991 3911 ·

120 3983 242 4064 sione
269 3977 487 4062 terodicta
504 3975 628 4057 maala
660 3976 957 4064 Mercennarius
985 3973 1160 4086 quilibet
1186 3974 1320 4056 soluat
1347 3974 1545 4055 sacerdoti
1575 3973 1678 4054 duas
1698 3975 1813 4054 alnas
1838 3975 1931 4068 tele,

121 4093 372 4175 Mercenaria
417 4097 551 4171 autem
596 4089 714 4169 snam
744 4086 875 4168 ulnam
918 4086 996 4167 tcle
1045 4115 1137 4167 curn
1166 4087 1461 4194 tercia-parte,
1505 4083 1548 4165 si
1575 4103 1709 4166 autem
1738 4086 1933 4172 liliusuel

122 4203 396 4297 filiafamilias,
452 4219 565 4283 extra
609 4199 772 4280 domum
821 4213 1031 4306 paternam
1083 4198 1187 4277 vltra
1228 4225 1398 4293 annum,
1440 4195 1692 4294 mercede-se
1721 4197 1932 4294 iurauerit,
2022 4211 2026 4218 '
2064 4270 2067 4282 .
2119 4185 2123 4196 ’

123 4314 261 4397 soluat
287 4313 487 4396 sacerdoti
517 4315 722 4418 integrum,
746 4309 874 4391 Maala
905 4309 1027 4418 prout
1054 4311 1242 4418 superius
1268 4324 1329 4389 est
1356 4335 1614 4417 expressum,
1642 4308 1740 4390 alias
1775 4307 1825 4387 ad
1854 4309 1932 4388 ista

124 4451 214 4508 non
240 4442 476 4519 teneantur,
506 4420 827 4504 Jtemexlribicio
855 4423 1100 4503 cibariorum
1130 4448 1211 4531 que
1239 4419 1619 4517 dieiturMatsltut,
1647 4434 1712 4498 ter
1739 4421 1781 4498 in
1822 4445 1933 4498 anno

121 4543 217 4634 liat,
244 4537 413 4644 singulis
443 4535 597 4616 vicibus
626 4531 677 4612 de
705 4561 787 4613 vno
816 4561 919 4642 pane
943 4539 984 4614 8t
1012 4530 1169 4627 edulio,
1197 4531 1316 4613 idest
1345 4531 1423 4610 leff
1446 4539 1486 4612 8(
1515 4530 1617 4610 laeffs
1649 4530 1806 4626 suuoell,
1851 4533 1936 4610 Pro-

123 4650 319 4732 defuncto
347 4647 532 4758 quolibet
562 4643 773 4749 fiantgtres
802 4649 935 4741 misse,
964 4673 1043 4725 vna
1072 4645 1114 4723 in
1144 4644 1210 4724 die
1237 4642 1469 4751 sepulture,
1509 4641 1633 4722 altera
1663 4639 1709 4720 in'
1746 4638 1935 4749 septena·-¹

121 4763 198 4860 rio,
226 4759 368 4842 Tereia
399 4783 495 4836 vero
524 4759 565 4836 in
593 4755 841 4853 triseenario,
870 4755 922 4836 ad
951 4783 1052 4865 quas
1081 4757 1221 4862 missas
1243 4752 1429 4836 sacerdos
1457 4752 1665 4862 agentibus
1695 4777 1832 4833 curam
1862 4753 1933 4832 de-

122 4871 266 4968 functi,
295 4869 549 4950 oblationem
577 4868 792 4964 ministret,
823 4895 898 4977 pro
926 4895 1005 4978 qua
1045 4867 1257 4948 oblacione
1284 4869 1326 4946 in
1355 4865 1540 4975 qualibet
1566 4861 1771 4943 dictarum
1793 4863 1934 4944 missa·

64 5049 68 5056 .
125 4977 440 5088 rnln'sacerdos'·
476 4979 647 5089 recipiat
686 5005 752 5062 sen
782 4981 895 5061 ulnas
923 4979 1104 5087 tele,&2
1119 4979 1220 5062 Tres
1249 5005 1371 5088 panes
1397 5005 1488 5058 cum
1517 4973 1654 5057 edulio
1682 4975 1828 5058 nedem
1858 4998 1933 5084 pa·-
