4317 5975
971 445 1029 464 ,-
1138 400 1194 500 4ss
1302 378 1624 543 ..Ἀ’

262 630 465 737 familiam.
495 629 549 715 ab
562 629 674 712 omui
687 614 962 735 expeditionis
977 623 1213 734 manamine
1225 640 1267 705 et
1282 619 1542 735 jmpeticione
1556 628 1766 705 exactoria.
1780 625 1804 704 J
1806 650 1896 705 nne.
1911 620 2060 710 stuuth.

261 744 538 857 vectigalibus.
567 740 791 848 ceterisque
817 735 1095 819 solucionibus
1120 735 1315 819 oneribus
1341 754 1382 819 et
1410 734 1591 817 seruiciis
1625 732 1724 843 juri.
1741 739 1853 845 regio
1889 737 2061 820 attinen-

260 858 384 942 tibus.
412 858 580 942 Liberos
608 852 760 964 pariter
788 864 831 931 et
858 864 1048 931 exemtus.
1105 845 1225 931 Vnde
1253 848 1331 930 sub
1369 864 1541 958 optentu
1576 848 1711 956 gracie
1747 866 1884 929 nostre
1919 850 2062 933 Distri-

262 984 325 1052 cte
384 970 598 1079 recipimus
626 992 691 1045 ue.
721 962 824 1073 quis.
854 962 993 1043 Dictos
1019 960 1215 1044 Dominus
1251 958 1465 1042 lundenses
1499 959 1727 1041 canonicos
1748 986 1881 1070 super
1909 957 2064 1045 indulta

262 1080 320 1163 eis
348 998 544 1162 libertate.
574 1089 810 1188 presumant
837 1071 1095 1183 aliquatenus
1123 1072 1335 1156 molestare
1363 1068 1487 1178 Quod
1522 1074 1595 1182 qui
1623 1070 1756 1152 facere
1768 1078 2066 1182 presumpserit.

262 1182 441 1274 nostram
471 1218 555 1271 non
591 1187 760 1295 effugiet
802 1182 1136 1295 ingratitudinem
1171 1202 1214 1267 et
1246 1181 1477 1266 vindictam.
1540 1187 1594 1265 ln
1629 1184 1746 1264 cuius
1787 1186 1847 1267 rei
1887 1186 2064 1269 testimo·

261 1303 385 1386 nium.
416 1300 602 1413 Sigillum
629 1315 814 1381 nostrum
842 1296 1099 1408 presentibus
1126 1292 1316 1379 duximus
1351 1294 1651 1407 apponendum.
1681 1297 1833 1377 Datum
1867 1295 2063 1407 helsinge·

262 1411 377 1526 bugh
405 1415 527 1497 Anno
554 1410 720 1519 Domiuj
750 1410 834 1492 ‚Mt
861 1409 961 1492 00⁰.
989 1408 1264 1494 LXXXVIII·
1300 1411 1459 1515 Quarta
1496 1406 1596 1489 seria
1632 1408 1816 1516 proxima
1853 1424 1949 1490 ante
1982 1410 2064 1492 Do·

262 1528 450 1608 minicam
479 1523 716 1635 palmarum.
746 1522 1002 1632 presentibus
1037 1539 1166 1604 matre
1193 1538 1332 1625 nostra
1346 1520 1493 1604 dilecta
1515 1520 1577 1601 dl.
1595 1522 1735 1601 Priore
1749 1518 1801 1606 de
1816 1517 2065 1601 Audworth·

259 1637 386 1750 scogh
414 1640 520 1719 Joou
546 1634 645 1719 litle.
672 1653 713 1720 et
740 1650 858 1746 petro
885 1631 1091 1746 Dapileru
2111 1652 2118 1661 ·

266 2145 401 2295 960.
917 2142 1068 2251 mss
1115 2141 1165 2249 a.
1211 2182 1244 2291 9
1290 2105 1416 2295 Aps.
1470 2192 1479 2216 ·
1900 2138 2070 2249 Luna.
2144 2205 2149 2222 κ

345 2358 597 2451 irie-Biskopen
618 2364 760 2429 Jomms
780 2364 790 2425 i
811 2362 903 2431 Lund
924 2365 1004 2429 Brcl'
1019 2385 1072 2429 om
1094 2334 1281 2453 inrtttnndet
1301 2363 1338 2425 al
1354 2360 1510 2426 Iohannes
1540 2362 1702 2449 desrens
1733 2363 1833 2428 altare
1854 2364 1865 2427 i
1892 2334 2070 2449 lrastslyr·

396 2451 460 2514 kun
481 2447 543 2513 ocb
565 2470 618 2512 orn
639 2448 743 2512 dertill
760 2446 855 2531 gilvet
875 2449 992 2533 anslsg.
1785 2524 1817 2581 B·
1836 2547 1859 2585 ι.
1879 2529 1936 2602 ¹69

350 2775 363 2787 .
398 2668 572 2753 Dotooio
593 2654 754 2862 ‘5th
790 2669 900 2779 beati
916 2668 1115 2779 johannes
1142 2668 1314 2782 baptiste
1342 2671 1556 2779 incripta,
1584 2667 1697 2749 cuius
1705 2670 1954 2779 precentoris
1974 2694 2070 2778 per·

465 2788 566 2864 tinet
723 2811 877 2865 canum.

367 2959 581 3041 *lonenses
609 2956 685 3039 Dei
712 2959 848 3069 gracia
883 2956 1116 3041 Lundensis
1143 2954 1473 3064 archiepiscopus
1500 2953 1634 3036 suecie
1672 2954 1837 3063 primas,
1878 2954 2069 3038 omnibus

264 3087 470 3183 presentes
498 3069 652 3149 litteras
680 3071 933 3176 inspecturis.
962 3068 1135 3174 salutem
1169 3068 1212 3147 in
1248 3067 1416 3148 domino
1470 3068 1736 3148 Vniuersitati
1773 3082 1918 3150 vestre.
1954 3085 2070 3152 teno-

264 3209 309 3264 re
337 3180 591 3291 preseucium
614 3180 852 3262 innotescat.
881 3177 996 3292 quod
1024 3180 1153 3261 altare
1180 3179 1289 3261 beati
1317 3176 1508 3285 johannis
1544 3179 1588 3258 in
1623 3179 1752 3286 cripta
1789 3179 1936 3262 instrui
1974 3178 2070 3262 feci·

265 3321 354 3376 mus
382 3319 474 3373 cunt
508 3291 753 3399 paramentis
781 3292 1011 3372 necessariis
1049 3291 1102 3372 ad
1140 3309 1342 3372 ornatum.
1387 3318 1436 3370 ac
1477 3289 1606 3372 eidem
1648 3289 1757 3369 bona
1800 3289 2070 3402 infrascripta.

264 3403 355 3514 jure
383 3403 629 3512 patrimonii,
659 3430 750 3483 cum
780 3401 913 3484 adhuc
948 3428 1123 3484 essemus
1157 3403 1202 3482 in
1237 3401 1383 3480 minori
1425 3402 1637 3482 constituti
1678 3401 1813 3506 officio
1861 3405 2071 3514 acquisita.

264 3514 512 3598 contulimus
540 3529 581 3594 et
609 3515 803 3622 assignari
830 3512 998 3594 fecimus
1025 3543 1163 3596 coram
1191 3510 1375 3594 lundensi
1405 3511 1586 3624 capitulo
1614 3527 1655 3592 et
1683 3513 1866 3620 pretorio
1881 3516 2072 3598 ciuitatis.

264 3633 315 3710 ex
343 3626 495 3737 quibus
521 3622 707 3706 sacerdos
740 3624 798 3706 ibi
826 3624 1033 3708 celebrans
1063 3627 1195 3708 valeat
1222 3621 1456 3734 aliqualiter
1482 3623 1726 3736 sustentari„
1740 3622 1931 3716 videlicet
1966 3625 2095 3719 duas,

264 3738 456 3821 tabernas
484 3733 754 3846 gladiatorum
782 3751 823 3818 et
853 3736 1023 3819 fundum
1053 3765 1146 3818 cum
1175 3734 1362 3817 domibus
1390 3737 1434 3816 in
1463 3738 1528 3816 via
1559 3737 1803 3843 piscatorum
1839 3766 1959 3848 quem
1997 3738 2072 3819 ha-

264 3849 429 3933 buimus
461 3847 512 3931 de
540 3849 782 3931 thitimanno
810 3846 939 3929 kruel.
976 3877 1136 3930 necnon
1179 3848 1371 3928 tabernas
1415 3875 1508 3928 cum
1550 3842 1679 3928 fundo
1717 3849 1761 3942 in
1793 3849 1935 3932 eodem
1978 3853 2073 3934 vico

225 3969 230 3972 ’
296 3991 369 4044 uas
397 3963 565 4042 emimus
605 3958 656 4041 de
698 3957 868 4040 erlaudo
911 3959 1097 4042 suffecto.
1139 3962 1387 4042 mansionem
1420 3959 1559 4042 eciam.
1633 3986 1724 4040 uam
1768 3961 1983 4044 habuimus
2028 3965 2078 4057 in

265 3992 509 4182 baltathorp.
538 4072 759 4181 Cupientes
785 4073 908 4180 igitur
936 4072 978 4151 in
1007 4073 1090 4153 vita
1119 4089 1258 4156 nostra
1288 4071 1400 4155 dicto
1441 4070 1558 4153 altari
1601 3989 1652 4153 de
1694 4099 1866 4180 persona
1908 4073 2075 4183 ydoneo

298 4185 497 4281 recidere,
526 4183 722 4265 volumus.
750 4180 862 4293 quod
892 4181 1081 4264 dominus
1121 4183 1320 4293 johannes
1362 4202 1585 4292 margarete
1620 4185 1752 4292 ipsum
1788 4183 1937 4266 habeat
1978 4213 2076 4267 cum

267 4215 389 4379 lonis
416 4293 659 4406 supradictis
687 4293 847 4404 juribus
875 4311 916 4375 et
944 4296 1026 4375 suis
1070 4296 1329 4404 pertinenciis
1368 4293 1507 4405 quoad
1547 4294 1660 4377 riuit.
1701 4293 1774 4376 tali
1819 4295 2075 4380 condicione.

268 4426 313 4491 vt
342 4410 385 4488 in
413 4407 597 4517 qualibet
624 4405 850 4489 ebdomada
879 4407 937 4488 ibi
980 4424 1117 4488 cantet
1159 4422 1240 4488 tres
1289 4406 1439 4487 missas.
1489 4433 1607 4487 vnam
1645 4405 1697 4489 de
1739 4405 1860 4489 beata
1902 4409 2076 4519 virgine.

269 4519 386 4601 aliam
414 4518 466 4600 de
493 4535 634 4600 sancto
663 4518 840 4629 johanne
869 4521 1040 4628 baptista
1071 4537 1112 4600 et
1139 4519 1304 4600 terciam
1333 4515 1385 4602 de
1412 4517 1535 4600 beato
1562 4518 1802 4601 Laurentio.
1843 4523 1940 4602 Post
1982 4521 2077 4603 obi-

268 4647 355 4712 tum
384 4657 481 4711 vero
509 4632 635 4740 ipsius
663 4633 817 4713 domini
843 4630 1029 4740 johannis
1072 4631 1149 4712 alia
1178 4657 1351 4741 persona
1379 4632 1616 4712 instituatur
1659 4660 1731 4739 per
1761 4629 1969 4715 domiuum
1999 4631 2077 4715 de·

267 4771 413 4826 canum
441 4742 679 4826 lundensem
721 4745 793 4853 qui
835 4773 911 4855 pro
953 4760 1137 4851 tempore
1172 4743 1299 4824 suerit
1341 4745 1395 4824 Et
1440 4742 1593 4824 ibidem
1635 4744 1823 4826 celebret
1866 4745 1971 4827 sicut
2012 4761 2078 4826 est

266 4856 452 4964 superius
489 4871 743 4965 pretaxatum
799 4857 856 4936 Vt
883 4872 1019 4938 autem
1052 4857 1129 4938 heo
1159 4873 1296 4937 nostra
1333 4854 1543 4938 ordinacio
1575 4857 1748 4937 existere
1785 4857 1913 4967 possit
1948 4855 2078 4938 firmi·

268 4969 364 5048 tatis
391 4984 598 5080 perpetue.
628 4968 894 5078 presentibus.
924 4983 1111 5051 nostrum
1133 4966 1316 5077 sigillum
1348 4996 1441 5052 cum
1475 4968 1608 5079 sigillo
1643 4965 1871 5053 Lundensis
1904 4968 2079 5079 capituli
