4317 5975
760 447 826 481 „
959 442 1019 462 ...
1129 316 1527 506 39⁰⁸--

269 597 494 743 ¹upsalensis
545 638 585 701 et
628 621 771 702 Frater
812 619 966 713 lsrabel
996 621 1110 733 prior
1137 618 1440 727 sigthonlensis,
1482 635 1522 701 et
1550 558 1737 701 dominus
1781 558 1964 707 lordanus
1986 630 2031 709 tit.

271 750 445 817 sacrm.
589 842 710 924 sigillet
732 844 826 926 nlgot
845 842 992 923 slededt,
1014 840 1175 924 beugande
1196 840 1236 927 pt
1258 860 1296 903 cn
1317 860 1355 903 ut
1377 840 1500 907 breleel
1521 839 1624 927 klippt
1646 862 1757 907 remu.

222 1389 224 1395 .
285 1274 453 1432 1396.
579 1399 583 1407 ,
943 1290 1083 1397 1303
1130 1290 1179 1397 d.
1225 1331 1258 1436 9
1305 1291 1419 1435 Maj.
1902 1288 2040 1399 Alsuo.

359 1506 496 1589 Kooung
518 1506 647 1571 Braerrs
671 1510 757 1589 Brel,
778 1510 866 1572 lavari
888 1512 951 1572 bau
974 1512 1102 1592 frilnger
1123 1508 1314 1573 Abbedissan
1338 1510 1346 1570 i
1370 1510 1726 1591 wia-lrabergnlloster
1749 1507 1818 1570 med
1841 1509 1902 1569 ello
1922 1510 1981 1573 (less
1998 1534 2042 1574 ur·

409 1590 622 1653 derbeleoode
643 1595 713 1654 lralo
734 1596 797 1656 olle
822 1594 973 1675 Koogliga
1007 1596 1135 1676 pelagor
1162 1595 1222 1655 oeli
1245 1595 1376 1669 slutter,
1411 1596 1561 1675 nemllgeu
1595 1594 1792 1675 spooncmll,
1825 1592 1948 1675 ledungs
1967 1596 2042 1672 laur,

412 1672 545 1757 sangall
562 1676 629 1737 neb
648 1678 791 1761 slipvist,
811 1679 917 1744 eodrtt
939 1677 1176 1741 sttrbehetnnde
1197 1682 1240 1759 sig
1263 1681 1341 1741 vise·
1364 1678 1462 1739 briter.
1867 1755 1893 1809 Δ
1917 1758 1931 1811 3

381 1855 591 1974 'armanus
619 1891 684 1974 dei
712 1896 844 2001 gracia
871 1921 1073 1977 sweorum
1117 1894 1429 2007 Gothorumque
1471 1896 1577 1990 Rex,
1619 1893 1820 1973 Omnibus
1872 1910 2046 2000 presentes

141 2101 143 2104 Ι
276 2004 719 2111 litteras'inspeeturis,
763 2006 941 2087 Salutem
985 2009 1027 2086 in
1062 2007 1231 2089 domitio
1265 2010 1566 2115 sempiternam,
1608 2005 1806 2107 Quamuis
1835 2004 2047 2109 generaliter

278 2112 468 2203 dusinus
495 2114 775 2211 statuendum,
804 2135 847 2199 vt
876 2118 1014 2198 nullus
1040 2118 1173 2199 incola
1202 2121 1316 2225 regni
1346 2120 1495 2214 nostri,
1521 2118 1575 2199 de
1603 2114 1883 2196 solucionibus
1909 2114 2049 2223 quibus·

234 2312 241 2320 .
279 2243 451 2335 eumque
479 2224 598 2307 nobis
613 2230 821 2309 annuatim
842 2228 1009 2325 debitis,
1039 2229 1141 2309 liber
1156 2232 1327 2310 resideat
1347 2230 1409 2311 vel
1425 2244 1654 2336 exemptus,
1683 2228 1757 2306 nisi
1787 2226 1906 2307 nobis
1926 2224 1954 2335 ¹)
1978 2254 2048 2306 cum

279 2336 487 2417 dextrario
515 2338 701 2417 seruierit
731 2340 956 2445 phalerato,
986 2342 1205 2448 Religiosas
1234 2357 1368 2423 temen
1401 2367 1592 2448 personas
1615 2338 1799 2445 ampliori
1818 2336 1950 2443 gracia
1981 2364 2051 2445 pro

278 2448 396 2557 sequi
422 2449 648 2555 cupientes,
676 2450 828 2529 Notum
857 2451 1022 2532 facimus
1051 2454 1267 2548 uniuersis,
1295 2452 1406 2561 quod
1425 2446 1518 2549 nos,
1552 2450 1777 2530 Discretam'
1800 2466 1842 2529 et
1871 2448 2052 2529 honestam

130 2544 147 2628 ⁸·
279 2587 327 2641 ae
356 2556 433 2641 deo
459 2558 649 2639 deuotam
678 2562 890 2641 Dominam
933 2562 1186 2643 Abbatissom
1217 2560 1267 2641 de
1297 2581 1434 2645 oronte
1477 2561 1593 2642 beate
1636 2562 1826 2667 virginis,
1869 2574 2052 2668 totumque

280 2687 525 2751 conuentum
558 2667 708 2750 ibidem
738 2668 829 2752 cum
860 2673 1048 2753 omnibus
1077 2674 1195 2753 bonis
1223 2674 1323 2770 suis,
1360 2673 1578 2755 mobilibus
1606 2688 1646 2751 et
1679 2670 1962 2765 inmobilibus,
2001 2670 2054 2749 vil·

280 2781 387 2875 licis,
416 2778 591 2877 colonis,
621 2782 784 2892 familiis
811 2801 851 2863 et
881 2786 1062 2893 personis
1100 2785 1142 2864 in
1170 2784 1318 2867 eisdem
1360 2786 1477 2866 bonis
1520 2782 1889 2879 commorantibus,
1929 2783 2054 2891 recepi

282 2918 370 2971 mus
397 2890 475 2971 sub
504 2892 643 2973 nostre
673 2898 936 3003 protectionis
965 2914 1005 2976 et
1033 2899 1156 2977 tutele
1182 2899 1357 3006 graciam
1394 2895 1625 3006 specialem,
1662 2892 1896 2974 Reddentes
1924 2890 2054 2971 easdem

283 3002 467 3087 dominas
495 3033 585 3084 eum
617 3009 798 3114 personis
826 3024 867 3089 et
897 3009 1014 3090 bonis
1043 3010 1261 3118 premissis,
1289 3009 1342 3088 ab
1366 3008 1561 3094 omnibus
1594 3009 1723 3088 causis
1751 3023 1791 3086 et
1820 3005 1986 3086 Juribus
2011 3031 2055 3082 re

268 3115 389 3222 pijs,
412 3141 459 3194 ar
487 3115 761 3198 solucionibus
786 3117 904 3201 dictis
931 3121 1212 3229 spannamala,
1243 3120 1572 3228 lcdhungxlarna,
1590 3118 1788 3224 aettegicld
1819 3135 1867 3196 et*
1890 3116 2056 3224 sleipuist,

269 3228 501 3306 ·ae¹eetcris
531 3227 613 3335 juri
642 3245 782 3309 nostro
810 3231 871 3312 vel
903 3234 1057 3311 nomini
1086 3231 1232 3312 debitis
1260 3231 1407 3313 liberas
1424 3232 1584 3340 penitus
1613 3223 1653 3308 e't
1681 3245 1901 3336 exemptas,
1930 3227 2057 3306 Sirero

284 3335 587 3444 expedicionem
636 3360 811 3421 nostram
856 3345 1041 3438 euocari,
1087 3343 1149 3423 vel
1201 3344 1443 3448 generaliter
1491 3372 1513 3421 a
1557 3340 1665 3420 toto'
1689 3366 1815 3446 regno
1861 3339 2056 3419 subsidiun

284 3449 458 3556 requiri,
487 3477 558 3537 seu
587 3479 736 3531 corone
765 3455 1040 3534 loramentum
1071 3471 1142 3534 aut
1171 3453 1365 3561 judicium
1406 3470 1586 3534 nostrum
1609 3451 1803 3558 infringi,
1853 3449 1918 3530 vel
1948 3474 2060 3536 causas

285 3558 325 3636 in
354 3559 522 3638 occultis
550 3562 776 3669 homicidijs
804 3563 974 3645 Moordh
1004 3563 1121 3646 dietis
1150 3581 1220 3644 aru
1259 3564 1377 3645 furtis
1403 3591 1606 3671 emergere
1648 3562 1886 3668 contigerit,
1929 3589 1974 3640 ex
2001 3558 2061 3666 hijs

227 3726 236 3734 -
270 3665 338 3783 ad
369 3667 507 3749 liscum
538 3689 719 3755 nostrum
750 3677 815 3754 ius·
841 3677 960 3756 nobis
988 3677 1216 3784 specialiter
1247 3672 1528 3784 reseruemus,
1572 3673 1836 3762 Prolribcmus
1867 3673 1991 3780 igitur
2026 3697 2061 3747 ne

144 3848 148 3854 .
191 3834 194 3844 -
286 3782 377 3890 quis
405 3772 881 3903 personasxsupradictas
909 3806 979 3867 aut
1007 3815 1142 3874 earum
1175 3771 1301 3885 lioua,
1331 3805 1472 3870 eontra
1495 3788 1723 3896 premissam
1756 3802 1934 3865 nostram
1964 3783 2062 3863 liber·

286 3909 409 3972 tatem
438 3910 478 3973 et
508 3897 747 3991 tuicionem,
776 3897 1028 4009 aliquatenus
1057 3901 1257 4008 inpetere,
1288 3900 1350 3980 vel
1381 3901 1591 3981 molestare
1609 3911 1833 4006 presumat,
1864 3898 2063 4001 siout'gra·

272 4008 389 4083 'eiam
420 4021 596 4095 nostram
626 4005 793 4113 drligere
824 4010 996 4090 uoluerit
1024 4012 1276 4110 inoffensam,
1306 4013 1455 4092 Datum
1485 4007 1596 4120 opud
1625 4007 1751 4104 alsnp,
1781 4013 1907 4089 Anno
1934 4001 2062 4087 domini

177 4231 181 4238 1
284 4110 515 4214 Millesimo,
543 4115 863 4200 Treseentesimo
892 4125 1037 4222 tercio,
1066 4123 1245 4232 Septimo
1274 4123 1374 4206 Jdus
1402 4121 1510 4230 Maij.

699 4262 819 4344 sigillet
836 4261 1002 4326 bertlallet
1023 4265 1091 4328 lrbo
1115 4267 1173 4360 dpu
1196 4289 1232 4330 ur
1254 4267 1375 4331 brelvet
1396 4265 1517 4354 ktippu
1531 4284 1669 4328 ‘remanu-

287 4383 560 4398 *-

330 4445 358 4519 r'l
379 4438 474 4528 llobis
494 4441 781 4530 uodcrpuolterndt
803 4445 811 4504 i
833 4445 1002 4528 originales.
