4317 5975
1873 24 2113 293 ,Ι

72 646 89 733 ἶ
187 706 190 711 ·
320 642 494 759 1331.
864 680 868 692 ·
946 637 1098 749 1300
1143 639 1192 748 d.
1242 648 1311 751 25
1359 644 1485 749 Nov.
1889 646 2064 800 Sparge.

1007 454 1105 483 ....
1176 412 1256 511 sss
1366 452 1424 485 ....

392 864 622 947 irlebislopen
643 863 654 922 i
673 860 792 945 Upssls
813 863 886 925 llus
905 863 1074 926 Asussorrs
1093 864 1290 933 §sedunens
1310 864 1350 949 ps
1371 886 1410 929 en
1430 881 1474 947 oy
1494 862 1743 945 Kyrtnsmdng
1765 863 1816 949 idr
1830 864 1992 946 Slolloster
2008 844 2068 957 lp..

445 950 484 1011 la
508 948 579 1011 med
599 946 676 1009 lene
697 967 749 1007 om
769 946 812 1025 40
833 944 943 1029 degors
968 944 1042 1009 aflai
1061 948 1112 1011 fiir
1134 950 1314 1033 botgiirare,
1336 969 1399 1009 som
1416 946 1476 1025 ¹vid
1497 946 1557 1009 den
1580 947 1663 1010 tiden
1684 946 1798 1009 besola
1818 946 1992 1013 densamma

1854 1062 1888 1115 A,
1903 1064 1926 1117 3.
1942 1067 1964 1121 b.

421 1200 633 1283 Vniuersis
675 1212 881 1308 presentes
924 1198 1079 1299 litteras
1115 1200 1378 1309 inspecturis,
1422 1200 1631 1281 Nicasius
1654 1194 1811 1281 ¹diuina
1847 1202 2065 1291 miseracione

308 1312 639 1419 archiepiscopus
655 1312 883 1420 upsalensis·
901 1309 1072 1391 salutern
1100 1313 1141 1391 in
1170 1310 1335 1391 domino
1363 1313 1668 1420 sempiternam,
1697 1311 1798 1391 Cum
1822 1310 1953 1393 diuina
1980 1316 2065 1397 nobis

63 1514 68 1535 ἢ
308 1439 557 1531 cooperante
584 1424 798 1503 clemencia
827 1423 1045 1503 Ecclesiam
1061 1422 1291 1529 monasterij
1319 1422 1406 1517 sko,
1430 1420 1710 1507 annodomiui
1735 1420 1952 1519 ‚M⁰,CCC⁰,
1976 1414 2070 1535 quir*

125 1562 132 1572 ·
205 1618 211 1632 ¹
308 1552 352 1616 to
383 1534 573 1615 kalendas
600 1534 841 1643 septembris
868 1530 1181 1629 dedicassemus,
1212 1532 1353 1614 Maiori
1374 1534 1492 1617 altari
1507 1533 1682 1613 eiusdem
1713 1533 1875 1612 ecclesie
1902 1538 2064 1645 priusper

308 1643 577 1726 venerabilem
607 1646 792 1742 fratrem,
836 1642 1045 1725 domiuum
1083 1644 1307 1724 Johannem
1345 1645 1442 1724 olim
1474 1648 1720 1753 Episcopum
1764 1642 1968 1727 aboensem
1994 1676 2064 1728 cou-

195 1776 199 1784 ·
308 1778 482 1851 secrato,
511 1753 743 1837 accedentes
771 1755 823 1836 ad
851 1784 924 1834 nos
948 1755 1103 1837 Dileete
1132 1758 1173 1835 in
1202 1756 1353 1837 christo
1382 1756 1479 1852 fille,
1508 1757 1679 1835 Domina
1711 1752 1909 1837 abbatissa
1936 1776 1971 1836 et
1995 1786 2063 1839 con·

307 1884 455 1949 uentus
485 1871 692 1948 memorati
738 1865 990 1973 monasterii,
1033 1868 1157 1947 ¹nohis
1200 1866 1406 1946 humiliter·
1454 1869 1758 1976 supplicarunt,
1803 1884 1847 1945 vt
1875 1896 1959 1947 cum
1985 1870 2063 1950 dicti

306 1979 410 2075 dies,
443 2006 519 2086 pro
549 1982 725 2087 ipsarum
755 1979 1003 2058 aniuersario
1031 1974 1300 2060 dedicaciouis
1328 1976 1392 2057 die
1419 1980 1550 2059 minus
1579 1997 1840 2085 congrueret,
1889 1996 1967 2059 tum
1993 2008 2061 2087 pro

306 2106 398 2197 pter
427 2092 546 2184 festa,
574 2119 655 2198 que
683 2090 736 2169 ab
766 2090 883 2197 ipsis,
914 2104 1081 2197 propter
1111 2116 1247 2167 earum
1278 2089 1593 2171 constituciones
1621 2106 1715 2169 sunt
1750 2088 1822 2169 illo
1850 2090 2062 2197 intempore

304 2198 574 2303 celebranda,
609 2200 713 2280 Tum
752 2202 876 2281 eciam
920 2202 1017 2308 quia
1059 2202 1300 2280 necessarias
1344 2200 1679 2308 parochianorum
1723 2200 1897 2280 eiusdem
1936 2203 2061 2301 ecclesie

168 2383 172 2397 .
304 2340 448 2421 operas
476 2340 559 2391 nou
591 2310 791 2391 modicum
821 2311 1055 2419 impediret,
1084 2312 1374 2393 aniurrsarium
1413 2310 1518 2393 diem
1548 2312 1728 2421 predicte
1757 2308 2009 2393 dedicaciouis
2032 2315 2060 2391 iu

303 2422 436 2533 pridie
466 2448 592 2515 nonas
620 2423 856 2532 septembris
884 2421 1104 2503 transferre
1133 2421 1412 2531 dignaremur,
1457 2424 1548 2526 Nos¹
1576 2421 1795 2503 humilibus
1837 2452 1964 2503 earum
1993 2452 2059 2531 sup
2111 2458 2113 2507 l

149 2528 157 2541 ’
202 2600 207 2609 .
303 2534 597 2642 plicacionibus
634 2534 841 2643 inclinati,
886 2530 1065 2641 predicte
1108 2530 1378 2615 dedicacionis
1413 2532 1687 2615 celebritatem
1732 2536 2000 2637 auiuersariam
2031 2536 2059 2613 in
2104 2554 2108 2565 ·

302 2646 485 2753 predicta
515 2643 692 2725 Ecclesia
720 2646 932 2725 statuimus
960 2661 1000 2723 et
1028 2641 1262 2725 ordinamus
1289 2647 1332 2724 in
1361 2660 1568 2753 posterum
1601 2643 1730 2753 pridie
1758 2673 1887 2725 nonas
1925 2664 2058 2755 septem

302 2758 387 2837 bris
416 2775 613 2864 perpetuo
641 2756 918 2863 sollepmniter
946 2754 1163 2850 celebrari,
1205 2758 1380 2863 Jnsuper
1408 2754 1596 2836 omuibus
1625 2783 1718 2834 vere
1754 2758 2009 2863 penitentibus
2029 2772 2057 2857 et

301 2867 512 2963 confessis,
555 2869 628 2976 qui
657 2883 915 2949 memoratam
944 2866 1161 2946 Ecclesiam
1193 2869 1232 2946 in
1264 2866 1498 2974 supradicto
1535 2868 1786 2948 auiuersario
1830 2868 2057 2951 dedicaeiouis

301 2979 385 3075 die,
414 3008 507 3066 cum
537 2978 773 3076 deuocionc,
801 2997 843 3059 et
871 2978 1119 3058 Reuerencia
1150 2978 1423 3075 visitauerint,
1451 2978 1503 3060 dc
1538 2980 1827 3088 omnipotentis
1856 2979 1918 3060 dei
1943 2978 2056 3060 miseri·

301 3092 507 3171 cordiaet
535 3091 747 3172 beatorum
779 3091 882 3198 petri
912 3106 952 3168 et
982 3089 1093 3198 pauli
1122 3091 1421 3197 apostolorum,
1457 3089 1649 3198 laurencij
1678 3107 1719 3171 et
1749 3091 1858 3169 Erici
1886 3093 2054 3170 martirun

301 3206 405 3296 eius,
434 3205 673 3282 auctoritate
697 3203 856 3297 confisi,
886 3203 1145 3308 quatraginta
1174 3198 1328 3280 dierum
1357 3201 1654 3310 jndulgencias,
1682 3203 1801 3280 annis
1829 3204 1983 3310 siugulis
2006 3200 2054 3277 ni·

300 3311 557 3392 sericorditer
586 3314 627 3390 in
656 3312 822 3393 domino
850 3310 1111 3406 Relaxamus,
1154 3314 1204 3390 Jn
1244 3315 1356 3392 cuius
1382 3314 1455 3392 Rei
1484 3313 1775 3407 testimonium,
1819 3313 1980 3421 sigillum
2005 3337 2054 3389 no

301 3442 430 3504 strum
459 3420 645 3502 duximus
683 3424 936 3531 presentibus
966 3420 1276 3529 apponendum,
1320 3422 1618 3530 Datumlapud
1663 3425 1878 3508 Ecclesiam
1915 3447 2053 3532 spangar

299 3563 406 3615 anno
435 3535 587 3614 domiui
617 3533 846 3633 Millesimo,
890 3533 1208 3627 Trecentesimo,
1251 3534 1295 3639 ju
1334 3534 1437 3613 festo
1473 3534 1591 3614 beate
1635 3535 1813 3616 katerine
1856 3536 2004 3642 virginis
2025 3545 2052 3610 et

300 3648 485 3728 martiris,
836 3733 841 3742 ,

954 3752 1074 3836 sigillet
1095 3752 1228 3814 sladadt
1247 3753 1258 3813 i
1279 3752 1438 3817 lanterna.

204 4125 208 4131 »
281 4038 475 4230 ¹3332.
1023 4089 1189 4214 1301.
1242 4085 1395 4222 odai,
1920 4081 2021 4226 mg
2082 4021 2085 4028 ‘

378 4312 606 4395 llr·lebislopen
631 4312 639 4370 i
661 4306 779 4390 Upsala
801 4307 874 4368 llus
893 4311 1057 4372 Artemone
1077 4312 1184 4394 lntyg‚
1207 4321 1252 4371 att
1275 4311 1353 4372 llerr
1376 4309 1445 4371 Dan
1467 4309 1593 4370 lonsson
1616 4309 1740 4390 nedlsgt
1756 4312 1864 4371 tvisten
1886 4307 1949 4370 med
1968 4301 2047 4365 Bislo·

431 4417 491 4479 pen
514 4397 596 4456 Ysar
618 4395 628 4452 i
651 4391 815 4468 Strengnts
835 4411 886 4450 orn
910 4393 1130 4475 Mundristorp,
1153 4404 1232 4454 saint
1265 4393 1363 4454 Norrs
1394 4393 1454 4454 och
1488 4391 1586 4454 dera
1616 4393 1791 4476 Thegnaby
1811 4393 1868 4454 och
1889 4381 2046 4452 assultu-tr

427 4475 652 4641 :ispzlgplpprdl
674 4475 714 4557 ps
736 4472 868 4534 u'o'mnde
889 4475 981 4555 gods,
1003 4474 1173 4557 hin-jemna
1194 4477 1304 4556 srdgan
1337 4497 1389 4538 om
1423 4477 1569 4556 Bdrringe
1601 4475 1676 4558 slog
1709 4477 1825 4538 lemnes
1856 4477 1898 4536 till
1920 4472 2045 4549 calopus

1849 4639 1881 4694 A.
1897 4637 1918 4690 6.
1936 4653 1955 4688 a.

407 4777 608 4858 Omnibus
651 4792 857 4884 presentes
899 4775 1052 4856 litteras
1091 4777 1346 4886 jnspecturis.
1391 4775 1624 4858 Nummus
1654 4779 1728 4881 Dei
1755 4778 1887 4886 gracia
1916 4761 2042 4881 ambit·

296 4889 487 4998 piscopos
529 4888 779 4997 wpsalensis.
820 4886 998 4967 Salutem
1042 4888 1088 4996 jn
1124 4887 1289 4969 domino
1330 4889 1622 4996 sempiternam.
1665 4889 1864 4990 Nouerint
1908 4880 2040 4991 vniuem

171 5013 174 5017 ’
292 5002 417 5105 Quod
442 4997 632 5082 ‘dominus
661 4999 741 5080 dan
770 4997 862 5107 jons
882 5028 978 5081 son.
1009 5028 1144 5081 coram
1174 5002 1292 5082 nobis
1309 4999 1575 5109 personaliter
1603 5001 1861 5096 constitutus,
1888 4994 2040 5106 presenti·
