4317 5975
837 307 893 433 .'.
1003 368 1099 498 ῥοᾷ,
1152 354 1256 435 “..

142 588 237 669 tiam
269 616 347 696 pro
374 571 796 698 tempore'specialcm
839 588 916 671 sibi
945 591 1081 672 omnia
1116 589 1254 676 eadem
1282 588 1393 700 jura,
1436 616 1527 703 quae
1557 589 1725 697 singulae
1752 590 1857 673 rillae
1885 589 1947 673 io·

143 728 279 800 renscs
307 702 423 809 regni
460 702 597 781 'Daciae
624 698 677 783 de
704 697 963 783 dilectissimo
1004 704 1124 783 Patre
1152 764 1162 785 .
1305 704 1415 811 Rege
1443 703 1577 785 Daciae
1620 701 1767 785 babere
1801 704 1946 813 dignm

142 831 312 894 scunmr
341 874 351 894 .
383 872 392 892 .
422 874 432 892 .
462 875 472 893 .
499 830 541 895 et
569 808 826 893 concedimus
855 839 928 922 per
957 822 1195 921 presentes,
1224 812 1355 895 donec
1383 814 1493 896 aliud
1523 842 1613 897 eum
1661 815 1801 903 iisdem
1831 816 1945 897 duci-

6 975 11 990 ·
143 952 231 1006 mus
261 921 511 1019 laciendum,
540 922 649 1004 unde
677 947 752 1030 per
779 924 949 1033 gratiam
978 942 1155 1019 nostram
1171 925 1393 1007 districtius
1408 926 1658 1023 inhibemus,
1686 929 1852 1037 nequis
1874 924 1946 1032 ad·

142 1054 378 1117 vocatorum
408 1051 661 1129 nostrorum,
698 1060 768 1114 seu
796 1037 1011 1145 quisquam
1038 1034 1466 1149 alius,*cujuscunque
1495 1036 1766 1135 condicionis,
1795 1026 1944 1119 temere

144 1163 316 1245 statuat,
352 1146 521 1228 consilio
550 1148 593 1225 in
623 1146 835 1253 praemissae
861 1146 1133 1228 conclusionis
1160 1163 1340 1228 tenorem
1372 1149 1634 1258 praesentibus
1678 1150 1845 1257 injurias
1873 1149 1946 1229 ali·

142 1286 244 1369 quas
272 1255 466 1339 audacter
493 1258 687 1365 irrogare,
717 1275 840 1365 prout
868 1256 1191 1365 indignationem
1208 1275 1442 1341 nostramet
1458 1260 1647 1342 ultionem
1671 1260 1834 1341 duxerit
1861 1262 1945 1343 eri·

9 1374 18 1391 '
59 1403 71 1423 ⁴
142 1367 319 1451 tandem.
349 1371 498 1450 Datum
528 1368 782 1479 Falkenberg
808 1371 929 1451 Anno
957 1372 1048 1451 Dmi
1078 1368 1288 1454 millesimo
1316 1373 1583 1453 trecentesino
1612 1378 1781 1479 septimo
1812 1373 1852 1453 in
1870 1373 1945 1451 Die

7 1511 9 1520 ’
142 1480 274 1563 beatae
301 1484 485 1563 Patronae
514 1480 548 1593 *)
577 1481 758 1589 Virginis
785 1481 828 1562 in
857 1482 1067 1591 praesentia
1097 1498 1235 1563 nostra
1271 1499 1310 1562 ct
1338 1479 1509 1591 dapiferi
1538 1485 1678 1563 nostri.

968 1587 1031 1701 o·
1064 1590 1121 1705 st
1249 1700 1251 1708 ,

155 2036 324 2163 1554.
615 1947 620 2057 ss
782 2027 930 2178 1307
979 2024 1027 2137 d.
1083 2073 1145 2139 11
1196 2028 1327 2138 luni.
1755 1976 1980 2141 Monesi

225 2254 412 2334 Hertigarne
433 2242 534 2317 Eurus
554 2250 614 2315 ocb
637 2252 839 2317 wasemes
860 2250 1136 2325 Olvcrldtclsebref
1186 2256 1204 2317 d
1231 2253 1386 2335 gardense
1407 2254 1497 2316 Tune
1521 2254 1529 2315 i
1550 2254 1625 2333 Nes,
1657 2250 1717 2315 och
1748 2250 1808 2311 Niis
1830 2251 1945 2311 mellan
1984 2286 1987 2299 ·
2014 2290 2016 2298 ι

267 2339 387 2412 -Wita,
408 2347 487 2398 samt
508 2356 681 2419 qrarnarne
702 2336 712 2397 i
734 2336 938 2414 Thorsbdlla,
963 2333 1067 2399 heilka
1081 2275 1543 2401 Marslen'ThortetKnauson
1566 2336 1697 2417 egt,och
1711 2334 1780 2397 hela
1793 2330 1943 2411 dulngsb'

277 2422 326 2483 till
348 2421 543 2483 derasDrots
561 2418 909 2501 AmbidrnSixtenssoo,
931 2421 981 2483 sor
1002 2420 1064 2482 600
1087 2423 1172 2483 mark
1195 2422 1232 2484 af
1249 2420 1552 2502 Hertigarueamynt
1573 2420 1632 2481 oclr
1655 2420 1695 2497 42
1718 2430 1832 2480 tunnor
1852 2418 1946 2490 smb'r,

276 2514 356 2565 annet
382 2523 438 2564 too
461 2502 549 2564 marl
568 2502 673 2581 ,lddig‚
694 2521 759 2564 som
782 2502 821 2564 dc
843 2524 919 2566 roro
938 2502 1055 2565 bonum
1078 2505 1217 2585 slyldige
1250 2504 1299 2565 lb'r
1330 2502 1412 2567 brad
1435 2502 1496 2565 ban
1520 2502 1636 2566 lemnat
1669 2504 1708 2587 pt
1729 2500 1819 2563 derat
1839 2496 1947 2561 slotti

165 2584 170 2592 ’
277 2587 444 2671 Nyldping
466 2584 528 2648 ocb
549 2582 702 2665 Kongell,
723 2595 803 2647 sumt
822 2582 845 2648 6
867 2586 1031 2648 marllend
1051 2584 1114 2649 och
1134 2588 1155 2665 4
1176 2584 1353 2669 ortugsluud
1375 2586 1451 2668 jord.
1690 2664 1716 2720 A
1744 2666 1762 2719 6
1788 2684 1802 2719 a

6 2862 15 2881 r
71 2870 81 2877 .
254 2805 465 2884 Vniuersis
493 2822 702 2911 presentes
729 2803 884 2885 litteras
912 2806 1056 2885 visuris
1092 2805 1158 2886 uel
1195 2802 1415 2909 audituris,
1460 2802 1606 2913 Entcus
1650 2816 1690 2883 et
1718 2824 1946 2883 winusus·

6 2949 16 2995 ι.
142 2938 220 3000 nus
249 2912 315 2998 dei
345 2916 481 3024 gracia
509 2911 632 2998 duces
657 2941 878 3010 sweorum,
906 2916 1076 2997 salutem
1119 2918 1162 2998 in
1198 2916 1364 3000 domino
1400 2917 1702 3025 sempiternam,
1748 2914 1946 2995 Constare

6 3060 16 3109 r
143 3028 330 3110 volumus
358 3026 550 3108 omnibns
575 3024 805 3123 euidenter,
847 3027 961 3136 quod
988 3026 1139 3110 dilecto
1167 3045 1210 3110 et
1236 3024 1344 3109 fideli
1374 3027 1556 3137 dapifero
1587 3042 1746 3122 nostro,
1779 3023 1946 3106 domino

143 3141 298 3222 aberno
325 3139 455 3219 sixten
484 3165 578 3234 son,
618 3140 661 3220 in
684 3140 904 3227 ⁴sescentis
943 3139 1115 3222 marchis
1157 3136 1416 3220 denariorum
1459 3154 1596 3220 nostre
1631 3151 1810 3232 monete,
1853 3163 1947 3217 cum

142 3249 413 3363 quadraginta
442 3248 603 3331 duabus
628 3249 786 3359 ¹lagenis
815 3247 959 3347 butiri,
999 3267 1041 3331 et
1069 3248 1255 3333 ducentis
1297 3250 1474 3332 marchis
1512 3249 1603 3357 puri
1645 3249 1822 3356 argenti,
1868 3275 1945 3354 pro

143 3363 329 3472 expensis
356 3360 461 3458 suis,
479 3368 592 3471 'quas
619 3359 670 3443 ad
697 3378 828 3445 castra
857 3377 1016 3457 nostra,
1046 3361 1233 3470 nycopic,
1262 3377 1303 3442 et
1331 3358 1534 3470 kungellie
1564 3357 1714 3440 deferri
1756 3356 1947 3470 fecimus,

142 3503 191 3556 ac
219 3475 262 3555 in
289 3499 360 3554 sex
389 3472 679 3555 marchis'cum
707 3488 887 3584 quatuor
909 3471 1047 3553 solidis
1074 3473 1319 3583 prediorum=
1339 3501 1433 3554 vere
1469 3469 1763 3580 recognitionis
1805 3469 1946 3563 situle,

142 3585 343 3693 obligatos
371 3586 696 3694 recognoscimus
723 3613 799 3666 nos
826 3586 977 3680 teneri,
1006 3611 1084 3694 pro
1113 3582 1264 3696 quibus
1293 3583 1482 3665 omnibus
1510 3599 1550 3664 et
1583 3583 1775 3689 singulis,
1817 3577 1947 3661 eidem

141 3695 327 3806 dapifero
356 3711 496 3776 nostro
526 3698 689 3806 suisque
717 3693 947 3793 heredibus,
975 3699 1140 3792 curiam,
1170 3711 1268 3776 tune
1291 3697 1444 3777 innaesi
1472 3697 1673 3790 situatam,
1702 3709 1743 3776 et
1772 3693 1947 3786 Curiam,

143 3809 236 3890 Naes
264 3805 400 3888 mettin
429 3804 565 3903 wiltae,
601 3835 700 3890 cum
728 3805 934 3901 domibus,
974 3808 1101 3913 agris,
1139 3807 1285 3913 pratia,
1314 3807 1485 3912 pascuis,
1513 3805 1645 3899 siluis,
1686 3799 1946 3904 molendinis,

144 3915 339 4031 piscarijs,
367 3919 594 4030 ceterisque
636 3917 855 4000 earundem
882 3916 1090 3998 curiarum
1131 3916 1410 4025 pertinenciis,
1452 3917 1558 3994 intra
1596 3941 1712 4022 ,sepes
1741 3929 1782 3994 et
1810 3929 1959 4006 extra,

143 4034 263 4142 longe
292 4029 358 4110 uel
386 4055 517 4139 prope
545 4030 706 4138 positis,
749 4043 791 4108 et
819 4055 912 4108 cum
932 4029 1129 4110 omnibus
1154 4025 1409 4109 molendinis
1438 4027 1481 4108 in
1509 4023 1824 4133 Thorsharghae,
1863 4035 1946 4134 que

19 4232 24 4238 ,
143 4137 321 4254 possedit
348 4138 556 4251 quondam
586 4139 773 4220 dominus
807 4135 884 4221 th.
914 4139 1174 4237 marscalcus,
1215 4153 1256 4220 et
1299 4167 1392 4221 cum
1434 4155 1518 4220 tota
1549 4155 1589 4219 et
1626 4139 1781 4245 integra
1812 4132 1941 4214 insula
2003 4152 2007 4165 ’

143 4256 266 4340 dicta.
295 4267 471 4362 aengsnn.
509 4279 602 4332 cum
630 4251 774 4333 ceteris
800 4251 883 4331 suis
911 4250 1175 4361 pertinencijs
1214 4247 1410 4332 tradimus
1439 4265 1479 4333 et
1507 4247 1801 4358 persoluimus,
1824 4245 1945 4354 pleno
2023 4339 2026 4346 1

13 4355 23 4380 ”
118 4371 233 4450 iure
250 4366 304 4446 in
332 4379 576 4474 perpetuum
607 4360 868 4470 possidendas
903 4361 1040 4443 ablata
1083 4358 1201 4443 nobis
1230 4363 1459 4472 nostrisque
1489 4359 1703 4444 heredibus
1745 4359 1857 4441 omni
1886 4357 1945 4438 fa·
2137 4402 2141 4410 ,

8 4470 16 4522 ³
143 4479 314 4571 cultate,
355 4475 548 4586 premissa
576 4473 658 4581 ullo
687 4501 868 4583 unquam
897 4473 1062 4586 ingenio
1092 4473 1322 4557 reuocandi.
1370 4473 1412 4554 st
1441 4501 1537 4554 vero
1566 4470 1704 4554 eadem
1734 4471 1945 4578 premissa,
2016 4559 2019 4566 ¹
2080 4549 2094 4563 ,

6 4582 15 4639 5
145 4587 213 4674 uel
241 4583 408 4698 aliquod
436 4585 740 4694 premissorum,
768 4587 813 4666 iu
841 4601 958 4695 perte
985 4585 1053 4668 uel
1080 4613 1132 4668 ex
1160 4602 1247 4668 toto
1281 4586 1332 4669 nb
1361 4584 1566 4695 aliquibus
1607 4585 1709 4664 iuste
1740 4609 1787 4662 ac
1815 4581 1944 4663 racio·

95 4775 100 4782 .
144 4699 336 4782 nabiliter
364 4699 492 4806 inpeti
519 4697 754 4806 contigerit,
783 4697 1068 4804 promittimus,
1096 4696 1207 4809 quod
1222 4697 1320 4806 ipsis
1335 4695 1764 4807 inperatoribusprout
1792 4695 1942 4774 iustum

141 4881 548 5025 metebat
567 4938 629 5006 tter
638 4939 709 5024 jar
726 4937 923 5037 Proculi·-
