4317 5975
812 233 1039 385 ‘-.
1135 305 1217 390 626
1327 349 1382 370 ·-

244 531 315 626 'in
342 537 502 649 aliquo,
532 555 607 611 noc
634 526 789 638 juvare.
845 528 948 610 Item
974 554 1050 608 nos
1075 525 1164 610 Rex
1192 525 1407 636 Narvegiae
1441 519 1670 610 antedictus
1703 523 1833 610 dictos
1868 531 2015 626 Dumium

270 656 405 735 Duces
440 645 713 755 permittemus
753 641 814 720 uti
855 643 938 720 suis
980 637 1328 735 distinctionibus,
1369 665 1470 748 quas
1512 637 1741 720 habuerant
1782 640 1835 722 ab
1870 647 2016 758 antiquu;

267 759 385 876 quod
413 775 454 840 et
484 754 601 836 nobis
628 750 781 832 debent
808 766 950 861 patere
978 751 1064 831 sice
1097 777 1223 831 versa.
1283 750 1382 830 ltem
1413 765 1649 859 prospectos
1687 765 1728 831 et
1767 753 1936 859 expulsos
1966 788 2020 868 pm

271 889 404 956 morte
440 869 568 977 patris
604 866 731 944 nostri
764 862 887 970 Regis
924 862 1058 942 Daciae
1101 859 1300 970 praedicti,
1328 875 1370 940 et
1397 861 1578 969 ipsorum
1607 859 1785 943 heredes
1812 890 1886 944 non
1909 865 2022 954 debent

267 985 462 1092 colligere
490 1003 564 1058 nec
584 975 730 1056 ¹lovere
758 973 836 1081 ipsi
863 976 994 1054 Duces
1021 971 1257 1079 supradicti.
1293 975 1406 1068 Item,
1423 971 1606 1054 homines
1626 989 1787 1056 nostros
1815 975 1913 1058 Erici
1934 977 2022 1088 Regis

206 1127 210 1134 ·
270 1097 423 1189 Daciae,
451 1090 484 1169 si
512 1087 584 1198 qui
612 1111 689 1164 nos
716 1083 979 1177 offenderint,
1006 1109 1091 1164 non
1127 1083 1279 1166 debent
1321 1079 1373 1164 ad
1414 1111 1457 1164 se
1499 1085 1698 1192 recipere,
1739 1111 1814 1164 nec
1855 1115 1921 1194 pro
1954 1092 2023 1196 ipsis

267 1221 415 1291 contra
443 1210 518 1281 nos
545 1196 776 1308 aliqualiter
804 1195 1008 1306 placitare.
1065 1195 1167 1274 Item
1203 1195 1379 1277 Ecclesia
1423 1194 1667 1292 Lundeusis‚
1709 1222 1887 1302 persone
1924 1199 2025 1282 Eccle-

245 1317 441 1402 ‘siasticae
468 1327 509 1392 et
543 1305 756 1388 mundanae
795 1308 853 1388 uti
894 1302 1045 1387 debent
1073 1305 1115 1386 in
1144 1303 1256 1387 dieto
1297 1305 1502 1388 Comitatu
1545 1304 1771 1386 Hallandiae
1810 1310 1888 1388 suis
1926 1311 2027 1408 bons,

270 1427 431 1541 juribus
456 1439 498 1504 et
525 1418 801 1511 libertatibus,
828 1415 981 1526 quibus
1015 1417 1074 1496 uti
1110 1418 1335 1528 antiquitus
1371 1436 1687 1499 consueverunt:
1744 1434 1785 1498 et
1827 1445 1895 1498 nos
1932 1421 2028 1527 llegs

270 1558 313 1625 et
340 1536 548 1642 Principes
575 1525 795 1638 supradicti
824 1529 1023 1637 praemisss
1064 1527 1199 1608 omnia
1227 1545 1268 1610 et
1301 1529 1458 1635 singula
1503 1529 1670 1610 firmiter
1704 1543 1745 1607 ct
1786 1529 2030 1614 inviolabiliter

270 1655 316 1735 in
345 1677 420 1732 suo
448 1645 617 1736 robore,
645 1655 768 1748 prout
797 1638 839 1718 in
866 1639 950 1719 suis
976 1638 1159 1718 articulis
1192 1655 1288 1720 sunt
1315 1665 1527 1746 expressa,
1555 1665 1772 1748 opservare
1803 1641 2029 1748 promittimus

55 1820 57 1825 >
215 1858 219 1863 Δ
270 1760 353 1846 lide
380 1783 505 1866 super
532 1753 609 1834 boo
634 1751 811 1858 praestita
840 1749 1055 1858 corporali.
1111 1749 1157 1830 In
1202 1750 1318 1859 cujus
1360 1750 1420 1830 rei
1453 1750 1722 1833 testimonium
1766 1749 1891 1858 sigilla
1928 1769 2032 1833 nostra

129 1918 134 1924 ·
271 1867 539 1983 praesentibus
565 1859 752 1943 duximus
779 1859 1037 1970 apponenda.
1095 1862 1242 1942 Datum
1272 1864 1393 1944 Anno
1421 1861 1584 1942 Domini
1613 1861 1665 1944 Μ.
1693 1860 1807 1944 CCC.
1828 1861 1877 1942 X.
1903 1859 1979 1943 loro
2000 1879 2029 1944 et

271 2003 456 2092 tempore
484 1972 735 2083 supradictis.
1343 2016 1347 2022 .

291 2124 404 2209 Enligt
424 2118 615 2198 teclningen
635 2111 741 2176 under
759 2111 925 2175 nfshillen
946 2112 958 2173 i
979 2111 1018 2176 E.
1039 2109 1091 2175 80.
1112 2111 1144 2174 b.
1166 2111 1196 2192 5,
1218 2109 1317 2174 basse
1337 2110 1460 2176 tussire
1481 2133 1578 2197 qvar,
1599 2109 1705 2176 eburu
1726 2111 1885 2198 betydligt
1904 2113 2023 2192 sladsde,

206 2295 209 2300 Ι
292 2213 305 2224 ”
456 2201 600 2283 Kouung
620 2195 715 2268 mu·
733 2195 892 2279 tresidige
913 2194 1109 2349 οοῑιΗξΙηειῊ
1121 2193 1379 2364 gigiqngppiesriql,
1394 2195 1513 2260 oretve
1534 2195 1698 2260 &abactis
1719 2195 1782 2301 och
1807 2197 1888 2262 llerr

287 2766 447 2914 ¹639·
917 2704 1072 2868 t310
1116 2756 1165 2865 s.
1221 2758 1286 2866 1s
1332 2759 1448 2866 sus
1767 2755 2039 2908 nsemg..

356 2955 468 3023 boam
485 2951 737 3019 mnenomns
754 2945 796 3014 af
813 2944 967 3031 Knlssorp
989 2952 1177 3010 testamente
1197 2945 1235 3009 al
1251 2945 1327 3011 tto·
1357 2945 1438 3095 gd1·d
1469 2954 1552 3011 mmt
1582 2943 1705 3013 hallten
1728 2949 1739 3011 i
1760 2947 1933 3031 Onsstum,
1959 2948 2046 3016 turs

225 3052 231 3064 ,
337 3123 341 3132 ¹
397 3038 498 3105 anm
517 3034 641 3101 hglsten
661 3032 840 3117 ggljoestffl
859 3030 1032 3112 Risebcrge
1052 3030 1190 3110 kloster,
1211 3028 1341 3095 brarest
1386 3052 1427 3095 on
1449 3028 1548 3115 *lber
1569 3033 1616 3115 ⁸53
1638 3030 1813 3116 ssfflsffiue'
1828 3115 1853 3171 Δ
1882 3117 1946 3173 M

388 3222 440 3305 ln
468 3220 632 3301 nomine
658 3220 787 3329 patris
814 3232 856 3298 et
881 3215 956 3325 filij
982 3230 1024 3297 et
1052 3214 1219 3325 spiritus
1246 3216 1375 3297 sancti
1402 3218 1544 3297 Amen.
1585 3216 1673 3325 Ego
1701 3218 1887 3299 lucanus
1914 3222 2045 3301 Anorts

145 3354 147 3357 ’
276 3343 383 3419 rttm
411 3332 463 3415 de
490 3331 713 3437 kalltborp.
751 3325 1021 3410 Considerans
1050 3326 1174 3407 nichil
1204 3344 1334 3407 morte
1362 3326 1517 3407 cercius
1545 3342 1587 3406 et
1617 3326 1739 3409 uicbil
1768 3330 1963 3411 incercius
1985 3355 2044 3409 esse

275 3447 378 3528 hora
407 3444 561 3524 mortis.
587 3458 630 3521 et
658 3442 708 3521 de
737 3440 855 3519 bonis
880 3439 978 3519 mibi
1006 3466 1030 3518 a
1059 3437 1137 3518 deo
1166 3438 1371 3520 concessis.
1399 3437 1531 3519 anime
1560 3465 1646 3519 mee
1673 3440 1845 3547 cupiens
1865 3438 2046 3521 salubriter

56 3558 61 3567 ’
169 3558 173 3565 ’
276 3555 495 3667 prouidere
524 3550 894 3648 sanctimonialibus
921 3550 963 3628 in
993 3548 1226 3655 Risaebergh
1254 3562 1356 3657 aput
1385 3576 1498 3657 quas.
1531 3577 1653 3631 meam
1682 3550 1790 3659 eligo
1828 3552 2044 3659 sepulturam

275 3664 445 3749 confero
472 3663 635 3744 Curiam
665 3688 791 3741 meam
818 3686 940 3770 quam
967 3656 1194 3739 ⁴ltereditani
1237 3674 1329 3767 post
1372 3676 1527 3767 patrem
1568 3688 1711 3741 meum.
1745 3664 1789 3743 in
1817 3662 1956 3769 Mogac.
1981 3689 2046 3743 cun

274 3775 466 3861 omnibus
495 3772 712 3853 mobilibus
740 3787 782 3851 et
808 3770 1085 3853 inmobilibus.
1138 3766 1389 3851 Molendinis.
1418 3770 1542 3853 siluis.
1569 3773 1760 3881 piscariis.
1790 3776 1930 3882 pratis.
1957 3774 2068 3883 agris

277 3896 357 3999 pro
386 3887 525 3967 ssibus
552 3883 645 3963 suis.
674 3884 1024 3993 qualitercumque
1051 3880 1269 3961 noluerint.
1299 3879 1581 3963 ordinandam.
1611 3882 1717 3964 infra
1746 3890 1865 3993 sepes
1894 3902 1933 3965 et
1953 3900 2047 3967 extra.

277 4026 409 4112 prope
435 3996 500 4078 uel
524 4011 677 4075 remote
698 3994 775 4074 sibi
796 3991 1086 4073 adiacentibus.
1109 3998 1163 4072 ito
1180 3990 1291 4103 quod
1308 3992 1457 4073 dictam
1473 3994 1636 4073 Curiam
1652 3996 1784 4075 statim
1804 4014 1899 4105 post
1914 3997 2049 4078 Mortem

168 4138 172 4149 ·
276 4140 403 4193 meam
433 4104 666 4217 supradicte
692 4103 1012 4185 sanctimoniales
1039 4106 1080 4183 in
1110 4130 1181 4183 sua
1212 4102 1387 4184 habeant
1417 4119 1624 4208 potestate.
1679 4107 1786 4216 lpsis
1822 4110 1947 4188 eciam
1979 4132 2050 4187 eon·

278 4223 364 4304 lero
394 4217 655 4300 medietatem.
683 4216 792 4296 Illl⁴¹
818 4213 1052 4295 solidorum.
1093 4230 1135 4292 et
1162 4212 1334 4296 duarum
1364 4214 1552 4295 ulnarum
1587 4231 1694 4297 terre
1723 4220 1766 4299 in
1796 4218 2051 4300 Onastum.et

130 4368 134 4375 ·
278 4332 530 4416 medietatem
558 4327 706 4409 nendo.
734 4323 797 4407 Ad
826 4326 1018 4406 maiorem
1057 4350 1157 4404 uero
1201 4327 1318 4407 huius
1360 4352 1446 4407 mee
1486 4326 1722 4410 donacionis
1764 4331 2049 4411 ratifieacionem
2106 4332 2107 4349 ¹

278 4468 442 4557 presens
471 4442 664 4548 scriptum
693 4437 834 4545 sigillis
863 4436 1058 4517 nobilium
1113 4436 1336 4545 principum
1375 4464 1422 4517 sc
1461 4436 1727 4521 dominorum.
1771 4440 1884 4522 Erici
1912 4458 1952 4523 et
1974 4436 2051 4519 wal-

278 4555 431 4641 demari
458 4550 605 4633 dueum
648 4550 785 4630 swetie
813 4564 854 4629 et
887 4546 1018 4654 sigillo
1059 4548 1210 4629 sororis
1252 4574 1338 4631 mee
1380 4548 1625 4657 ingeburgis
1654 4551 1819 4660 postulo
1863 4548 2049 4635 Roboreri

225 4759 229 4768 ¹
279 4663 536 4781 presentibus
563 4662 687 4742 eciam
718 4660 814 4743 viris
842 4658 1062 4767 lidedignis.
1093 4656 1218 4739 fratre
1246 4659 1430 4739 iohanne
1458 4677 1499 4740 et
1533 4660 1657 4743 fratre
1699 4660 1872 4747 brodde.
1916 4658 2052 4743 nnundo

134 4844 140 4853 ,
279 4776 330 4860 de
353 4768 597 4883 ,ludbgudwi
626 4770 790 4853 domino
818 4770 984 4852 anundo
1011 4784 1053 4849 et
1080 4769 1247 4850 domino
1275 4786 1426 4853 astons.
1454 4769 1620 4881 quando
1648 4773 1755 4883 ipsis.
1790 4772 1956 4857 eandem
1991 4770 2053 4852 Cu·

280 4893 379 4972 riam
406 4884 563 4969 contuli
589 4899 632 4965 et
661 4881 881 4966 eorundem
910 4881 1203 4963 uenerabilium
1233 4882 1462 4992 principum
1492 4882 1624 4991 sigilla
1654 4886 1872 4995 postulaui.
1928 4886 2050 4965 Datum
