<?xml version="1.0" encoding="UTF-8"?>
<!DOCTYPE html PUBLIC "-//W3C//DTD XHTML 1.0 Transitional//EN"
    "http://www.w3.org/TR/xhtml1/DTD/xhtml1-transitional.dtd">
<html xmlns="http://www.w3.org/1999/xhtml" xml:lang="en" lang="en">
 <head>
  <title>
</title>
<meta http-equiv="Content-Type" content="text/html;charset=utf-8" />
  <meta name='ocr-system' content='tesseract 3.04.00' />
  <meta name='ocr-capabilities' content='ocr_page ocr_carea ocr_par ocr_line ocrx_word'/>
</head>
<body>
  <div class='ocr_page' id='page_1' title='image "./svensktdiplomat01swegoog/svensktdiplomat01swegoog_0131.png"; bbox 0 0 4317 5975; ppageno 0'>
   <div class='ocr_carea' id='block_1_1' title="bbox 926 446 1380 535">
    <p class='ocr_par' dir='ltr' id='par_1_1' title="bbox 926 446 1380 535">
     <span class='ocr_line' id='line_1_1' title="bbox 926 446 1380 535; baseline 0 -31"><span class='ocrx_word' id='word_1_1' title='bbox 926 464 1022 535; x_wconf 83' lang='lat'><strong>.··</strong></span> <span class='ocrx_word' id='word_1_2' title='bbox 1086 446 1212 521; x_wconf 56' lang='lat' dir='ltr'><strong>nrao</strong></span> <span class='ocrx_word' id='word_1_3' title='bbox 1320 464 1380 487; x_wconf 89' lang='lat'><em>-</em></span> 
     </span>
    </p>
   </div>
   <div class='ocr_carea' id='block_1_2' title="bbox 177 634 2061 976">
    <p class='ocr_par' dir='ltr' id='par_1_2' title="bbox 177 634 2061 976">
     <span class='ocr_line' id='line_1_2' title="bbox 265 634 2061 753; baseline -0.002 -28"><span class='ocrx_word' id='word_1_4' title='bbox 265 645 392 726; x_wconf 84' lang='lat' dir='ltr'><strong>litatis</strong></span> <span class='ocrx_word' id='word_1_5' title='bbox 421 643 585 743; x_wconf 89' lang='lat' dir='ltr'><strong>intuitu,</strong></span> <span class='ocrx_word' id='word_1_6' title='bbox 616 644 790 731; x_wconf 84' lang='lat' dir='ltr'><strong>contulit</strong></span> <span class='ocrx_word' id='word_1_7' title='bbox 818 659 1018 753; x_wconf 91' lang='lat' dir='ltr'><strong>perpetuo</strong></span> <span class='ocrx_word' id='word_1_8' title='bbox 1048 636 1344 751; x_wconf 75' lang='lat' dir='ltr'><strong>possidendam.</strong></span> <span class='ocrx_word' id='word_1_9' title='bbox 1371 644 1423 722; x_wconf 85' lang='lat' dir='ltr'><strong>Jn</strong></span> <span class='ocrx_word' id='word_1_10' title='bbox 1452 668 1532 752; x_wconf 86' lang='lat' dir='ltr'><strong>qua</strong></span> <span class='ocrx_word' id='word_1_11' title='bbox 1562 640 1685 722; x_wconf 91' lang='lat' dir='ltr'><strong>domo</strong></span> <span class='ocrx_word' id='word_1_12' title='bbox 1712 634 1763 720; x_wconf 91' lang='lat' dir='ltr'><strong>de</strong></span> <span class='ocrx_word' id='word_1_13' title='bbox 1798 653 1933 719; x_wconf 84' lang='lat' dir='ltr'><strong>nostra</strong></span> <span class='ocrx_word' id='word_1_14' title='bbox 1968 637 2061 739; x_wconf 70' lang='lat' dir='ltr'><strong>dio·</strong></span> 
     </span>
     <span class='ocr_line' id='line_1_3' title="bbox 265 748 2060 864; baseline -0.002 -25"><span class='ocrx_word' id='word_1_15' title='bbox 265 758 360 852; x_wconf 88' lang='lat' dir='ltr'><strong>cesi,</strong></span> <span class='ocrx_word' id='word_1_16' title='bbox 389 784 499 838; x_wconf 92' lang='lat' dir='ltr'><strong>nunc</strong></span> <span class='ocrx_word' id='word_1_17' title='bbox 527 762 568 836; x_wconf 71' lang='lat'><strong>8&lt;</strong></span> <span class='ocrx_word' id='word_1_18' title='bbox 596 757 636 833; x_wconf 92' lang='lat' dir='ltr'><strong>in</strong></span> <span class='ocrx_word' id='word_1_19' title='bbox 666 774 873 863; x_wconf 87' lang='lat' dir='ltr'><strong>posterum</strong></span> <span class='ocrx_word' id='word_1_20' title='bbox 901 753 1156 864; x_wconf 82' lang='lat' dir='ltr'><strong>degentibus,</strong></span> <span class='ocrx_word' id='word_1_21' title='bbox 1195 754 1369 835; x_wconf 87' lang='lat' dir='ltr'><strong>decimas</strong></span> <span class='ocrx_word' id='word_1_22' title='bbox 1402 752 1664 863; x_wconf 85' lang='lat' dir='ltr'><strong>eqiscopales,</strong></span> <span class='ocrx_word' id='word_1_23' title='bbox 1702 750 1752 831; x_wconf 89' lang='lat' dir='ltr'><strong>de</strong></span> <span class='ocrx_word' id='word_1_24' title='bbox 1788 748 2060 835; x_wconf 84' lang='lat' dir='ltr'><strong>Gestrikaland</strong></span> 
     </span>
     <span class='ocr_line' id='line_1_4' title="bbox 177 858 2058 976; baseline -0.003 -26"><span class='ocrx_word' id='word_1_25' title='bbox 177 880 179 888; x_wconf 83' lang='grc'>’</span> <span class='ocrx_word' id='word_1_26' title='bbox 266 874 309 949; x_wconf 69' lang='lat' dir='ltr'><strong>tr</strong></span> <span class='ocrx_word' id='word_1_27' title='bbox 336 868 462 976; x_wconf 88' lang='lat' dir='ltr'><strong>Tiarp</strong></span> <span class='ocrx_word' id='word_1_28' title='bbox 489 868 791 973; x_wconf 81' lang='lat' dir='ltr'><strong>assignauimus,</strong></span> <span class='ocrx_word' id='word_1_29' title='bbox 820 866 898 947; x_wconf 90' lang='lat' dir='ltr'><strong>sub</strong></span> <span class='ocrx_word' id='word_1_30' title='bbox 927 866 1165 976; x_wconf 86' lang='lat' dir='ltr'><strong>formaque</strong></span> <span class='ocrx_word' id='word_1_31' title='bbox 1194 867 1234 944; x_wconf 89' lang='lat' dir='ltr'><strong>in</strong></span> <span class='ocrx_word' id='word_1_32' title='bbox 1263 868 1535 945; x_wconf 86' lang='lat' dir='ltr'><strong>instrumento</strong></span> <span class='ocrx_word' id='word_1_33' title='bbox 1571 890 1694 971; x_wconf 86' lang='lat' dir='ltr'><strong>snper</strong></span> <span class='ocrx_word' id='word_1_34' title='bbox 1731 858 1809 940; x_wconf 87' lang='lat' dir='ltr'><strong>hoc</strong></span> <span class='ocrx_word' id='word_1_35' title='bbox 1838 863 2058 970; x_wconf 78' lang='lat' dir='ltr'><strong>specialiter</strong></span> 
     </span>
    </p>
   </div>
   <div class='ocr_carea' id='block_1_3' title="bbox 137 974 2061 1087">
    <p class='ocr_par' dir='ltr' id='par_1_3' title="bbox 137 974 2061 1087">
     <span class='ocr_line' id='line_1_5' title="bbox 137 974 2061 1087; baseline -0.003 -26"><span class='ocrx_word' id='word_1_36' title='bbox 137 1008 140 1015; x_wconf 88' lang='lat'>·</span> <span class='ocrx_word' id='word_1_37' title='bbox 233 980 450 1061; x_wconf 77' lang='lat' dir='ltr'><strong>‘confecto</strong></span> <span class='ocrx_word' id='word_1_38' title='bbox 478 980 712 1058; x_wconf 83' lang='lat' dir='ltr'><strong>continetur</strong></span> <span class='ocrx_word' id='word_1_39' title='bbox 748 1006 946 1087; x_wconf 83' lang='lat' dir='ltr'>expresse.</span> <span class='ocrx_word' id='word_1_40' title='bbox 983 978 1039 1058; x_wconf 92' lang='lat' dir='ltr'><strong>Vt</strong></span> <span class='ocrx_word' id='word_1_41' title='bbox 1067 995 1200 1057; x_wconf 88' lang='lat' dir='ltr'><strong>autem</strong></span> <span class='ocrx_word' id='word_1_42' title='bbox 1228 977 1414 1061; x_wconf 84' lang='lat' dir='ltr'><strong>scolares·</strong></span> <span class='ocrx_word' id='word_1_43' title='bbox 1445 976 1547 1055; x_wconf 92' lang='lat' dir='ltr'><strong>inibi</strong></span> <span class='ocrx_word' id='word_1_44' title='bbox 1582 989 1876 1069; x_wconf 86' lang='lat' dir='ltr'><strong>conmorantes,</strong></span> <span class='ocrx_word' id='word_1_45' title='bbox 1922 974 1983 1052; x_wconf 91' lang='lat' dir='ltr'><strong>ucl</strong></span> <span class='ocrx_word' id='word_1_46' title='bbox 2023 978 2061 1055; x_wconf 92' lang='lat' dir='ltr'><strong>in</strong></span> 
     </span>
    </p>
   </div>
   <div class='ocr_carea' id='block_1_4' title="bbox 266 1085 2064 1530">
    <p class='ocr_par' dir='ltr' id='par_1_4' title="bbox 266 1085 2064 1530">
     <span class='ocr_line' id='line_1_6' title="bbox 268 1085 2061 1199; baseline -0.003 -28"><span class='ocrx_word' id='word_1_47' title='bbox 268 1108 471 1199; x_wconf 85' lang='lat' dir='ltr'><strong>posterum</strong></span> <span class='ocrx_word' id='word_1_48' title='bbox 501 1093 709 1186; x_wconf 80' lang='lat' dir='ltr'><strong>moraturi,</strong></span> <span class='ocrx_word' id='word_1_49' title='bbox 753 1089 996 1185; x_wconf 84' lang='lat' dir='ltr'><strong>ordinacius,</strong></span> <span class='ocrx_word' id='word_1_50' title='bbox 1040 1089 1225 1198; x_wconf 88' lang='lat' dir='ltr'><strong>quiecius</strong></span> <span class='ocrx_word' id='word_1_51' title='bbox 1253 1094 1295 1167; x_wconf 79' lang='grc' dir='ltr'><strong>8ι</strong></span> <span class='ocrx_word' id='word_1_52' title='bbox 1323 1086 1577 1167; x_wconf 87' lang='lat' dir='ltr'><strong>commodius</strong></span> <span class='ocrx_word' id='word_1_53' title='bbox 1617 1085 1782 1164; x_wconf 91' lang='lat' dir='ltr'><strong>ualeant</strong></span> <span class='ocrx_word' id='word_1_54' title='bbox 1810 1110 2061 1181; x_wconf 90' lang='lat' dir='ltr'><strong>commanere,</strong></span> 
     </span>
     <span class='ocr_line' id='line_1_7' title="bbox 267 1195 2063 1307; baseline -0.002 -24"><span class='ocrx_word' id='word_1_55' title='bbox 267 1200 563 1283; x_wconf 82' lang='lat' dir='ltr'><strong>deliberacione</strong></span> <span class='ocrx_word' id='word_1_56' title='bbox 594 1197 764 1307; x_wconf 89' lang='lat' dir='ltr'><strong>prouida</strong></span> <span class='ocrx_word' id='word_1_57' title='bbox 794 1229 885 1280; x_wconf 91' lang='lat' dir='ltr'><strong>cum</strong></span> <span class='ocrx_word' id='word_1_58' title='bbox 922 1200 1115 1307; x_wconf 91' lang='lat' dir='ltr'><strong>Capitulo</strong></span> <span class='ocrx_word' id='word_1_59' title='bbox 1143 1218 1283 1281; x_wconf 88' lang='lat' dir='ltr'><strong>nostro</strong></span> <span class='ocrx_word' id='word_1_60' title='bbox 1313 1198 1539 1307; x_wconf 71' lang='lat' dir='ltr'><strong>prehabito,</strong></span> <span class='ocrx_word' id='word_1_61' title='bbox 1567 1195 1673 1277; x_wconf 81' lang='lat' dir='ltr'><strong>infra</strong></span> <span class='ocrx_word' id='word_1_62' title='bbox 1704 1211 1858 1291; x_wconf 86' lang='lat' dir='ltr'><strong>notata,</strong></span> <span class='ocrx_word' id='word_1_63' title='bbox 1885 1196 1949 1275; x_wconf 92' lang='lat' dir='ltr'><strong>uel</strong></span> <span class='ocrx_word' id='word_1_64' title='bbox 1976 1196 2063 1279; x_wconf 88' lang='lat' dir='ltr'><strong>sub·</strong></span> 
     </span>
     <span class='ocr_line' id='line_1_8' title="bbox 266 1307 2063 1420; baseline -0.003 -28"><span class='ocrx_word' id='word_1_65' title='bbox 266 1313 417 1419; x_wconf 88' lang='lat' dir='ltr'><strong>scripta</strong></span> <span class='ocrx_word' id='word_1_66' title='bbox 463 1326 614 1390; x_wconf 88' lang='lat' dir='ltr'><strong>statuta</strong></span> <span class='ocrx_word' id='word_1_67' title='bbox 661 1310 826 1391; x_wconf 84' lang='lat' dir='ltr'><strong>fecimus</strong></span> <span class='ocrx_word' id='word_1_68' title='bbox 874 1316 914 1389; x_wconf 81' lang='lat' dir='ltr'><strong>8t</strong></span> <span class='ocrx_word' id='word_1_69' title='bbox 956 1309 1248 1407; x_wconf 87' lang='lat' dir='ltr'><strong>ordinauimns‚</strong></span> <span class='ocrx_word' id='word_1_70' title='bbox 1279 1341 1301 1391; x_wconf 86' lang='lat' dir='ltr'><strong>a</strong></span> <span class='ocrx_word' id='word_1_71' title='bbox 1331 1309 1524 1420; x_wconf 82' lang='lat' dir='ltr'><strong>predictis</strong></span> <span class='ocrx_word' id='word_1_72' title='bbox 1573 1307 1811 1402; x_wconf 88' lang='lat' dir='ltr'><strong>scolaribus,</strong></span> <span class='ocrx_word' id='word_1_73' title='bbox 1853 1311 1894 1384; x_wconf 87' lang='lat'>&amp;</span> <span class='ocrx_word' id='word_1_74' title='bbox 1934 1334 2063 1387; x_wconf 84' lang='lat' dir='ltr'><strong>eorum</strong></span> 
     </span>
     <span class='ocr_line' id='line_1_9' title="bbox 266 1416 2064 1530; baseline -0.003 -27"><span class='ocrx_word' id='word_1_75' title='bbox 266 1424 384 1504; x_wconf 88' lang='lat' dir='ltr'><strong>sociis</strong></span> <span class='ocrx_word' id='word_1_76' title='bbox 420 1450 576 1529; x_wconf 90' lang='lat' dir='ltr'><strong>semper</strong></span> <span class='ocrx_word' id='word_1_77' title='bbox 605 1422 892 1502; x_wconf 90' lang='lat' dir='ltr'><strong>inuiolabiliter</strong></span> <span class='ocrx_word' id='word_1_78' title='bbox 927 1420 1194 1502; x_wconf 88' lang='lat' dir='ltr'><strong>obseruanda.</strong></span> <span class='ocrx_word' id='word_1_79' title='bbox 1236 1425 1287 1502; x_wconf 86' lang='lat' dir='ltr'><strong>Jn</strong></span> <span class='ocrx_word' id='word_1_80' title='bbox 1332 1422 1473 1530; x_wconf 85' lang='lat' dir='ltr'><strong>primis</strong></span> <span class='ocrx_word' id='word_1_81' title='bbox 1522 1420 1695 1529; x_wconf 87' lang='lat' dir='ltr'><strong>quilibet</strong></span> <span class='ocrx_word' id='word_1_82' title='bbox 1738 1422 1960 1497; x_wconf 90' lang='lat' dir='ltr'><strong>intraturus</strong></span> <span class='ocrx_word' id='word_1_83' title='bbox 2000 1416 2064 1497; x_wconf 89' lang='lat' dir='ltr'><strong>do·</strong></span> 
     </span>
    </p>
   </div>
   <div class='ocr_carea' id='block_1_5' title="bbox 80 1529 2064 1642">
    <p class='ocr_par' dir='ltr' id='par_1_5' title="bbox 80 1529 2064 1642">
     <span class='ocr_line' id='line_1_10' title="bbox 80 1529 2064 1642; baseline -0.004 -27"><span class='ocrx_word' id='word_1_84' title='bbox 80 1568 86 1577; x_wconf 91' lang='lat'><strong>·</strong></span> <span class='ocrx_word' id='word_1_85' title='bbox 197 1552 206 1633; x_wconf 65' lang='lat' dir='ltr'>j</span> <span class='ocrx_word' id='word_1_86' title='bbox 267 1562 377 1614; x_wconf 91' lang='lat' dir='ltr'><strong>mum</strong></span> <span class='ocrx_word' id='word_1_87' title='bbox 407 1531 626 1641; x_wconf 85' lang='lat' dir='ltr'><strong>predictam</strong></span> <span class='ocrx_word' id='word_1_88' title='bbox 655 1535 865 1642; x_wconf 90' lang='lat' dir='ltr'><strong>promittat</strong></span> <span class='ocrx_word' id='word_1_89' title='bbox 895 1559 969 1639; x_wconf 88' lang='lat' dir='ltr'><strong>per</strong></span> <span class='ocrx_word' id='word_1_90' title='bbox 997 1536 1267 1614; x_wconf 88' lang='lat' dir='ltr'><strong>iuramentum</strong></span> <span class='ocrx_word' id='word_1_91' title='bbox 1302 1536 1476 1639; x_wconf 74' lang='lat' dir='ltr'><strong>vprestita</strong></span> <span class='ocrx_word' id='word_1_92' title='bbox 1512 1529 1590 1613; x_wconf 87' lang='lat' dir='ltr'><strong>lide</strong></span> <span class='ocrx_word' id='word_1_93' title='bbox 1626 1531 1669 1609; x_wconf 93' lang='lat' dir='ltr'><strong>in</strong></span> <span class='ocrx_word' id='word_1_94' title='bbox 1704 1529 1892 1608; x_wconf 89' lang='lat' dir='ltr'><strong>manibus</strong></span> <span class='ocrx_word' id='word_1_95' title='bbox 1926 1538 2064 1636; x_wconf 89' lang='lat' dir='ltr'><strong>procu·‘</strong></span> 
     </span>
    </p>
   </div>
   <div class='ocr_carea' id='block_1_6' title="bbox 152 1637 2068 2865">
    <p class='ocr_par' dir='ltr' id='par_1_6' title="bbox 152 1637 2068 2865">
     <span class='ocr_line' id='line_1_11' title="bbox 268 1637 2066 1752; baseline -0.004 -26"><span class='ocrx_word' id='word_1_96' title='bbox 268 1647 414 1726; x_wconf 82' lang='lat' dir='ltr'><strong>catoris</strong></span> <span class='ocrx_word' id='word_1_97' title='bbox 439 1670 512 1723; x_wconf 85' lang='lat' dir='ltr'><strong>seu</strong></span> <span class='ocrx_word' id='word_1_98' title='bbox 543 1652 864 1751; x_wconf 87' lang='lat' dir='ltr'><strong>procuratorum,</strong></span> <span class='ocrx_word' id='word_1_99' title='bbox 893 1661 1083 1751; x_wconf 88' lang='lat' dir='ltr'><strong>presente</strong></span> <span class='ocrx_word' id='word_1_100' title='bbox 1112 1643 1398 1752; x_wconf 85' lang='lat' dir='ltr'><strong>principali&amp;</strong></span> <span class='ocrx_word' id='word_1_101' title='bbox 1426 1644 1551 1724; x_wconf 85' lang='lat' dir='ltr'><strong>sociis</strong></span> <span class='ocrx_word' id='word_1_102' title='bbox 1573 1642 1735 1737; x_wconf 87' lang='lat' dir='ltr'><strong>domus,</strong></span> <span class='ocrx_word' id='word_1_103' title='bbox 1774 1637 1889 1751; x_wconf 91' lang='lat' dir='ltr'><strong>quod</strong></span> <span class='ocrx_word' id='word_1_104' title='bbox 1923 1656 2066 1719; x_wconf 88' lang='lat' dir='ltr'><strong>statuta</strong></span> 
     </span>
     <span class='ocr_line' id='line_1_12' title="bbox 267 1748 2066 1863; baseline -0.004 -27"><span class='ocrx_word' id='word_1_105' title='bbox 267 1755 321 1837; x_wconf 88' lang='lat' dir='ltr'><strong>nd</strong></span> <span class='ocrx_word' id='word_1_106' title='bbox 349 1756 681 1836; x_wconf 84' lang='lat' dir='ltr'><strong>informacionem</strong></span> <span class='ocrx_word' id='word_1_107' title='bbox 707 1783 779 1835; x_wconf 89' lang='lat' dir='ltr'><strong>seu</strong></span> <span class='ocrx_word' id='word_1_108' title='bbox 808 1756 1118 1835; x_wconf 88' lang='lat' dir='ltr'><strong>instructionem</strong></span> <span class='ocrx_word' id='word_1_109' title='bbox 1145 1756 1326 1863; x_wconf 88' lang='lat' dir='ltr'><strong>predicte</strong></span> <span class='ocrx_word' id='word_1_110' title='bbox 1362 1755 1575 1852; x_wconf 85' lang='lat' dir='ltr'><strong>societatis,</strong></span> <span class='ocrx_word' id='word_1_111' title='bbox 1613 1780 1687 1862; x_wconf 85' lang='lat' dir='ltr'><strong>per</strong></span> <span class='ocrx_word' id='word_1_112' title='bbox 1724 1779 1799 1831; x_wconf 87' lang='lat' dir='ltr'><strong>nos</strong></span> <span class='ocrx_word' id='word_1_113' title='bbox 1832 1750 1949 1853; x_wconf 82' lang='lat' dir='ltr'><strong>facta,</strong></span> <span class='ocrx_word' id='word_1_114' title='bbox 1980 1748 2066 1830; x_wconf 87' lang='lat' dir='ltr'><strong>fide·</strong></span> 
     </span>
     <span class='ocr_line' id='line_1_13' title="bbox 268 1861 2066 1974; baseline -0.002 -28"><span class='ocrx_word' id='word_1_115' title='bbox 268 1866 361 1947; x_wconf 90' lang='lat' dir='ltr'><strong>liter</strong></span> <span class='ocrx_word' id='word_1_116' title='bbox 388 1865 633 1962; x_wconf 85' lang='lat' dir='ltr'><strong>obseruabit,</strong></span> <span class='ocrx_word' id='word_1_117' title='bbox 670 1867 756 1973; x_wconf 87' lang='lat' dir='ltr'><strong>ipsa</strong></span> <span class='ocrx_word' id='word_1_118' title='bbox 786 1892 837 1945; x_wconf 86' lang='lat' dir='ltr'><strong>ex</strong></span> <span class='ocrx_word' id='word_1_119' title='bbox 864 1881 1104 1974; x_wconf 89' lang='lat' dir='ltr'><strong>contemptu</strong></span> <span class='ocrx_word' id='word_1_120' title='bbox 1132 1892 1204 1945; x_wconf 86' lang='lat' dir='ltr'><strong>seu</strong></span> <span class='ocrx_word' id='word_1_121' title='bbox 1233 1866 1454 1948; x_wconf 87' lang='lat' dir='ltr'><strong>deliberata</strong></span> <span class='ocrx_word' id='word_1_122' title='bbox 1484 1864 1652 1962; x_wconf 89' lang='lat' dir='ltr'><strong>malicia,</strong></span> <span class='ocrx_word' id='word_1_123' title='bbox 1683 1861 1914 1944; x_wconf 87' lang='lat' dir='ltr'><strong>nullatenus</strong></span> <span class='ocrx_word' id='word_1_124' title='bbox 1946 1878 2066 1943; x_wconf 86' lang='lat' dir='ltr'><strong>trans·</strong></span> 
     </span>
     <span class='ocr_line' id='line_1_14' title="bbox 229 1972 2066 2087; baseline -0.005 -28"><span class='ocrx_word' id='word_1_125' title='bbox 229 1982 233 1987; x_wconf 83' lang='grc'><strong>’</strong></span> <span class='ocrx_word' id='word_1_126' title='bbox 268 1985 488 2087; x_wconf 78' lang='lat' dir='ltr'><strong>gressurus&#39;.</strong></span> <span class='ocrx_word' id='word_1_127' title='bbox 516 1978 620 2057; x_wconf 89' lang='lat' dir='ltr'><strong>Jtem</strong></span> <span class='ocrx_word' id='word_1_128' title='bbox 649 1974 762 2087; x_wconf 93' lang='lat' dir='ltr'><strong>quod</strong></span> <span class='ocrx_word' id='word_1_129' title='bbox 792 1978 941 2057; x_wconf 89' lang='lat' dir='ltr'><strong>rectori</strong></span> <span class='ocrx_word' id='word_1_130' title='bbox 970 1975 1244 2084; x_wconf 89' lang='lat' dir='ltr'><strong>predictorum</strong></span> <span class='ocrx_word' id='word_1_131' title='bbox 1274 1977 1561 2085; x_wconf 90' lang='lat' dir='ltr'><strong>paruulorum,</strong></span> <span class='ocrx_word' id='word_1_132' title='bbox 1591 1974 1783 2057; x_wconf 89' lang='lat' dir='ltr'><strong>residenti</strong></span> <span class='ocrx_word' id='word_1_133' title='bbox 1811 1972 1922 2082; x_wconf 88' lang='lat' dir='ltr'><strong>apud</strong></span> <span class='ocrx_word' id='word_1_134' title='bbox 1958 1999 2066 2081; x_wconf 82' lang='lat' dir='ltr'><strong>vpsa·</strong></span> 
     </span>
     <span class='ocr_line' id='line_1_15' title="bbox 268 2086 2064 2198; baseline -0.003 -30"><span class='ocrx_word' id='word_1_135' title='bbox 268 2088 374 2185; x_wconf 90' lang='lat' dir='ltr'><strong>liam,</strong></span> <span class='ocrx_word' id='word_1_136' title='bbox 390 2091 467 2169; x_wconf 63' lang='lat' dir='ltr'><strong>vcui</strong></span> <span class='ocrx_word' id='word_1_137' title='bbox 495 2116 591 2169; x_wconf 89' lang='lat' dir='ltr'><strong>cura</strong></span> <span class='ocrx_word' id='word_1_138' title='bbox 620 2089 802 2198; x_wconf 88' lang='lat' dir='ltr'><strong>ipsorum</strong></span> <span class='ocrx_word' id='word_1_139' title='bbox 832 2088 1098 2195; x_wconf 85' lang='lat' dir='ltr'><strong>principalior</strong></span> <span class='ocrx_word' id='word_1_140' title='bbox 1125 2103 1249 2198; x_wconf 89' lang='lat' dir='ltr'><strong>atque</strong></span> <span class='ocrx_word' id='word_1_141' title='bbox 1284 2090 1460 2194; x_wconf 85' lang='lat' dir='ltr'><strong>regimen</strong></span> <span class='ocrx_word' id='word_1_142' title='bbox 1496 2114 1571 2195; x_wconf 89' lang='lat' dir='ltr'><strong>per</strong></span> <span class='ocrx_word' id='word_1_143' title='bbox 1608 2086 1830 2195; x_wconf 88' lang='lat' dir='ltr'><strong>capitulum</strong></span> <span class='ocrx_word' id='word_1_144' title='bbox 1868 2101 1930 2163; x_wconf 87' lang='lat' dir='ltr'><strong>est</strong></span> <span class='ocrx_word' id='word_1_145' title='bbox 1964 2110 2064 2164; x_wconf 83' lang='lat' dir='ltr'><strong>cont·</strong></span> 
     </span>
     <span class='ocr_line' id='line_1_16' title="bbox 189 2196 2065 2308; baseline -0.003 -29"><span class='ocrx_word' id='word_1_146' title='bbox 189 2196 192 2207; x_wconf 81' lang='lat'>&#39;</span> <span class='ocrx_word' id='word_1_147' title='bbox 268 2202 442 2281; x_wconf 89' lang='lat' dir='ltr'><strong>missum.</strong></span> <span class='ocrx_word' id='word_1_148' title='bbox 471 2227 630 2300; x_wconf 87' lang='lat' dir='ltr'><strong>necnon</strong></span> <span class='ocrx_word' id='word_1_149' title='bbox 660 2202 915 2307; x_wconf 77' lang='lat' dir='ltr'><strong>procuratori</strong></span> <span class='ocrx_word' id='word_1_150' title='bbox 943 2226 1013 2278; x_wconf 87' lang='lat' dir='ltr'><strong>seu</strong></span> <span class='ocrx_word' id='word_1_151' title='bbox 1044 2198 1377 2305; x_wconf 87' lang='lat' dir='ltr'><strong>procuratoribus</strong></span> <span class='ocrx_word' id='word_1_152' title='bbox 1404 2201 1582 2307; x_wconf 92' lang='lat' dir='ltr'><strong>ipsorum</strong></span> <span class='ocrx_word' id='word_1_153' title='bbox 1620 2198 1779 2308; x_wconf 88' lang='lat' dir='ltr'><strong>parisiis</strong></span> <span class='ocrx_word' id='word_1_154' title='bbox 1805 2197 2065 2288; x_wconf 80' lang='lat' dir='ltr'><strong>existentium,</strong></span> 
     </span>
     <span class='ocr_line' id='line_1_17' title="bbox 268 2306 2064 2419; baseline -0.004 -28"><span class='ocrx_word' id='word_1_155' title='bbox 268 2311 541 2391; x_wconf 88' lang='lat' dir='ltr'><strong>reuerenciam</strong></span> <span class='ocrx_word' id='word_1_156' title='bbox 571 2316 611 2390; x_wconf 86' lang='lat'>&amp;</span> <span class='ocrx_word' id='word_1_157' title='bbox 638 2309 915 2390; x_wconf 87' lang='lat' dir='ltr'><strong>obedienciam</strong></span> <span class='ocrx_word' id='word_1_158' title='bbox 942 2327 1145 2419; x_wconf 88' lang='lat' dir='ltr'><strong>quantum</strong></span> <span class='ocrx_word' id='word_1_159' title='bbox 1172 2310 1224 2391; x_wconf 88' lang='lat' dir='ltr'><strong>ad</strong></span> <span class='ocrx_word' id='word_1_160' title='bbox 1252 2327 1498 2390; x_wconf 87' lang='lat' dir='ltr'><strong>statutorum</strong></span> <span class='ocrx_word' id='word_1_161' title='bbox 1526 2310 1833 2390; x_wconf 87' lang='lat' dir='ltr'><strong>obseruanciam</strong></span> <span class='ocrx_word' id='word_1_162' title='bbox 1856 2306 2064 2387; x_wconf 83' lang='lat' dir='ltr'><strong>exhibebit.</strong></span> 
     </span>
     <span class='ocr_line' id='line_1_18' title="bbox 269 2416 2068 2531; baseline -0.005 -28"><span class='ocrx_word' id='word_1_163' title='bbox 269 2425 372 2503; x_wconf 90' lang='lat' dir='ltr'><strong>Jtcm</strong></span> <span class='ocrx_word' id='word_1_164' title='bbox 402 2422 514 2531; x_wconf 92' lang='lat' dir='ltr'><strong>quod</strong></span> <span class='ocrx_word' id='word_1_165' title='bbox 543 2416 712 2502; x_wconf 85' lang='lat' dir='ltr'><strong>eandem</strong></span> <span class='ocrx_word' id='word_1_166' title='bbox 739 2420 902 2500; x_wconf 90' lang='lat' dir='ltr'><strong>domum</strong></span> <span class='ocrx_word' id='word_1_167' title='bbox 926 2420 1053 2501; x_wconf 87' lang='lat' dir='ltr'><strong>exibit</strong></span> <span class='ocrx_word' id='word_1_168' title='bbox 1081 2426 1122 2498; x_wconf 80' lang='lat' dir='ltr'><strong>8r</strong></span> <span class='ocrx_word' id='word_1_169' title='bbox 1151 2423 1381 2503; x_wconf 85' lang='lat' dir='ltr'><strong>societatem</strong></span> <span class='ocrx_word' id='word_1_170' title='bbox 1396 2423 1481 2500; x_wconf 86' lang='lat' dir='ltr'><strong>sine</strong></span> <span class='ocrx_word' id='word_1_171' title='bbox 1494 2418 1816 2501; x_wconf 86' lang='lat' dir='ltr'><strong>contradictione</strong></span> <span class='ocrx_word' id='word_1_172' title='bbox 1832 2423 1873 2499; x_wconf 85' lang='lat'>&amp;</span> <span class='ocrx_word' id='word_1_173' title='bbox 1888 2417 2068 2497; x_wconf 88' lang='lat' dir='ltr'><strong>reclama·</strong></span> 
     </span>
     <span class='ocr_line' id='line_1_19' title="bbox 268 2526 2067 2642; baseline -0.006 -27"><span class='ocrx_word' id='word_1_174' title='bbox 268 2534 397 2615; x_wconf 91' lang='lat' dir='ltr'><strong>cione·</strong></span> <span class='ocrx_word' id='word_1_175' title='bbox 413 2531 548 2642; x_wconf 88' lang='lat' dir='ltr'><strong>aliqua</strong></span> <span class='ocrx_word' id='word_1_176' title='bbox 581 2530 918 2642; x_wconf 88' lang='lat' dir='ltr'><strong>quandocumque</strong></span> <span class='ocrx_word' id='word_1_177' title='bbox 946 2560 968 2612; x_wconf 91' lang='lat' dir='ltr'><strong>a</strong></span> <span class='ocrx_word' id='word_1_178' title='bbox 998 2549 1265 2641; x_wconf 88' lang='lat' dir='ltr'><strong>procuratore</strong></span> <span class='ocrx_word' id='word_1_179' title='bbox 1301 2531 1456 2629; x_wconf 92' lang='lat' dir='ltr'><strong>domus,</strong></span> <span class='ocrx_word' id='word_1_180' title='bbox 1491 2548 1538 2611; x_wconf 88' lang='lat' dir='ltr'><strong>ut</strong></span> <span class='ocrx_word' id='word_1_181' title='bbox 1573 2547 1691 2613; x_wconf 84' lang='lat' dir='ltr'><strong>exeat</strong></span> <span class='ocrx_word' id='word_1_182' title='bbox 1728 2531 1907 2609; x_wconf 84' lang='lat' dir='ltr'><strong>monitus</strong></span> <span class='ocrx_word' id='word_1_183' title='bbox 1942 2526 2067 2611; x_wconf 86' lang='lat' dir='ltr'><strong>luerit.</strong></span> 
     </span>
     <span class='ocr_line' id='line_1_20' title="bbox 271 2638 2068 2753; baseline -0.004 -29"><span class='ocrx_word' id='word_1_184' title='bbox 271 2646 373 2724; x_wconf 89' lang='lat' dir='ltr'><strong>Jtem</strong></span> <span class='ocrx_word' id='word_1_185' title='bbox 402 2640 515 2751; x_wconf 92' lang='lat' dir='ltr'><strong>quod</strong></span> <span class='ocrx_word' id='word_1_186' title='bbox 544 2645 706 2727; x_wconf 87' lang='lat' dir='ltr'><strong>racione</strong></span> <span class='ocrx_word' id='word_1_187' title='bbox 735 2646 973 2725; x_wconf 85' lang='lat' dir='ltr'><strong>remocionis</strong></span> <span class='ocrx_word' id='word_1_188' title='bbox 1002 2644 1187 2750; x_wconf 89' lang='lat' dir='ltr'><strong>predicte</strong></span> <span class='ocrx_word' id='word_1_189' title='bbox 1212 2644 1432 2753; x_wconf 89' lang='lat' dir='ltr'><strong>dampnum</strong></span> <span class='ocrx_word' id='word_1_190' title='bbox 1460 2641 1569 2731; x_wconf 85' lang='lat' dir='ltr'><strong>dicte</strong></span> <span class='ocrx_word' id='word_1_191' title='bbox 1604 2642 1772 2738; x_wconf 75' lang='lat' dir='ltr'><strong>domus,</strong></span> <span class='ocrx_word' id='word_1_192' title='bbox 1798 2668 1872 2722; x_wconf 90' lang='lat' dir='ltr'><strong>seu</strong></span> <span class='ocrx_word' id='word_1_193' title='bbox 1905 2638 2068 2719; x_wconf 88' lang='lat' dir='ltr'><strong>alicuius</strong></span> 
     </span>
     <span class='ocr_line' id='line_1_21' title="bbox 152 2753 2067 2865; baseline -0.004 -30"><span class='ocrx_word' id='word_1_194' title='bbox 152 2818 159 2824; x_wconf 86' lang='lat'><em>.</em></span> <span class='ocrx_word' id='word_1_195' title='bbox 267 2754 334 2835; x_wconf 89' lang='lat' dir='ltr'><strong>uel</strong></span> <span class='ocrx_word' id='word_1_196' title='bbox 362 2753 591 2864; x_wconf 81' lang='lat' dir='ltr'><strong>aliquorum</strong></span> <span class='ocrx_word' id='word_1_197' title='bbox 620 2756 868 2837; x_wconf 86' lang='lat' dir='ltr'><strong>manentium</strong></span> <span class='ocrx_word' id='word_1_198' title='bbox 897 2753 1059 2851; x_wconf 84' lang='lat' dir='ltr'><strong>ibidem,</strong></span> <span class='ocrx_word' id='word_1_199' title='bbox 1090 2783 1223 2865; x_wconf 91' lang='lat' dir='ltr'><strong>neque</strong></span> <span class='ocrx_word' id='word_1_200' title='bbox 1251 2784 1324 2864; x_wconf 87' lang='lat' dir='ltr'><strong>per</strong></span> <span class='ocrx_word' id='word_1_201' title='bbox 1359 2784 1401 2836; x_wconf 88' lang='lat' dir='ltr'><strong>se</strong></span> <span class='ocrx_word' id='word_1_202' title='bbox 1437 2781 1572 2864; x_wconf 89' lang='lat' dir='ltr'><strong>neque</strong></span> <span class='ocrx_word' id='word_1_203' title='bbox 1607 2782 1681 2861; x_wconf 91' lang='lat' dir='ltr'><strong>per</strong></span> <span class='ocrx_word' id='word_1_204' title='bbox 1716 2754 1839 2833; x_wconf 89' lang='lat' dir='ltr'><strong>alium</strong></span> <span class='ocrx_word' id='word_1_205' title='bbox 1882 2777 2067 2859; x_wconf 90' lang='lat' dir='ltr'><strong>procura·</strong></span> 
     </span>
    </p>
   </div>
   <div class='ocr_carea' id='block_1_7' title="bbox 129 2862 2067 2978">
    <p class='ocr_par' dir='ltr' id='par_1_7' title="bbox 129 2862 2067 2978">
     <span class='ocr_line' id='line_1_22' title="bbox 129 2862 2067 2978; baseline -0.002 -35"><span class='ocrx_word' id='word_1_206' title='bbox 129 2876 134 2889; x_wconf 80' lang='grc'><em>“</em></span> <span class='ocrx_word' id='word_1_207' title='bbox 267 2864 341 2959; x_wconf 91' lang='lat' dir='ltr'><strong>bit.</strong></span> <span class='ocrx_word' id='word_1_208' title='bbox 370 2868 473 2947; x_wconf 83' lang='lat' dir='ltr'><strong>ltem</strong></span> <span class='ocrx_word' id='word_1_209' title='bbox 505 2862 617 2975; x_wconf 92' lang='lat' dir='ltr'><strong>quod</strong></span> <span class='ocrx_word' id='word_1_210' title='bbox 646 2892 729 2945; x_wconf 92' lang='lat' dir='ltr'><strong>non</strong></span> <span class='ocrx_word' id='word_1_211' title='bbox 758 2866 997 2978; x_wconf 91' lang='lat' dir='ltr'><strong>procurabit</strong></span> <span class='ocrx_word' id='word_1_212' title='bbox 1028 2894 1102 2974; x_wconf 90' lang='lat' dir='ltr'><strong>per</strong></span> <span class='ocrx_word' id='word_1_213' title='bbox 1131 2894 1269 2975; x_wconf 90' lang='lat' dir='ltr'><strong>preces</strong></span> <span class='ocrx_word' id='word_1_214' title='bbox 1298 2867 1456 2977; x_wconf 89' lang='lat' dir='ltr'><strong>aliquas</strong></span> <span class='ocrx_word' id='word_1_215' title='bbox 1485 2880 1638 2946; x_wconf 91' lang='lat' dir='ltr'><strong>metum</strong></span> <span class='ocrx_word' id='word_1_216' title='bbox 1668 2865 1735 2944; x_wconf 95' lang='lat' dir='ltr'><strong>uel</strong></span> <span class='ocrx_word' id='word_1_217' title='bbox 1771 2862 2067 2971; x_wconf 85' lang='lat' dir='ltr'><strong>displicenciam</strong></span> 
     </span>
    </p>
   </div>
   <div class='ocr_carea' id='block_1_8' title="bbox 211 2972 2151 5063">
    <p class='ocr_par' dir='ltr' id='par_1_8' title="bbox 211 2972 2151 4985">
     <span class='ocr_line' id='line_1_23' title="bbox 268 2972 2068 3087; baseline -0.003 -30"><span class='ocrx_word' id='word_1_218' title='bbox 268 2973 514 3076; x_wconf 85' lang='lat' dir='ltr'><strong>inducentes,</strong></span> <span class='ocrx_word' id='word_1_219' title='bbox 542 3005 583 3059; x_wconf 89' lang='lat' dir='ltr'><strong>se</strong></span> <span class='ocrx_word' id='word_1_220' title='bbox 611 2980 757 3059; x_wconf 91' lang='lat' dir='ltr'><strong>iterato</strong></span> <span class='ocrx_word' id='word_1_221' title='bbox 785 2980 911 3087; x_wconf 89' lang='lat' dir='ltr'><strong>recipi</strong></span> <span class='ocrx_word' id='word_1_222' title='bbox 950 2979 993 3058; x_wconf 90' lang='lat' dir='ltr'><strong>in</strong></span> <span class='ocrx_word' id='word_1_223' title='bbox 1021 2979 1143 3060; x_wconf 91' lang='lat' dir='ltr'><strong>domo</strong></span> <span class='ocrx_word' id='word_1_224' title='bbox 1179 2977 1331 3059; x_wconf 88' lang='lat' dir='ltr'><strong>eadem.</strong></span> <span class='ocrx_word' id='word_1_225' title='bbox 1369 2975 1439 3060; x_wconf 89' lang='lat' dir='ltr'><strong>sed</strong></span> <span class='ocrx_word' id='word_1_226' title='bbox 1475 2976 1751 3087; x_wconf 84' lang='lat' dir='ltr'><strong>procuratoris</strong></span> <span class='ocrx_word' id='word_1_227' title='bbox 1786 2974 1963 3084; x_wconf 84' lang='lat' dir='ltr'><strong>graciam</strong></span> <span class='ocrx_word' id='word_1_228' title='bbox 2000 2972 2068 3052; x_wconf 91' lang='lat' dir='ltr'><strong>bu·</strong></span> 
     </span>
     <span class='ocr_line' id='line_1_24' title="bbox 211 3087 2147 3197; baseline -0.004 -27"><span class='ocrx_word' id='word_1_229' title='bbox 211 3129 223 3142; x_wconf 49' lang='grc' dir='ltr'>ν</span> <span class='ocrx_word' id='word_1_230' title='bbox 268 3087 415 3170; x_wconf 90' lang='lat' dir='ltr'><strong>militer</strong></span> <span class='ocrx_word' id='word_1_231' title='bbox 445 3115 517 3196; x_wconf 91' lang='lat' dir='ltr'><strong>per</strong></span> <span class='ocrx_word' id='word_1_232' title='bbox 545 3090 680 3169; x_wconf 88' lang='lat' dir='ltr'><strong>omnia</strong></span> <span class='ocrx_word' id='word_1_233' title='bbox 709 3116 831 3196; x_wconf 87' lang='lat' dir='ltr'><strong>super</strong></span> <span class='ocrx_word' id='word_1_234' title='bbox 867 3091 943 3167; x_wconf 86' lang='lat' dir='ltr'><strong>hiis</strong></span> <span class='ocrx_word' id='word_1_235' title='bbox 986 3088 1230 3197; x_wconf 83' lang='lat' dir='ltr'><strong>expectabit.</strong></span> <span class='ocrx_word' id='word_1_236' title='bbox 1287 3094 1391 3170; x_wconf 84' lang='lat' dir='ltr'><strong>ltem</strong></span> <span class='ocrx_word' id='word_1_237' title='bbox 1436 3091 1648 3197; x_wconf 86' lang='lat' dir='ltr'><strong>promittat</strong></span> <span class='ocrx_word' id='word_1_238' title='bbox 1688 3115 1763 3197; x_wconf 92' lang='lat' dir='ltr'><strong>per</strong></span> <span class='ocrx_word' id='word_1_239' title='bbox 1804 3089 2069 3168; x_wconf 88' lang='lat' dir='ltr'><strong>iuramentum</strong></span> <span class='ocrx_word' id='word_1_240' title='bbox 2139 3093 2147 3117; x_wconf 89' lang='lat'><em>&#39;</em></span> 
     </span>
     <span class='ocr_line' id='line_1_25' title="bbox 268 3193 2069 3320; baseline -0.004 -40"><span class='ocrx_word' id='word_1_241' title='bbox 268 3215 316 3280; x_wconf 90' lang='lat' dir='ltr'><strong>ut</strong></span> <span class='ocrx_word' id='word_1_242' title='bbox 343 3227 478 3307; x_wconf 87' lang='lat' dir='ltr'><strong>supra,</strong></span> <span class='ocrx_word' id='word_1_243' title='bbox 507 3198 620 3308; x_wconf 91' lang='lat' dir='ltr'><strong>quod</strong></span> <span class='ocrx_word' id='word_1_244' title='bbox 648 3200 770 3279; x_wconf 86' lang='lat' dir='ltr'><strong>stabit</strong></span> <span class='ocrx_word' id='word_1_245' title='bbox 798 3197 961 3320; x_wconf 46' lang='lat' dir='ltr'><strong>iudiciox</strong></span> <span class='ocrx_word' id='word_1_246' title='bbox 991 3225 1061 3278; x_wconf 86' lang='lat' dir='ltr'><strong>seu</strong></span> <span class='ocrx_word' id='word_1_247' title='bbox 1107 3199 1340 3301; x_wconf 87' lang='lat' dir='ltr'><strong>iuridicioni</strong></span> <span class='ocrx_word' id='word_1_248' title='bbox 1376 3202 1544 3283; x_wconf 92' lang='lat' dir='ltr'><strong>rectoris</strong></span> <span class='ocrx_word' id='word_1_249' title='bbox 1579 3227 1800 3310; x_wconf 91' lang='lat' dir='ltr'><strong>puerorum</strong></span> <span class='ocrx_word' id='word_1_250' title='bbox 1837 3199 1967 3308; x_wconf 87' lang='lat' dir='ltr'><strong>ipsius</strong></span> <span class='ocrx_word' id='word_1_251' title='bbox 2000 3193 2069 3275; x_wconf 92' lang='lat' dir='ltr'><strong>do·</strong></span> 
     </span>
     <span class='ocr_line' id='line_1_26' title="bbox 268 3307 2070 3422; baseline -0.003 -32"><span class='ocrx_word' id='word_1_252' title='bbox 268 3339 368 3408; x_wconf 90' lang='lat' dir='ltr'><strong>mus,</strong></span> <span class='ocrx_word' id='word_1_253' title='bbox 396 3335 517 3417; x_wconf 90' lang='lat' dir='ltr'><strong>super</strong></span> <span class='ocrx_word' id='word_1_254' title='bbox 540 3310 727 3389; x_wconf 92' lang='lat' dir='ltr'><strong>omnibus</strong></span> <span class='ocrx_word' id='word_1_255' title='bbox 754 3307 922 3405; x_wconf 90' lang='lat' dir='ltr'><strong>delictis,</strong></span> <span class='ocrx_word' id='word_1_256' title='bbox 959 3310 1282 3418; x_wconf 82' lang='lat' dir='ltr'><strong>&amp;quibuslibet</strong></span> <span class='ocrx_word' id='word_1_257' title='bbox 1309 3314 1527 3392; x_wconf 90' lang='lat' dir='ltr'><strong>commissis</strong></span> <span class='ocrx_word' id='word_1_258' title='bbox 1554 3341 1635 3422; x_wconf 89' lang='lat' dir='ltr'><strong>que</strong></span> <span class='ocrx_word' id='word_1_259' title='bbox 1664 3311 1795 3419; x_wconf 83' lang='lat' dir='ltr'><strong>ipsum</strong></span> <span class='ocrx_word' id='word_1_260' title='bbox 1822 3333 2070 3390; x_wconf 87' lang='lat' dir='ltr'><strong>commoran-</strong></span> 
     </span>
     <span class='ocr_line' id='line_1_27' title="bbox 268 3418 2072 3532; baseline -0.003 -29"><span class='ocrx_word' id='word_1_261' title='bbox 268 3439 349 3503; x_wconf 91' lang='lat' dir='ltr'><strong>tem</strong></span> <span class='ocrx_word' id='word_1_262' title='bbox 378 3422 420 3500; x_wconf 92' lang='lat' dir='ltr'><strong>in</strong></span> <span class='ocrx_word' id='word_1_263' title='bbox 450 3418 629 3527; x_wconf 90' lang='lat' dir='ltr'><strong>predicta</strong></span> <span class='ocrx_word' id='word_1_264' title='bbox 661 3422 851 3501; x_wconf 86' lang='lat' dir='ltr'><strong>societate</strong></span> <span class='ocrx_word' id='word_1_265' title='bbox 893 3423 1143 3502; x_wconf 89' lang='lat' dir='ltr'><strong>committere</strong></span> <span class='ocrx_word' id='word_1_266' title='bbox 1183 3449 1255 3502; x_wconf 88' lang='lat' dir='ltr'><strong>seu</strong></span> <span class='ocrx_word' id='word_1_267' title='bbox 1296 3423 1532 3532; x_wconf 90' lang='lat' dir='ltr'><strong>delinquere</strong></span> <span class='ocrx_word' id='word_1_268' title='bbox 1574 3425 1795 3530; x_wconf 83' lang='lat' dir='ltr'><strong>contingat,</strong></span> <span class='ocrx_word' id='word_1_269' title='bbox 1839 3423 1896 3503; x_wconf 91' lang='lat' dir='ltr'><strong>ad</strong></span> <span class='ocrx_word' id='word_1_270' title='bbox 1938 3444 2072 3530; x_wconf 88' lang='lat' dir='ltr'><strong>quem·</strong></span> 
     </span>
     <span class='ocr_line' id='line_1_28' title="bbox 254 3530 2071 3642; baseline -0.002 -30"><span class='ocrx_word' id='word_1_271' title='bbox 254 3559 442 3642; x_wconf 85' lang='lat' dir='ltr'><strong>cumque</strong></span> <span class='ocrx_word' id='word_1_272' title='bbox 483 3532 608 3615; x_wconf 87' lang='lat' dir='ltr'><strong>eciam</strong></span> <span class='ocrx_word' id='word_1_273' title='bbox 643 3546 796 3610; x_wconf 60' lang='lat' dir='ltr'><strong>statum*</strong></span> <span class='ocrx_word' id='word_1_274' title='bbox 822 3533 953 3639; x_wconf 91' lang='lat' dir='ltr'><strong>ipsum</strong></span> <span class='ocrx_word' id='word_1_275' title='bbox 987 3530 1152 3612; x_wconf 86' lang='lat' dir='ltr'><strong>fortuna</strong></span> <span class='ocrx_word' id='word_1_276' title='bbox 1186 3531 1414 3615; x_wconf 85' lang='lat' dir='ltr'><strong>deduxerit.</strong></span> <span class='ocrx_word' id='word_1_277' title='bbox 1451 3536 1556 3614; x_wconf 84' lang='lat' dir='ltr'><strong>Jtem</strong></span> <span class='ocrx_word' id='word_1_278' title='bbox 1597 3536 1808 3641; x_wconf 83' lang='lat' dir='ltr'><strong>promittat</strong></span> <span class='ocrx_word' id='word_1_279' title='bbox 1847 3547 1899 3612; x_wconf 89' lang='lat' dir='ltr'><strong>ut</strong></span> <span class='ocrx_word' id='word_1_280' title='bbox 1941 3557 2071 3638; x_wconf 86' lang='lat' dir='ltr'><strong>supra,</strong></span> 
     </span>
     <span class='ocr_line' id='line_1_29' title="bbox 270 3641 2071 3754; baseline -0.001 -31"><span class='ocrx_word' id='word_1_281' title='bbox 270 3641 382 3754; x_wconf 90' lang='lat' dir='ltr'><strong>quod</strong></span> <span class='ocrx_word' id='word_1_282' title='bbox 411 3641 586 3732; x_wconf 80' lang='lat' dir='ltr'><strong>dllieium</strong></span> <span class='ocrx_word' id='word_1_283' title='bbox 620 3645 906 3751; x_wconf 85' lang='lat' dir='ltr'><strong>procuratoris,</strong></span> <span class='ocrx_word' id='word_1_284' title='bbox 939 3646 972 3722; x_wconf 89' lang='lat' dir='ltr'><strong>si</strong></span> <span class='ocrx_word' id='word_1_285' title='bbox 1001 3671 1024 3722; x_wconf 88' lang='lat' dir='ltr'><strong>a</strong></span> <span class='ocrx_word' id='word_1_286' title='bbox 1054 3660 1222 3740; x_wconf 91' lang='lat' dir='ltr'><strong>rectore,</strong></span> <span class='ocrx_word' id='word_1_287' title='bbox 1264 3650 1304 3723; x_wconf 84' lang='lat'>&amp;</span> <span class='ocrx_word' id='word_1_288' title='bbox 1342 3645 1647 3753; x_wconf 84' lang='lat' dir='ltr'><strong>principalatus,</strong></span> <span class='ocrx_word' id='word_1_289' title='bbox 1682 3647 1715 3724; x_wconf 90' lang='lat' dir='ltr'><strong>si</strong></span> <span class='ocrx_word' id='word_1_290' title='bbox 1748 3671 1771 3722; x_wconf 90' lang='lat' dir='ltr'><strong>a</strong></span> <span class='ocrx_word' id='word_1_291' title='bbox 1807 3657 2071 3751; x_wconf 86' lang='lat' dir='ltr'><strong>procuratore</strong></span> 
     </span>
     <span class='ocr_line' id='line_1_30' title="bbox 270 3754 2071 3865; baseline -0.002 -31"><span class='ocrx_word' id='word_1_292' title='bbox 270 3756 495 3834; x_wconf 90' lang='lat' dir='ltr'><strong>iniunctum</strong></span> <span class='ocrx_word' id='word_1_293' title='bbox 538 3770 609 3840; x_wconf 91' lang='lat' dir='ltr'><strong>aut</strong></span> <span class='ocrx_word' id='word_1_294' title='bbox 652 3754 881 3860; x_wconf 91' lang='lat' dir='ltr'><strong>impositum</strong></span> <span class='ocrx_word' id='word_1_295' title='bbox 909 3754 987 3834; x_wconf 92' lang='lat' dir='ltr'><strong>sibi</strong></span> <span class='ocrx_word' id='word_1_296' title='bbox 1016 3755 1150 3852; x_wconf 86' lang='lat' dir='ltr'><strong>luerit,</strong></span> <span class='ocrx_word' id='word_1_297' title='bbox 1179 3756 1348 3863; x_wconf 85' lang='lat' dir='ltr'><strong>recipiat</strong></span> <span class='ocrx_word' id='word_1_298' title='bbox 1376 3762 1417 3837; x_wconf 86' lang='lat'>&amp;</span> <span class='ocrx_word' id='word_1_299' title='bbox 1446 3770 1613 3865; x_wconf 83' lang='lat' dir='ltr'><strong>peragat</strong></span> <span class='ocrx_word' id='word_1_300' title='bbox 1645 3756 1730 3836; x_wconf 90' lang='lat' dir='ltr'><strong>sine</strong></span> <span class='ocrx_word' id='word_1_301' title='bbox 1766 3757 1881 3835; x_wconf 91' lang='lat' dir='ltr'><strong>omni</strong></span> <span class='ocrx_word' id='word_1_302' title='bbox 1916 3769 2071 3836; x_wconf 88' lang='lat' dir='ltr'><strong>contra·</strong></span> 
     </span>
     <span class='ocr_line' id='line_1_31' title="bbox 270 3863 2071 3974; baseline -0.003 -26"><span class='ocrx_word' id='word_1_303' title='bbox 270 3863 456 3948; x_wconf 89' lang='lat' dir='ltr'><strong>dictione.</strong></span> <span class='ocrx_word' id='word_1_304' title='bbox 487 3863 665 3974; x_wconf 88' lang='lat' dir='ltr'><strong>&amp;quod</strong></span> <span class='ocrx_word' id='word_1_305' title='bbox 695 3865 953 3972; x_wconf 90' lang='lat' dir='ltr'><strong>promouebit</strong></span> <span class='ocrx_word' id='word_1_306' title='bbox 982 3865 1197 3946; x_wconf 87' lang='lat' dir='ltr'><strong>utilitatem</strong></span> <span class='ocrx_word' id='word_1_307' title='bbox 1226 3865 1334 3948; x_wconf 89' lang='lat' dir='ltr'><strong>dicte</strong></span> <span class='ocrx_word' id='word_1_308' title='bbox 1368 3868 1570 3948; x_wconf 85' lang='lat' dir='ltr'><strong>societatis</strong></span> <span class='ocrx_word' id='word_1_309' title='bbox 1606 3892 1765 3946; x_wconf 89' lang='lat' dir='ltr'><strong>necnon</strong></span> <span class='ocrx_word' id='word_1_310' title='bbox 1804 3871 1846 3945; x_wconf 72' lang='grc'><strong>8(</strong></span> <span class='ocrx_word' id='word_1_311' title='bbox 1882 3865 2071 3974; x_wconf 90' lang='lat' dir='ltr'><strong>paruulo·</strong></span> 
     </span>
     <span class='ocr_line' id='line_1_32' title="bbox 269 3975 2151 4088; baseline -0.001 -32"><span class='ocrx_word' id='word_1_312' title='bbox 269 4005 360 4056; x_wconf 91' lang='lat' dir='ltr'><strong>rum</strong></span> <span class='ocrx_word' id='word_1_313' title='bbox 389 4001 615 4084; x_wconf 88' lang='lat' dir='ltr'><strong>pauperum</strong></span> <span class='ocrx_word' id='word_1_314' title='bbox 644 3975 761 4054; x_wconf 90' lang='lat' dir='ltr'><strong>simul</strong></span> <span class='ocrx_word' id='word_1_315' title='bbox 790 3979 1128 4058; x_wconf 89' lang='lat' dir='ltr'><strong>commorantium</strong></span> <span class='ocrx_word' id='word_1_316' title='bbox 1162 3978 1314 4087; x_wconf 85' lang='lat' dir='ltr'><strong>vpsalie</strong></span> <span class='ocrx_word' id='word_1_317' title='bbox 1342 3977 1394 4058; x_wconf 92' lang='lat' dir='ltr'><strong>ad</strong></span> <span class='ocrx_word' id='word_1_318' title='bbox 1421 4003 1719 4088; x_wconf 87' lang='lat' dir='ltr'><strong>quemcumque</strong></span> <span class='ocrx_word' id='word_1_319' title='bbox 1752 3994 1904 4058; x_wconf 87' lang='lat' dir='ltr'><strong>statum</strong></span> <span class='ocrx_word' id='word_1_320' title='bbox 1942 3980 2070 4084; x_wconf 87' lang='lat' dir='ltr'><strong>ipsum</strong></span> <span class='ocrx_word' id='word_1_321' title='bbox 2142 4016 2151 4032; x_wconf 47' lang='grc' dir='ltr'><em>ο</em></span> 
     </span>
     <span class='ocr_line' id='line_1_33' title="bbox 270 4087 2070 4198; baseline -0.003 -28"><span class='ocrx_word' id='word_1_322' title='bbox 270 4088 462 4170; x_wconf 91' lang='lat' dir='ltr'><strong>deuenire</strong></span> <span class='ocrx_word' id='word_1_323' title='bbox 491 4087 714 4194; x_wconf 86' lang='lat' dir='ltr'><strong>contingat.</strong></span> <span class='ocrx_word' id='word_1_324' title='bbox 756 4088 858 4168; x_wconf 83' lang='lat' dir='ltr'><strong>ltetn</strong></span> <span class='ocrx_word' id='word_1_325' title='bbox 902 4087 1074 4196; x_wconf 91' lang='lat' dir='ltr'><strong>quilibet</strong></span> <span class='ocrx_word' id='word_1_326' title='bbox 1115 4089 1341 4170; x_wconf 86' lang='lat' dir='ltr'><strong>intraturus</strong></span> <span class='ocrx_word' id='word_1_327' title='bbox 1380 4089 1546 4173; x_wconf 92' lang='lat' dir='ltr'><strong>domum</strong></span> <span class='ocrx_word' id='word_1_328' title='bbox 1594 4088 1816 4197; x_wconf 87' lang='lat' dir='ltr'><strong>predictam</strong></span> <span class='ocrx_word' id='word_1_329' title='bbox 1859 4089 2070 4198; x_wconf 89' lang='lat' dir='ltr'><strong>promittat</strong></span> 
     </span>
     <span class='ocr_line' id='line_1_34' title="bbox 241 4195 2071 4310; baseline -0.002 -31"><span class='ocrx_word' id='word_1_330' title='bbox 241 4197 377 4280; x_wconf 86' lang='lat' dir='ltr'><strong>·bona</strong></span> <span class='ocrx_word' id='word_1_331' title='bbox 408 4197 486 4278; x_wconf 89' lang='lat' dir='ltr'><strong>fide</strong></span> <span class='ocrx_word' id='word_1_332' title='bbox 515 4195 627 4306; x_wconf 91' lang='lat' dir='ltr'><strong>quod</strong></span> <span class='ocrx_word' id='word_1_333' title='bbox 657 4198 769 4280; x_wconf 90' lang='lat' dir='ltr'><strong>omni</strong></span> <span class='ocrx_word' id='word_1_334' title='bbox 796 4195 860 4280; x_wconf 91' lang='lat' dir='ltr'><strong>die</strong></span> <span class='ocrx_word' id='word_1_335' title='bbox 887 4199 1008 4278; x_wconf 86' lang='lat' dir='ltr'><strong>horas</strong></span> <span class='ocrx_word' id='word_1_336' title='bbox 1035 4198 1145 4280; x_wconf 89' lang='lat' dir='ltr'><strong>dicat</strong></span> <span class='ocrx_word' id='word_1_337' title='bbox 1172 4198 1223 4280; x_wconf 89' lang='lat' dir='ltr'><strong>de</strong></span> <span class='ocrx_word' id='word_1_338' title='bbox 1252 4200 1370 4284; x_wconf 87' lang='lat' dir='ltr'><strong>beata</strong></span> <span class='ocrx_word' id='word_1_339' title='bbox 1399 4203 1566 4310; x_wconf 82' lang='lat' dir='ltr'><strong>virgine.</strong></span> <span class='ocrx_word' id='word_1_340' title='bbox 1598 4203 1655 4281; x_wconf 92' lang='lat' dir='ltr'><strong>ita</strong></span> <span class='ocrx_word' id='word_1_341' title='bbox 1688 4215 1825 4280; x_wconf 87' lang='lat' dir='ltr'><strong>tamen</strong></span> <span class='ocrx_word' id='word_1_342' title='bbox 1862 4197 1979 4309; x_wconf 93' lang='lat' dir='ltr'><strong>quod</strong></span> <span class='ocrx_word' id='word_1_343' title='bbox 2016 4196 2071 4288; x_wconf 77' lang='lat' dir='ltr'><strong>te·</strong></span> 
     </span>
     <span class='ocr_line' id='line_1_35' title="bbox 272 4306 2150 4416; baseline 0.001 -29"><span class='ocrx_word' id='word_1_344' title='bbox 272 4308 437 4390; x_wconf 78' lang='lat' dir='ltr'><strong>cialibus</strong></span> <span class='ocrx_word' id='word_1_345' title='bbox 466 4307 608 4388; x_wconf 92' lang='lat' dir='ltr'><strong>diebus</strong></span> <span class='ocrx_word' id='word_1_346' title='bbox 638 4309 828 4415; x_wconf 84' lang='lat' dir='ltr'><strong>priuatim</strong></span> <span class='ocrx_word' id='word_1_347' title='bbox 858 4336 929 4416; x_wconf 87' lang='lat' dir='ltr'><strong>per</strong></span> <span class='ocrx_word' id='word_1_348' title='bbox 966 4337 1007 4390; x_wconf 86' lang='lat' dir='ltr'><strong>se</strong></span> <span class='ocrx_word' id='word_1_349' title='bbox 1037 4311 1102 4390; x_wconf 94' lang='lat' dir='ltr'><strong>uel</strong></span> <span class='ocrx_word' id='word_1_350' title='bbox 1131 4339 1224 4390; x_wconf 91' lang='lat' dir='ltr'><strong>cum</strong></span> <span class='ocrx_word' id='word_1_351' title='bbox 1250 4315 1374 4408; x_wconf 90' lang='lat' dir='ltr'><strong>socio,</strong></span> <span class='ocrx_word' id='word_1_352' title='bbox 1403 4311 1549 4394; x_wconf 82' lang='lat' dir='ltr'><strong>diebus</strong></span> <span class='ocrx_word' id='word_1_353' title='bbox 1596 4337 1696 4392; x_wconf 90' lang='lat' dir='ltr'><strong>uero</strong></span> <span class='ocrx_word' id='word_1_354' title='bbox 1743 4310 1912 4407; x_wconf 85' lang='lat' dir='ltr'><strong>festinis,</strong></span> <span class='ocrx_word' id='word_1_355' title='bbox 1953 4306 2069 4391; x_wconf 89' lang='lat' dir='ltr'><strong>simul</strong></span> <span class='ocrx_word' id='word_1_356' title='bbox 2149 4358 2150 4361; x_wconf 17' lang='grc' dir='ltr'><strong><em>κ</em></strong></span> 
     </span>
     <span class='ocr_line' id='line_1_36' title="bbox 273 4413 2071 4532; baseline 0.001 -34"><span class='ocrx_word' id='word_1_357' title='bbox 273 4447 412 4499; x_wconf 88' lang='lat' dir='ltr'><strong>omnes</strong></span> <span class='ocrx_word' id='word_1_358' title='bbox 441 4417 580 4506; x_wconf 87' lang='lat' dir='ltr'><strong>dicant</strong></span> <span class='ocrx_word' id='word_1_359' title='bbox 607 4419 649 4498; x_wconf 91' lang='lat' dir='ltr'><strong>iu</strong></span> <span class='ocrx_word' id='word_1_360' title='bbox 674 4421 893 4510; x_wconf 81' lang='lat' dir='ltr'><strong>communi.</strong></span> <span class='ocrx_word' id='word_1_361' title='bbox 923 4425 962 4500; x_wconf 86' lang='lat'>&amp;</span> <span class='ocrx_word' id='word_1_362' title='bbox 990 4418 1093 4499; x_wconf 89' lang='lat' dir='ltr'><strong>adeo</strong></span> <span class='ocrx_word' id='word_1_363' title='bbox 1121 4423 1373 4528; x_wconf 87' lang='lat' dir='ltr'><strong>tempestiue,</strong></span> <span class='ocrx_word' id='word_1_364' title='bbox 1402 4422 1514 4532; x_wconf 91' lang='lat' dir='ltr'><strong>quod</strong></span> <span class='ocrx_word' id='word_1_365' title='bbox 1552 4437 1692 4531; x_wconf 90' lang='lat' dir='ltr'><strong>postea</strong></span> <span class='ocrx_word' id='word_1_366' title='bbox 1719 4423 1779 4502; x_wconf 91' lang='lat' dir='ltr'><strong>ire</strong></span> <span class='ocrx_word' id='word_1_367' title='bbox 1793 4437 1994 4531; x_wconf 91' lang='lat' dir='ltr'><strong>poterunt</strong></span> <span class='ocrx_word' id='word_1_368' title='bbox 2021 4413 2071 4500; x_wconf 90' lang='lat' dir='ltr'><strong>ad</strong></span> 
     </span>
     <span class='ocr_line' id='line_1_37' title="bbox 272 4527 2103 4643; baseline 0.004 -33"><span class='ocrx_word' id='word_1_369' title='bbox 272 4557 506 4625; x_wconf 83' lang='lat' dir='ltr'><strong>sermonem,</strong></span> <span class='ocrx_word' id='word_1_370' title='bbox 535 4527 588 4616; x_wconf 76' lang='lat' dir='ltr'><strong>erl</strong></span> <span class='ocrx_word' id='word_1_371' title='bbox 616 4556 738 4638; x_wconf 89' lang='lat' dir='ltr'><strong>quem</strong></span> <span class='ocrx_word' id='word_1_372' title='bbox 767 4527 1011 4611; x_wconf 88' lang='lat' dir='ltr'><strong>audiendum</strong></span> <span class='ocrx_word' id='word_1_373' title='bbox 1041 4532 1150 4637; x_wconf 90' lang='lat' dir='ltr'><strong>ipsos</strong></span> <span class='ocrx_word' id='word_1_374' title='bbox 1178 4531 1384 4643; x_wconf 82' lang='lat' dir='ltr'><strong>obligatos</strong></span> <span class='ocrx_word' id='word_1_375' title='bbox 1408 4561 1492 4616; x_wconf 91' lang='lat' dir='ltr'><strong>esse</strong></span> <span class='ocrx_word' id='word_1_376' title='bbox 1522 4535 1710 4616; x_wconf 89' lang='lat' dir='ltr'><strong>uolumus</strong></span> <span class='ocrx_word' id='word_1_377' title='bbox 1738 4561 1811 4641; x_wconf 92' lang='lat' dir='ltr'><strong>per</strong></span> <span class='ocrx_word' id='word_1_378' title='bbox 1838 4561 1953 4614; x_wconf 84' lang='lat' dir='ltr'><strong>suam</strong></span> <span class='ocrx_word' id='word_1_379' title='bbox 1976 4557 2069 4641; x_wconf 78' lang='lat' dir='ltr'><strong>pro·¹</strong></span> <span class='ocrx_word' id='word_1_380' title='bbox 2098 4529 2103 4536; x_wconf 69' lang='grc'><strong><em>’</em></strong></span> 
     </span>
     <span class='ocr_line' id='line_1_38' title="bbox 272 4637 2069 4754; baseline 0.002 -32"><span class='ocrx_word' id='word_1_381' title='bbox 272 4639 509 4748; x_wconf 77' lang='lat' dir='ltr'><strong>missionem,</strong></span> <span class='ocrx_word' id='word_1_382' title='bbox 539 4639 617 4720; x_wconf 88' lang='lat' dir='ltr'><strong>nisi</strong></span> <span class='ocrx_word' id='word_1_383' title='bbox 644 4637 694 4720; x_wconf 94' lang='lat' dir='ltr'><strong>de</strong></span> <span class='ocrx_word' id='word_1_384' title='bbox 723 4641 887 4726; x_wconf 90' lang='lat' dir='ltr'><strong>licencia</strong></span> <span class='ocrx_word' id='word_1_385' title='bbox 919 4640 1134 4749; x_wconf 88' lang='lat' dir='ltr'><strong>principali</strong></span> <span class='ocrx_word' id='word_1_386' title='bbox 1161 4643 1237 4723; x_wconf 90' lang='lat' dir='ltr'><strong>hec</strong></span> <span class='ocrx_word' id='word_1_387' title='bbox 1266 4645 1487 4754; x_wconf 85' lang='lat' dir='ltr'><strong>aliquando</strong></span> <span class='ocrx_word' id='word_1_388' title='bbox 1515 4649 1714 4725; x_wconf 88' lang='lat' dir='ltr'><strong>omittant.</strong></span> <span class='ocrx_word' id='word_1_389' title='bbox 1742 4643 1994 4730; x_wconf 80' lang='lat' dir='ltr'><strong>Accedentes</strong></span> <span class='ocrx_word' id='word_1_390' title='bbox 2017 4638 2069 4725; x_wconf 89' lang='lat' dir='ltr'><strong>ad</strong></span> 
     </span>
     <span class='ocr_line' id='line_1_39' title="bbox 240 4750 2074 4861; baseline 0.002 -31"><span class='ocrx_word' id='word_1_391' title='bbox 240 4778 460 4846; x_wconf 79' lang='lat' dir='ltr'><strong>mensam,</strong></span> <span class='ocrx_word' id='word_1_392' title='bbox 492 4750 815 4832; x_wconf 89' lang='lat' dir='ltr'><strong>benedictionem</strong></span> <span class='ocrx_word' id='word_1_393' title='bbox 842 4755 1079 4861; x_wconf 89' lang='lat' dir='ltr'><strong>premittant</strong></span> <span class='ocrx_word' id='word_1_394' title='bbox 1107 4757 1148 4833; x_wconf 82' lang='lat' dir='ltr'><strong>8r</strong></span> <span class='ocrx_word' id='word_1_395' title='bbox 1183 4755 1226 4834; x_wconf 91' lang='lat' dir='ltr'><strong>in</strong></span> <span class='ocrx_word' id='word_1_396' title='bbox 1261 4753 1404 4853; x_wconf 84' lang='lat' dir='ltr'><strong>dicbus</strong></span> <span class='ocrx_word' id='word_1_397' title='bbox 1457 4755 1610 4838; x_wconf 87' lang='lat' dir='ltr'><strong>festinis</strong></span> <span class='ocrx_word' id='word_1_398' title='bbox 1639 4755 1853 4845; x_wconf 84' lang='lat' dir='ltr'><strong>lectionem</strong></span> <span class='ocrx_word' id='word_1_399' title='bbox 1894 4754 2074 4840; x_wconf 84' lang='lat' dir='ltr'><strong>babeant</strong></span> 
     </span>
     <span class='ocr_line' id='line_1_40' title="bbox 274 4859 2071 4985; baseline -0.002 -37"><span class='ocrx_word' id='word_1_400' title='bbox 274 4867 314 4948; x_wconf 72' lang='lat' dir='ltr'><strong>a</strong></span> <span class='ocrx_word' id='word_1_401' title='bbox 341 4859 536 4985; x_wconf 80' lang='lat' dir='ltr'><strong>quamdiu</strong></span> <span class='ocrx_word' id='word_1_402' title='bbox 556 4861 823 4956; x_wconf 85' lang='lat' dir='ltr'><strong>commedunt</strong></span> <span class='ocrx_word' id='word_1_403' title='bbox 842 4863 1043 4954; x_wconf 66' lang='lat' dir='ltr'><strong>vsubmisse</strong></span> <span class='ocrx_word' id='word_1_404' title='bbox 1071 4865 1305 4975; x_wconf 81' lang='lat' dir='ltr'><strong>loquantur.</strong></span> <span class='ocrx_word' id='word_1_405' title='bbox 1331 4868 1602 4965; x_wconf 61' lang='lat' dir='ltr'><strong>comestione,</strong></span> <span class='ocrx_word' id='word_1_406' title='bbox 1624 4865 1731 4948; x_wconf 84' lang='lat' dir='ltr'><strong>facta</strong></span> <span class='ocrx_word' id='word_1_407' title='bbox 1747 4867 1903 4976; x_wconf 83' lang='lat' dir='ltr'><strong>gracias</strong></span> <span class='ocrx_word' id='word_1_408' title='bbox 1923 4864 2071 4954; x_wconf 88' lang='lat' dir='ltr'><strong>dicant.</strong></span> 
     </span>
    </p>

    <p class='ocr_par' dir='ltr' id='par_1_9' title="bbox 1924 4981 2077 5063">
     <span class='ocr_line' id='line_1_41' title="bbox 1924 4981 2077 5063; baseline 0.026 -4"><span class='ocrx_word' id='word_1_409' title='bbox 1924 4981 2021 5059; x_wconf 91' lang='lat' dir='ltr'><strong>Post</strong></span> <span class='ocrx_word' id='word_1_410' title='bbox 2072 5056 2077 5063; x_wconf 83' lang='lat'><strong>.</strong></span> 
     </span>
    </p>
   </div>
   <div class='ocr_carea' id='block_1_9' title="bbox 0 0 2178 5972">
    <p class='ocr_par' dir='ltr' id='par_1_10' title="bbox 0 0 2178 5972">
     <span class='ocr_line' id='line_1_42' title="bbox 0 0 2178 5972; baseline 0 0"><span class='ocrx_word' id='word_1_411' title='bbox 0 0 2178 5972; x_wconf 95' lang='lat' dir='ltr'><strong> </strong></span> 
     </span>
    </p>
   </div>
  </div>
 </body>
</html>
