<?xml version="1.0" encoding="UTF-8"?>
<!DOCTYPE html PUBLIC "-//W3C//DTD XHTML 1.0 Transitional//EN"
    "http://www.w3.org/TR/xhtml1/DTD/xhtml1-transitional.dtd">
<html xmlns="http://www.w3.org/1999/xhtml" xml:lang="en" lang="en">
 <head>
  <title>
</title>
<meta http-equiv="Content-Type" content="text/html;charset=utf-8" />
  <meta name='ocr-system' content='tesseract 3.04.00' />
  <meta name='ocr-capabilities' content='ocr_page ocr_carea ocr_par ocr_line ocrx_word'/>
</head>
<body>
  <div class='ocr_page' id='page_1' title='image "./svensktdiplomat01swegoog/svensktdiplomat01swegoog_0514.png"; bbox 0 0 4317 5975; ppageno 0'>
   <div class='ocr_carea' id='block_1_1' title="bbox 793 485 1210 601">
    <p class='ocr_par' dir='ltr' id='par_1_1' title="bbox 793 485 1210 601">
     <span class='ocr_line' id='line_1_1' title="bbox 793 485 1210 601; baseline 0.005 -30"><span class='ocrx_word' id='word_1_1' title='bbox 793 534 850 557; x_wconf 83' lang='lat'><strong>·-</strong></span> <span class='ocrx_word' id='word_1_2' title='bbox 962 485 1210 601; x_wconf 48' lang='lat' dir='ltr'><strong>323]ss-</strong></span> 
     </span>
    </p>
   </div>
   <div class='ocr_carea' id='block_1_2' title="bbox 100 702 2024 902">
    <p class='ocr_par' dir='ltr' id='par_1_2' title="bbox 100 702 2024 902">
     <span class='ocr_line' id='line_1_2' title="bbox 101 702 2024 898; baseline 0.015 -117"><span class='ocrx_word' id='word_1_3' title='bbox 101 703 303 898; x_wconf 57' lang='lat' dir='ltr'><strong>v.i¹⁹.⁵⁰g’</strong></span> <span class='ocrx_word' id='word_1_4' title='bbox 331 702 469 833; x_wconf 69' lang='lat' dir='ltr'><strong>datum</strong></span> <span class='ocrx_word' id='word_1_5' title='bbox 499 704 674 789; x_wconf 80' lang='lat' dir='ltr'><strong>silrtonic</strong></span> <span class='ocrx_word' id='word_1_6' title='bbox 702 732 811 786; x_wconf 77' lang='lat' dir='ltr'><strong>antro</strong></span> <span class='ocrx_word' id='word_1_7' title='bbox 839 706 1004 791; x_wconf 83' lang='lat' dir='ltr'><strong>domini.</strong></span> <span class='ocrx_word' id='word_1_8' title='bbox 1033 712 1189 793; x_wconf 87' lang='lat' dir='ltr'><strong>M.CCC</strong></span> <span class='ocrx_word' id='word_1_9' title='bbox 1218 714 1389 798; x_wconf 88' lang='lat' dir='ltr'><strong>sabbato</strong></span> <span class='ocrx_word' id='word_1_10' title='bbox 1419 716 1548 813; x_wconf 84' lang='lat' dir='ltr'><strong>inira,</strong></span> <span class='ocrx_word' id='word_1_11' title='bbox 1572 733 1736 799; x_wconf 87' lang='lat' dir='ltr'><strong>octauas</strong></span> <span class='ocrx_word' id='word_1_12' title='bbox 1765 746 1900 803; x_wconf 87' lang='lat' dir='ltr'><strong>ascen·</strong></span> <span class='ocrx_word' id='word_1_13' title='bbox 2020 796 2024 809; x_wconf 94' lang='lat'><strong><em>.</em></strong></span> 
     </span>
     <span class='ocr_line' id='line_1_3' title="bbox 100 840 703 902; baseline 0.023 -10"><span class='ocrx_word' id='word_1_14' title='bbox 100 840 226 900; x_wconf 87' lang='lat' dir='ltr'><strong>sronrs</strong></span> <span class='ocrx_word' id='word_1_15' title='bbox 281 843 417 902; x_wconf 82' lang='lat' dir='ltr'><strong>omrnt.</strong></span> <span class='ocrx_word' id='word_1_16' title='bbox 514 878 518 884; x_wconf 82' lang='lat'><em>.</em></span> <span class='ocrx_word' id='word_1_17' title='bbox 701 849 703 852; x_wconf 89' lang='grc'><strong><em>·</em></strong></span> 
     </span>
    </p>
   </div>
   <div class='ocr_carea' id='block_1_3' title="bbox 506 959 1490 1048">
    <p class='ocr_par' dir='ltr' id='par_1_3' title="bbox 506 959 1490 1048">
     <span class='ocr_line' id='line_1_4' title="bbox 506 959 1490 1048; baseline 0.008 -27"><span class='ocrx_word' id='word_1_18' title='bbox 506 960 632 1041; x_wconf 72' lang='lat' dir='ltr'><strong>-stgittet</strong></span> <span class='ocrx_word' id='word_1_19' title='bbox 654 959 722 1021; x_wconf 79' lang='lat' dir='ltr'><strong>irin</strong></span> <span class='ocrx_word' id='word_1_20' title='bbox 742 960 803 1022; x_wconf 86' lang='lat' dir='ltr'><strong>den</strong></span> <span class='ocrx_word' id='word_1_21' title='bbox 825 982 865 1021; x_wconf 89' lang='lat' dir='ltr'><strong>ur</strong></span> <span class='ocrx_word' id='word_1_22' title='bbox 886 961 1008 1024; x_wconf 72' lang='lat' dir='ltr'><strong>menn</strong></span> <span class='ocrx_word' id='word_1_23' title='bbox 1036 964 1154 1048; x_wconf 80' lang='lat' dir='ltr'><strong>llippts</strong></span> <span class='ocrx_word' id='word_1_24' title='bbox 1178 987 1297 1028; x_wconf 87' lang='lat' dir='ltr'><strong>remsan</strong></span> <span class='ocrx_word' id='word_1_25' title='bbox 1322 966 1490 1031; x_wconf 80' lang='lat' dir='ltr'><strong>bortlallet.</strong></span> 
     </span>
    </p>
   </div>
   <div class='ocr_carea' id='block_1_4' title="bbox 83 1350 2064 1751">
    <p class='ocr_par' dir='ltr' id='par_1_4' title="bbox 83 1350 2064 1751">
     <span class='ocr_line' id='line_1_5' title="bbox 83 1350 2014 1506; baseline 0.007 -45"><span class='ocrx_word' id='word_1_26' title='bbox 83 1350 307 1467; x_wconf 78' lang='lat'><strong>,1316.·</strong></span> <span class='ocrx_word' id='word_1_27' title='bbox 378 1448 383 1456; x_wconf 93' lang='lat'><strong>.</strong></span> <span class='ocrx_word' id='word_1_28' title='bbox 485 1422 492 1441; x_wconf 78' lang='lat'>.</span> <span class='ocrx_word' id='word_1_29' title='bbox 737 1356 887 1461; x_wconf 83' lang='lat'>1300</span> <span class='ocrx_word' id='word_1_30' title='bbox 935 1354 983 1459; x_wconf 81' lang='lat' dir='ltr'><strong>d.</strong></span> <span class='ocrx_word' id='word_1_31' title='bbox 1033 1367 1102 1503; x_wconf 61' lang='lat'><strong>27</strong></span> <span class='ocrx_word' id='word_1_32' title='bbox 1154 1362 1266 1506; x_wconf 87' lang='lat' dir='ltr'><strong>Maj.</strong></span> <span class='ocrx_word' id='word_1_33' title='bbox 1582 1360 1898 1473; x_wconf 79' lang='lat' dir='ltr'><strong>Stoolrbolm.</strong></span> <span class='ocrx_word' id='word_1_34' title='bbox 2009 1394 2014 1415; x_wconf 63' lang='lat'>³</span> 
     </span>
     <span class='ocr_line' id='line_1_6' title="bbox 111 1537 2064 1667; baseline 0.008 -33"><span class='ocrx_word' id='word_1_35' title='bbox 111 1537 117 1557; x_wconf 82' lang='lat'><em>.</em></span> <span class='ocrx_word' id='word_1_36' title='bbox 184 1547 336 1656; x_wconf 84' lang='lat' dir='ltr'><strong>Bislopen</strong></span> <span class='ocrx_word' id='word_1_37' title='bbox 357 1574 440 1635; x_wconf 73' lang='lat' dir='ltr'><strong>Lus</strong></span> <span class='ocrx_word' id='word_1_38' title='bbox 463 1552 520 1636; x_wconf 78' lang='lat' dir='ltr'><strong>llts</strong></span> <span class='ocrx_word' id='word_1_39' title='bbox 539 1573 550 1635; x_wconf 90' lang='lat' dir='ltr'><strong>i</strong></span> <span class='ocrx_word' id='word_1_40' title='bbox 571 1540 981 1657; x_wconf 78' lang='lat' dir='ltr'><strong>binliipingFiirordnnnde</strong></span> <span class='ocrx_word' id='word_1_41' title='bbox 1002 1600 1053 1638; x_wconf 89' lang='lat' dir='ltr'><strong>om</strong></span> <span class='ocrx_word' id='word_1_42' title='bbox 1076 1542 1581 1664; x_wconf 78' lang='lat' dir='ltr'><strong>&#39;a&#39;ndringiliislopllenrilsstad</strong></span> <span class='ocrx_word' id='word_1_43' title='bbox 1603 1584 1901 1667; x_wconf 74' lang='lat' dir='ltr'><strong>sangdendeutgii·</strong></span> <span class='ocrx_word' id='word_1_44' title='bbox 2019 1601 2064 1659; x_wconf 56' lang='lat'><strong>³„</strong></span> 
     </span>
     <span class='ocr_line' id='line_1_7' title="bbox 164 1602 1898 1751; baseline 0.009 -35"><span class='ocrx_word' id='word_1_45' title='bbox 164 1724 168 1731; x_wconf 27' lang='lat'>¹</span> <span class='ocrx_word' id='word_1_46' title='bbox 234 1656 342 1717; x_wconf 79' lang='lat' dir='ltr'><strong>rondet</strong></span> <span class='ocrx_word' id='word_1_47' title='bbox 364 1656 402 1717; x_wconf 82' lang='lat' dir='ltr'><strong>ni</strong></span> <span class='ocrx_word' id='word_1_48' title='bbox 419 1655 520 1717; x_wconf 85' lang='lat' dir='ltr'><strong>tionde</strong></span> <span class='ocrx_word' id='word_1_49' title='bbox 544 1656 611 1717; x_wconf 72' lang='lat' dir='ltr'><strong>irin</strong></span> <span class='ocrx_word' id='word_1_50' title='bbox 635 1657 889 1739; x_wconf 77' lang='lat' dir='ltr'><strong>liirsnmlingarnc</strong></span> <span class='ocrx_word' id='word_1_51' title='bbox 910 1660 920 1719; x_wconf 95' lang='lat' dir='ltr'><strong>i</strong></span> <span class='ocrx_word' id='word_1_52' title='bbox 941 1655 1028 1723; x_wconf 75' lang='lat' dir='ltr'><strong>Ostra</strong></span> <span class='ocrx_word' id='word_1_53' title='bbox 1051 1660 1147 1723; x_wconf 81' lang='lat' dir='ltr'><strong>littrcd</strong></span> <span class='ocrx_word' id='word_1_54' title='bbox 1170 1666 1180 1725; x_wconf 93' lang='lat' dir='ltr'><strong>i</strong></span> <span class='ocrx_word' id='word_1_55' title='bbox 1202 1664 1367 1744; x_wconf 82' lang='lat' dir='ltr'><strong>Niudunge</strong></span> <span class='ocrx_word' id='word_1_56' title='bbox 1387 1664 1449 1726; x_wconf 91' lang='lat' dir='ltr'><strong>och</strong></span> <span class='ocrx_word' id='word_1_57' title='bbox 1471 1660 1565 1727; x_wconf 78' lang='lat' dir='ltr'><strong>(lstbo</strong></span> <span class='ocrx_word' id='word_1_58' title='bbox 1583 1602 1683 1733; x_wconf 74' lang='lat' dir='ltr'><strong>btrad</strong></span> <span class='ocrx_word' id='word_1_59' title='bbox 1708 1666 1753 1727; x_wconf 89' lang='lat' dir='ltr'><strong>till</strong></span> <span class='ocrx_word' id='word_1_60' title='bbox 1776 1668 1898 1751; x_wconf 82' lang='lat' dir='ltr'><strong>Nydalu</strong></span> 
     </span>
    </p>
   </div>
   <div class='ocr_carea' id='block_1_5' title="bbox 234 1740 1763 1885">
    <p class='ocr_par' dir='ltr' id='par_1_5' title="bbox 234 1740 1763 1885">
     <span class='ocr_line' id='line_1_8' title="bbox 234 1740 750 1801; baseline 0 0"><span class='ocrx_word' id='word_1_61' title='bbox 234 1740 358 1801; x_wconf 77' lang='lat' dir='ltr'><strong>kloster.</strong></span> <span class='ocrx_word' id='word_1_62' title='bbox 745 1782 750 1789; x_wconf 80' lang='lat'>·</span> 
     </span>
     <span class='ocr_line' id='line_1_9' title="bbox 1685 1829 1763 1885; baseline 0.013 -2"><span class='ocrx_word' id='word_1_63' title='bbox 1685 1829 1722 1885; x_wconf 76' lang='lat' dir='ltr'><strong>A.</strong></span> <span class='ocrx_word' id='word_1_64' title='bbox 1739 1847 1763 1884; x_wconf 80' lang='lat' dir='ltr'><strong>a.</strong></span> 
     </span>
    </p>
   </div>
   <div class='ocr_carea' id='block_1_6' title="bbox 212 1927 1898 2069">
    <p class='ocr_par' dir='ltr' id='par_1_6' title="bbox 212 1927 1898 2069">
     <span class='ocr_line' id='line_1_10' title="bbox 212 1927 1898 2069; baseline 0.006 -36"><span class='ocrx_word' id='word_1_65' title='bbox 212 1927 424 2034; x_wconf 87' lang='lat' dir='ltr'><strong>Vniuersis</strong></span> <span class='ocrx_word' id='word_1_66' title='bbox 451 1954 590 2034; x_wconf 86' lang='lat' dir='ltr'><strong>christi</strong></span> <span class='ocrx_word' id='word_1_67' title='bbox 622 1953 807 2034; x_wconf 88' lang='lat' dir='ltr'><strong>lidclibus</strong></span> <span class='ocrx_word' id='word_1_68' title='bbox 837 1973 1041 2062; x_wconf 89' lang='lat' dir='ltr'><strong>presentes</strong></span> <span class='ocrx_word' id='word_1_69' title='bbox 1056 1958 1213 2041; x_wconf 88' lang='lat' dir='ltr'><strong>litteras</strong></span> <span class='ocrx_word' id='word_1_70' title='bbox 1241 1938 1504 2069; x_wconf 77' lang='lat' dir='ltr'><strong>inspecturis.</strong></span> <span class='ocrx_word' id='word_1_71' title='bbox 1541 1962 1803 2045; x_wconf 75' lang='lat' dir='ltr'><strong>Llnmncms</strong></span> <span class='ocrx_word' id='word_1_72' title='bbox 1832 1963 1898 2044; x_wconf 88' lang='lat' dir='ltr'><strong>dei</strong></span> 
     </span>
    </p>
   </div>
   <div class='ocr_carea' id='block_1_7' title="bbox 60 2066 1983 2514">
    <p class='ocr_par' dir='ltr' id='par_1_7' title="bbox 78 2066 1931 2179">
     <span class='ocr_line' id='line_1_11' title="bbox 78 2066 1931 2179; baseline 0.004 -33"><span class='ocrx_word' id='word_1_73' title='bbox 78 2067 234 2175; x_wconf 79' lang='lat' dir='ltr'><strong>&#39;gracia</strong></span> <span class='ocrx_word' id='word_1_74' title='bbox 263 2067 476 2173; x_wconf 86' lang='lat' dir='ltr'><strong>episcopus</strong></span> <span class='ocrx_word' id='word_1_75' title='bbox 507 2066 760 2173; x_wconf 88' lang='lat' dir='ltr'><strong>lincopensis.</strong></span> <span class='ocrx_word' id='word_1_76' title='bbox 790 2066 959 2171; x_wconf 87' lang='lat' dir='ltr'><strong>salutem</strong></span> <span class='ocrx_word' id='word_1_77' title='bbox 989 2070 1029 2147; x_wconf 89' lang='lat' dir='ltr'><strong>in</strong></span> <span class='ocrx_word' id='word_1_78' title='bbox 1059 2070 1225 2151; x_wconf 87' lang='lat' dir='ltr'><strong>domino</strong></span> <span class='ocrx_word' id='word_1_79' title='bbox 1254 2074 1550 2179; x_wconf 87' lang='lat' dir='ltr'><strong>sempiternam.</strong></span> <span class='ocrx_word' id='word_1_80' title='bbox 1591 2074 1692 2159; x_wconf 85' lang='lat' dir='ltr'><strong>Cum</strong></span> <span class='ocrx_word' id='word_1_81' title='bbox 1717 2075 1899 2153; x_wconf 89' lang='lat' dir='ltr'><strong>omnium</strong></span> <span class='ocrx_word' id='word_1_82' title='bbox 1929 2114 1931 2119; x_wconf 89' lang='lat'><em>·</em></span> 
     </span>
    </p>

    <p class='ocr_par' dir='ltr' id='par_1_8' title="bbox 60 2176 1983 2514">
     <span class='ocr_line' id='line_1_12' title="bbox 60 2176 1983 2294; baseline 0.006 -36"><span class='ocrx_word' id='word_1_83' title='bbox 60 2187 63 2196; x_wconf 92' lang='lat'>&#39;</span> <span class='ocrx_word' id='word_1_84' title='bbox 101 2178 250 2258; x_wconf 89' lang='lat' dir='ltr'><strong>babere</strong></span> <span class='ocrx_word' id='word_1_85' title='bbox 280 2176 506 2258; x_wconf 81' lang='lat' dir='ltr'><strong>memoriam</strong></span> <span class='ocrx_word' id='word_1_86' title='bbox 538 2178 647 2266; x_wconf 85' lang='lat' dir='ltr'><strong>etin</strong></span> <span class='ocrx_word' id='word_1_87' title='bbox 678 2176 793 2284; x_wconf 86' lang='lat' dir='ltr'><strong>rmlln</strong></span> <span class='ocrx_word' id='word_1_88' title='bbox 822 2195 999 2285; x_wconf 86' lang='lat' dir='ltr'><strong>peccare.</strong></span> <span class='ocrx_word' id='word_1_89' title='bbox 1029 2209 1112 2263; x_wconf 93' lang='lat' dir='ltr'><strong>non</strong></span> <span class='ocrx_word' id='word_1_90' title='bbox 1143 2182 1337 2279; x_wconf 89' lang='lat' dir='ltr'><strong>humane,</strong></span> <span class='ocrx_word' id='word_1_91' title='bbox 1367 2183 1436 2264; x_wconf 88' lang='lat' dir='ltr'><strong>scd</strong></span> <span class='ocrx_word' id='word_1_92' title='bbox 1466 2187 1608 2291; x_wconf 83' lang='lat' dir='ltr'>pocius</span> <span class='ocrx_word' id='word_1_93' title='bbox 1636 2186 1820 2294; x_wconf 77' lang='lat' dir='ltr'>angelice</span> <span class='ocrx_word' id='word_1_94' title='bbox 1843 2185 1900 2281; x_wconf 82' lang='lat' dir='ltr'><strong>¹sit</strong></span> <span class='ocrx_word' id='word_1_95' title='bbox 1980 2264 1983 2270; x_wconf 89' lang='lat'>.</span> 
     </span>
     <span class='ocr_line' id='line_1_13' title="bbox 99 2286 1898 2401; baseline 0.003 -34"><span class='ocrx_word' id='word_1_96' title='bbox 99 2290 280 2382; x_wconf 78' lang='lat' dir='ltr'><strong>virtutis,</strong></span> <span class='ocrx_word' id='word_1_97' title='bbox 310 2286 411 2368; x_wconf 82' lang='lat' dir='ltr'><strong>ideo</strong></span> <span class='ocrx_word' id='word_1_98' title='bbox 440 2314 491 2365; x_wconf 91' lang='lat' dir='ltr'><strong>ne</strong></span> <span class='ocrx_word' id='word_1_99' title='bbox 520 2312 582 2370; x_wconf 80' lang='lat' dir='ltr'><strong>res</strong></span> <span class='ocrx_word' id='word_1_100' title='bbox 608 2304 739 2393; x_wconf 81' lang='lat' dir='ltr'><strong>gestas</strong></span> <span class='ocrx_word' id='word_1_101' title='bbox 769 2288 810 2365; x_wconf 89' lang='lat' dir='ltr'><strong>in</strong></span> <span class='ocrx_word' id='word_1_102' title='bbox 839 2300 1022 2397; x_wconf 88' lang='lat' dir='ltr'><strong>tempore</strong></span> <span class='ocrx_word' id='word_1_103' title='bbox 1052 2294 1408 2401; x_wconf 85' lang='lat' dir='ltr'><strong>propterlabilem</strong></span> <span class='ocrx_word' id='word_1_104' title='bbox 1426 2294 1634 2375; x_wconf 88' lang='lat' dir='ltr'><strong>bominum</strong></span> <span class='ocrx_word' id='word_1_105' title='bbox 1652 2297 1898 2390; x_wconf 75' lang='lat' dir='ltr'><strong>memoriam,</strong></span> 
     </span>
     <span class='ocr_line' id='line_1_14' title="bbox 98 2397 1898 2514; baseline 0.002 -33"><span class='ocrx_word' id='word_1_106' title='bbox 98 2418 147 2481; x_wconf 88' lang='lat' dir='ltr'><strong>et·</strong></span> <span class='ocrx_word' id='word_1_107' title='bbox 166 2399 399 2481; x_wconf 80' lang='lat' dir='ltr'><strong>mutabilem</strong></span> <span class='ocrx_word' id='word_1_108' title='bbox 429 2397 687 2507; x_wconf 90' lang='lat' dir='ltr'><strong>quorundam</strong></span> <span class='ocrx_word' id='word_1_109' title='bbox 719 2398 985 2497; x_wconf 86' lang='lat' dir='ltr'><strong>voluntatem,</strong></span> <span class='ocrx_word' id='word_1_110' title='bbox 1014 2402 1178 2482; x_wconf 86' lang='lat' dir='ltr'><strong>abolere</strong></span> <span class='ocrx_word' id='word_1_111' title='bbox 1209 2403 1341 2483; x_wconf 86' lang='lat' dir='ltr'><strong>valeat</strong></span> <span class='ocrx_word' id='word_1_112' title='bbox 1356 2431 1566 2510; x_wconf 88' lang='lat' dir='ltr'><strong>processus</strong></span> <span class='ocrx_word' id='word_1_113' title='bbox 1594 2408 1788 2514; x_wconf 85' lang='lat' dir='ltr'><strong>temporis</strong></span> <span class='ocrx_word' id='word_1_114' title='bbox 1810 2406 1898 2485; x_wconf 91' lang='lat' dir='ltr'><strong>lon·</strong></span> 
     </span>
    </p>
   </div>
   <div class='ocr_carea' id='block_1_8' title="bbox 99 2513 2063 2621">
    <p class='ocr_par' dir='ltr' id='par_1_9' title="bbox 99 2513 2063 2621">
     <span class='ocr_line' id='line_1_15' title="bbox 99 2513 2063 2621; baseline 0.001 -30"><span class='ocrx_word' id='word_1_115' title='bbox 99 2514 241 2621; x_wconf 82' lang='lat' dir='ltr'><strong>gloris,</strong></span> <span class='ocrx_word' id='word_1_116' title='bbox 269 2526 433 2590; x_wconf 90' lang='lat' dir='ltr'><strong>cautum</strong></span> <span class='ocrx_word' id='word_1_117' title='bbox 461 2524 538 2605; x_wconf 85' lang='lat' dir='ltr'><strong>est„</strong></span> <span class='ocrx_word' id='word_1_118' title='bbox 562 2527 607 2589; x_wconf 88' lang='lat' dir='ltr'><strong>vt</strong></span> <span class='ocrx_word' id='word_1_119' title='bbox 639 2536 704 2589; x_wconf 88' lang='lat' dir='ltr'><strong>eas</strong></span> <span class='ocrx_word' id='word_1_120' title='bbox 731 2527 946 2590; x_wconf 88' lang='lat' dir='ltr'><strong>conseruet</strong></span> <span class='ocrx_word' id='word_1_121' title='bbox 975 2513 1191 2619; x_wconf 80' lang='lat' dir='ltr'><strong>perhennis</strong></span> <span class='ocrx_word' id='word_1_122' title='bbox 1209 2515 1660 2601; x_wconf 81' lang='lat' dir='ltr'><strong>uiuacitas-litterarum.</strong></span> <span class='ocrx_word' id='word_1_123' title='bbox 1688 2519 1794 2611; x_wconf 81' lang='lat' dir='ltr'><strong>Hinc&#39;</strong></span> <span class='ocrx_word' id='word_1_124' title='bbox 1823 2534 1897 2615; x_wconf 86' lang='lat' dir='ltr'><strong>est,</strong></span> <span class='ocrx_word' id='word_1_125' title='bbox 1946 2516 1951 2533; x_wconf 77' lang='grc'><strong>“</strong></span> <span class='ocrx_word' id='word_1_126' title='bbox 2058 2584 2063 2593; x_wconf 92' lang='grc'><strong>.</strong></span> 
     </span>
    </p>
   </div>
   <div class='ocr_carea' id='block_1_9' title="bbox 98 2616 2003 3291">
    <p class='ocr_par' dir='ltr' id='par_1_10' title="bbox 98 2616 2003 3291">
     <span class='ocr_line' id='line_1_16' title="bbox 98 2616 1898 2735; baseline 0.003 -32"><span class='ocrx_word' id='word_1_127' title='bbox 98 2622 211 2735; x_wconf 89' lang='lat' dir='ltr'><strong>quod</strong></span> <span class='ocrx_word' id='word_1_128' title='bbox 239 2650 331 2726; x_wconf 86' lang='lat' dir='ltr'><strong>cnm</strong></span> <span class='ocrx_word' id='word_1_129' title='bbox 360 2620 496 2701; x_wconf 87' lang='lat' dir='ltr'><strong>dilecti</strong></span> <span class='ocrx_word' id='word_1_130' title='bbox 541 2619 657 2701; x_wconf 91' lang='lat' dir='ltr'><strong>nobis</strong></span> <span class='ocrx_word' id='word_1_131' title='bbox 694 2622 734 2700; x_wconf 92' lang='lat' dir='ltr'><strong>in</strong></span> <span class='ocrx_word' id='word_1_132' title='bbox 775 2622 927 2700; x_wconf 88' lang='lat' dir='ltr'><strong>cbristo</strong></span> <span class='ocrx_word' id='word_1_133' title='bbox 964 2623 1045 2705; x_wconf 85' lang='lat' dir='ltr'><strong>lilii.</strong></span> <span class='ocrx_word' id='word_1_134' title='bbox 1090 2626 1176 2723; x_wconf 30' lang='lat' dir='ltr'><strong>viri·</strong></span> <span class='ocrx_word' id='word_1_135' title='bbox 1208 2626 1404 2729; x_wconf 83' lang='lat' dir='ltr'><strong>religiosi,</strong></span> <span class='ocrx_word' id='word_1_136' title='bbox 1448 2616 1573 2706; x_wconf 85' lang='lat' dir='ltr'><strong>abbas</strong></span> <span class='ocrx_word' id='word_1_137' title='bbox 1601 2643 1642 2706; x_wconf 92' lang='lat' dir='ltr'><strong>et</strong></span> <span class='ocrx_word' id='word_1_138' title='bbox 1669 2643 1898 2709; x_wconf 88' lang='lat' dir='ltr'><strong>conuentus</strong></span> 
     </span>
     <span class='ocr_line' id='line_1_17' title="bbox 101 2732 1898 2846; baseline 0 -30"><span class='ocrx_word' id='word_1_139' title='bbox 101 2762 207 2816; x_wconf 92' lang='lat' dir='ltr'><strong>noue</strong></span> <span class='ocrx_word' id='word_1_140' title='bbox 236 2734 366 2828; x_wconf 88' lang='lat' dir='ltr'><strong>vallis,</strong></span> <span class='ocrx_word' id='word_1_141' title='bbox 404 2732 680 2831; x_wconf 66' lang='lat' dir='ltr'><strong>cirsterciensis</strong></span> <span class='ocrx_word' id='word_1_142' title='bbox 712 2732 886 2828; x_wconf 86' lang='lat' dir='ltr'><strong>ordinis,</strong></span> <span class='ocrx_word' id='word_1_143' title='bbox 916 2752 1052 2816; x_wconf 85' lang='lat' dir='ltr'><strong>nostre</strong></span> <span class='ocrx_word' id='word_1_144' title='bbox 1080 2734 1282 2836; x_wconf 60' lang='lat' dir='ltr'><strong>diocesis,</strong></span> <span class='ocrx_word' id='word_1_145' title='bbox 1316 2733 1510 2845; x_wconf 88' lang='lat' dir='ltr'><strong>quasdam</strong></span> <span class='ocrx_word' id='word_1_146' title='bbox 1540 2736 1713 2818; x_wconf 83' lang='lat' dir='ltr'><strong>decimas</strong></span> <span class='ocrx_word' id='word_1_147' title='bbox 1742 2740 1898 2846; x_wconf 88' lang='lat' dir='ltr'><strong>episco-</strong></span> 
     </span>
     <span class='ocr_line' id='line_1_18' title="bbox 98 2842 1897 2957; baseline 0 -30"><span class='ocrx_word' id='word_1_148' title='bbox 98 2846 298 2955; x_wconf 84' lang='lat' dir='ltr'><strong>pales,in</strong></span> <span class='ocrx_word' id='word_1_149' title='bbox 328 2844 451 2923; x_wconf 86' lang='lat' dir='ltr'><strong>trium</strong></span> <span class='ocrx_word' id='word_1_150' title='bbox 480 2843 771 2952; x_wconf 87' lang='lat' dir='ltr'><strong>quadranciurn</strong></span> <span class='ocrx_word' id='word_1_151' title='bbox 801 2842 997 2939; x_wconf 86' lang='lat' dir='ltr'><strong>ecclesiis,</strong></span> <span class='ocrx_word' id='word_1_152' title='bbox 1026 2846 1073 2924; x_wconf 91' lang='lat' dir='ltr'><strong>in·</strong></span> <span class='ocrx_word' id='word_1_153' title='bbox 1098 2848 1308 2955; x_wconf 87' lang='lat' dir='ltr'><strong>prouincia</strong></span> <span class='ocrx_word' id='word_1_154' title='bbox 1351 2872 1432 2957; x_wconf 80' lang='lat' dir='ltr'><strong>quc</strong></span> <span class='ocrx_word' id='word_1_155' title='bbox 1455 2846 1752 2939; x_wconf 62' lang='lat' dir='ltr'><strong>&#39;ostrahaeradh</strong></span> <span class='ocrx_word' id='word_1_156' title='bbox 1772 2849 1897 2946; x_wconf 63' lang='lat' dir='ltr'><strong>&#39;Niu-</strong></span> 
     </span>
     <span class='ocr_line' id='line_1_19' title="bbox 99 2954 1898 3068; baseline 0 -30"><span class='ocrx_word' id='word_1_157' title='bbox 99 2956 249 3066; x_wconf 88' lang='lat' dir='ltr'><strong>dungie</strong></span> <span class='ocrx_word' id='word_1_158' title='bbox 278 2956 446 3051; x_wconf 88' lang='lat' dir='ltr'><strong>dicitur,</strong></span> <span class='ocrx_word' id='word_1_159' title='bbox 474 2982 554 3064; x_wconf 90' lang='lat' dir='ltr'><strong>que</strong></span> <span class='ocrx_word' id='word_1_160' title='bbox 580 2954 745 3035; x_wconf 89' lang='lat' dir='ltr'><strong>ecclesie</strong></span> <span class='ocrx_word' id='word_1_161' title='bbox 773 2954 849 3034; x_wconf 88' lang='lat' dir='ltr'><strong>hiis</strong></span> <span class='ocrx_word' id='word_1_162' title='bbox 880 2956 1111 3036; x_wconf 89' lang='lat' dir='ltr'><strong>nominibus</strong></span> <span class='ocrx_word' id='word_1_163' title='bbox 1139 2957 1410 3068; x_wconf 88' lang='lat' dir='ltr'><strong>appellantur.</strong></span> <span class='ocrx_word' id='word_1_164' title='bbox 1441 2956 1564 3058; x_wconf 62' lang='lat' dir='ltr'><strong>sliri.</strong></span> <span class='ocrx_word' id='word_1_165' title='bbox 1595 2955 1776 3057; x_wconf 65' lang='lat' dir='ltr'><strong>alsidba.</strong></span> <span class='ocrx_word' id='word_1_166' title='bbox 1808 2959 1898 3058; x_wconf 59' lang='lat' dir='ltr'><strong>blis-</strong></span> 
     </span>
     <span class='ocr_line' id='line_1_20' title="bbox 100 3065 1896 3171; baseline -0.001 -21"><span class='ocrx_word' id='word_1_167' title='bbox 100 3068 299 3152; x_wconf 88' lang='lat' dir='ltr'><strong>risbodbc.</strong></span> <span class='ocrx_word' id='word_1_168' title='bbox 328 3065 625 3147; x_wconf 88' lang='lat' dir='ltr'><strong>Limandalmlt.</strong></span> <span class='ocrx_word' id='word_1_169' title='bbox 666 3065 923 3171; x_wconf 66' lang='lat' dir='ltr'><strong>Nessiobult.</strong></span> <span class='ocrx_word' id='word_1_170' title='bbox 961 3068 1155 3168; x_wconf 62' lang='lat' dir='ltr'><strong>Mitrisio.</strong></span> <span class='ocrx_word' id='word_1_171' title='bbox 1193 3067 1409 3166; x_wconf 68' lang='lat' dir='ltr'><strong>Naeuilsiro.</strong></span> <span class='ocrx_word' id='word_1_172' title='bbox 1444 3066 1594 3150; x_wconf 79' lang='lat' dir='ltr'><strong>slretbe.</strong></span> <span class='ocrx_word' id='word_1_173' title='bbox 1632 3071 1742 3149; x_wconf 90' lang='lat' dir='ltr'><strong>etin</strong></span> <span class='ocrx_word' id='word_1_174' title='bbox 1774 3073 1896 3149; x_wconf 90' lang='lat' dir='ltr'><strong>trium</strong></span> 
     </span>
     <span class='ocr_line' id='line_1_21' title="bbox 98 3176 2003 3291; baseline 0 -30"><span class='ocrx_word' id='word_1_175' title='bbox 98 3178 390 3291; x_wconf 88' lang='lat' dir='ltr'><strong>quadrancium</strong></span> <span class='ocrx_word' id='word_1_176' title='bbox 419 3177 595 3256; x_wconf 87' lang='lat' dir='ltr'><strong>ecclesiis</strong></span> <span class='ocrx_word' id='word_1_177' title='bbox 618 3178 658 3255; x_wconf 93' lang='lat' dir='ltr'><strong>in</strong></span> <span class='ocrx_word' id='word_1_178' title='bbox 689 3177 897 3284; x_wconf 87' lang='lat' dir='ltr'><strong>prouincia</strong></span> <span class='ocrx_word' id='word_1_179' title='bbox 927 3204 1007 3286; x_wconf 92' lang='lat' dir='ltr'><strong>que</strong></span> <span class='ocrx_word' id='word_1_180' title='bbox 1035 3176 1184 3260; x_wconf 87' lang='lat' dir='ltr'><strong>dicitur</strong></span> <span class='ocrx_word' id='word_1_181' title='bbox 1211 3176 1507 3271; x_wconf 71' lang='lat' dir='ltr'><strong>pstbohaeradb.</strong></span> <span class='ocrx_word' id='word_1_182' title='bbox 1537 3207 1618 3289; x_wconf 91' lang='lat' dir='ltr'><strong>que</strong></span> <span class='ocrx_word' id='word_1_183' title='bbox 1648 3177 1812 3260; x_wconf 83' lang='lat' dir='ltr'><strong>ecclesie</strong></span> <span class='ocrx_word' id='word_1_184' title='bbox 1840 3181 1898 3261; x_wconf 90' lang='lat' dir='ltr'><strong>sic</strong></span> <span class='ocrx_word' id='word_1_185' title='bbox 2001 3229 2003 3232; x_wconf 95' lang='lat'>·</span> 
     </span>
    </p>
   </div>
   <div class='ocr_carea' id='block_1_10' title="bbox 98 3279 2024 3399">
    <p class='ocr_par' dir='ltr' id='par_1_11' title="bbox 98 3279 2024 3399">
     <span class='ocr_line' id='line_1_22' title="bbox 98 3279 2024 3399; baseline 0.002 -27"><span class='ocrx_word' id='word_1_186' title='bbox 98 3308 307 3372; x_wconf 89' lang='lat' dir='ltr'><strong>vocantur.</strong></span> <span class='ocrx_word' id='word_1_187' title='bbox 338 3316 538 3369; x_wconf 84' lang='lat' dir='ltr'><strong>vernamo.</strong></span> <span class='ocrx_word' id='word_1_188' title='bbox 568 3285 719 3368; x_wconf 85' lang='lat' dir='ltr'><strong>Tando.</strong></span> <span class='ocrx_word' id='word_1_189' title='bbox 738 3286 1007 3399; x_wconf 77' lang='lat' dir='ltr'><strong>-ow&#39;axtborp</strong></span> <span class='ocrx_word' id='word_1_190' title='bbox 1025 3287 1282 3396; x_wconf 65' lang='lat' dir='ltr'><strong>Gaelluri&#39;dh.</strong></span> <span class='ocrx_word' id='word_1_191' title='bbox 1312 3279 1468 3381; x_wconf 70' lang='lat' dir='ltr'><strong>Frpale.</strong></span> <span class='ocrx_word' id='word_1_192' title='bbox 1499 3287 1754 3389; x_wconf 67' lang='lat' dir='ltr'><strong>baxsirohult,</strong></span> <span class='ocrx_word' id='word_1_193' title='bbox 1780 3289 1865 3374; x_wconf 85' lang='lat' dir='ltr'><strong>Tol</strong></span> <span class='ocrx_word' id='word_1_194' title='bbox 1880 3334 1898 3352; x_wconf 94' lang='lat'><strong>·</strong></span> <span class='ocrx_word' id='word_1_195' title='bbox 2018 3365 2024 3375; x_wconf 83' lang='grc'>.</span> 
     </span>
    </p>
   </div>
   <div class='ocr_carea' id='block_1_11' title="bbox 36 3396 1995 5078">
    <p class='ocr_par' dir='ltr' id='par_1_12' title="bbox 36 3396 1995 5078">
     <span class='ocr_line' id='line_1_23' title="bbox 98 3396 1899 3511; baseline -0.003 -25"><span class='ocrx_word' id='word_1_196' title='bbox 98 3401 217 3501; x_wconf 66' lang='lat' dir='ltr'><strong>ridb.</strong></span> <span class='ocrx_word' id='word_1_197' title='bbox 246 3399 450 3511; x_wconf 67' lang='lat' dir='ltr'><strong>lraeppsiro.</strong></span> <span class='ocrx_word' id='word_1_198' title='bbox 480 3396 586 3478; x_wconf 77' lang='lat' dir='ltr'><strong>alter.</strong></span> <span class='ocrx_word' id='word_1_199' title='bbox 616 3417 752 3479; x_wconf 80' lang='lat' dir='ltr'><strong>nostre</strong></span> <span class='ocrx_word' id='word_1_200' title='bbox 780 3397 964 3495; x_wconf 63' lang='lat' dir='ltr'><strong>diocesis</strong></span> <span class='ocrx_word' id='word_1_201' title='bbox 992 3398 1247 3495; x_wconf 78' lang='lat' dir='ltr'><strong>habuissent,</strong></span> <span class='ocrx_word' id='word_1_202' title='bbox 1277 3417 1316 3480; x_wconf 92' lang='lat' dir='ltr'><strong>et</strong></span> <span class='ocrx_word' id='word_1_203' title='bbox 1345 3397 1554 3481; x_wconf 85' lang='lat' dir='ltr'><strong>occasione</strong></span> <span class='ocrx_word' id='word_1_204' title='bbox 1587 3399 1805 3482; x_wconf 89' lang='lat' dir='ltr'><strong>earundem</strong></span> <span class='ocrx_word' id='word_1_205' title='bbox 1830 3401 1899 3482; x_wconf 88' lang='lat' dir='ltr'><strong>de·</strong></span> 
     </span>
     <span class='ocr_line' id='line_1_24' title="bbox 97 3505 1899 3621; baseline -0.002 -25"><span class='ocrx_word' id='word_1_206' title='bbox 97 3517 290 3600; x_wconf 87' lang='lat' dir='ltr'><strong>cimarurn</strong></span> <span class='ocrx_word' id='word_1_207' title='bbox 319 3507 542 3592; x_wconf 90' lang='lat' dir='ltr'><strong>secuudum</strong></span> <span class='ocrx_word' id='word_1_208' title='bbox 571 3505 870 3594; x_wconf 81' lang='lat' dir='ltr'><strong>ordinacionem</strong></span> <span class='ocrx_word' id='word_1_209' title='bbox 902 3508 1028 3591; x_wconf 84' lang='lat' dir='ltr'><strong>felicis</strong></span> <span class='ocrx_word' id='word_1_210' title='bbox 1056 3509 1372 3607; x_wconf 70' lang='lat' dir='ltr'><strong>recordacionis,</strong></span> <span class='ocrx_word' id='word_1_211' title='bbox 1401 3507 1553 3600; x_wconf 83' lang='lat' dir='ltr'><strong>domini</strong></span> <span class='ocrx_word' id='word_1_212' title='bbox 1568 3510 1737 3606; x_wconf 86' lang='lat' dir='ltr'><strong>henrici,</strong></span> <span class='ocrx_word' id='word_1_213' title='bbox 1766 3541 1899 3621; x_wconf 89' lang='lat' dir='ltr'><strong>quon·</strong></span> 
     </span>
     <span class='ocr_line' id='line_1_25' title="bbox 96 3621 1900 3732; baseline -0.003 -25"><span class='ocrx_word' id='word_1_214' title='bbox 96 3630 189 3712; x_wconf 89' lang='lat' dir='ltr'><strong>dam</strong></span> <span class='ocrx_word' id='word_1_215' title='bbox 219 3621 511 3732; x_wconf 83' lang='lat' dir='ltr'><strong>predecessoris</strong></span> <span class='ocrx_word' id='word_1_216' title='bbox 539 3623 668 3700; x_wconf 80' lang='lat' dir='ltr'><strong>nostri</strong></span> <span class='ocrx_word' id='word_1_217' title='bbox 699 3621 836 3716; x_wconf 87' lang='lat' dir='ltr'><strong>nobis,</strong></span> <span class='ocrx_word' id='word_1_218' title='bbox 864 3637 907 3700; x_wconf 89' lang='lat' dir='ltr'><strong>et</strong></span> <span class='ocrx_word' id='word_1_219' title='bbox 935 3623 1135 3731; x_wconf 86' lang='lat' dir='ltr'><strong>episcopis</strong></span> <span class='ocrx_word' id='word_1_220' title='bbox 1165 3621 1486 3729; x_wconf 81' lang='lat' dir='ltr'><strong>lincopensibus,</strong></span> <span class='ocrx_word' id='word_1_221' title='bbox 1514 3622 1587 3732; x_wconf 94' lang='lat' dir='ltr'><strong>qui</strong></span> <span class='ocrx_word' id='word_1_222' title='bbox 1615 3647 1694 3730; x_wconf 91' lang='lat' dir='ltr'><strong>pro</strong></span> <span class='ocrx_word' id='word_1_223' title='bbox 1713 3638 1900 3731; x_wconf 86' lang='lat' dir='ltr'><strong>tempore</strong></span> 
     </span>
     <span class='ocr_line' id='line_1_26' title="bbox 97 3730 1899 3843; baseline -0.004 -23"><span class='ocrx_word' id='word_1_224' title='bbox 97 3739 267 3832; x_wconf 85' lang='lat' dir='ltr'><strong>fuerint,</strong></span> <span class='ocrx_word' id='word_1_225' title='bbox 297 3736 476 3842; x_wconf 89' lang='lat' dir='ltr'><strong>aprima</strong></span> <span class='ocrx_word' id='word_1_226' title='bbox 506 3730 706 3812; x_wconf 87' lang='lat' dir='ltr'><strong>dominica</strong></span> <span class='ocrx_word' id='word_1_227' title='bbox 737 3730 953 3828; x_wconf 87' lang='lat' dir='ltr'><strong>aduentus,</strong></span> <span class='ocrx_word' id='word_1_228' title='bbox 996 3761 1120 3843; x_wconf 90' lang='lat' dir='ltr'><strong>vsque</strong></span> <span class='ocrx_word' id='word_1_229' title='bbox 1149 3733 1200 3814; x_wconf 89' lang='lat' dir='ltr'><strong>ad</strong></span> <span class='ocrx_word' id='word_1_230' title='bbox 1233 3732 1409 3840; x_wconf 86' lang='lat' dir='ltr'><strong>vigiliam</strong></span> <span class='ocrx_word' id='word_1_231' title='bbox 1455 3732 1597 3812; x_wconf 86' lang='lat' dir='ltr'><strong>natalis</strong></span> <span class='ocrx_word' id='word_1_232' title='bbox 1627 3730 1789 3812; x_wconf 91' lang='lat' dir='ltr'><strong>domini.</strong></span> <span class='ocrx_word' id='word_1_233' title='bbox 1847 3737 1899 3813; x_wconf 88' lang='lat' dir='ltr'><strong>ln</strong></span> 
     </span>
     <span class='ocr_line' id='line_1_27' title="bbox 97 3840 1897 3952; baseline -0.006 -21"><span class='ocrx_word' id='word_1_234' title='bbox 97 3849 343 3931; x_wconf 87' lang='lat' dir='ltr'><strong>Monasterio</strong></span> <span class='ocrx_word' id='word_1_235' title='bbox 370 3869 465 3938; x_wconf 90' lang='lat' dir='ltr'><strong>suo,</strong></span> <span class='ocrx_word' id='word_1_236' title='bbox 494 3845 527 3922; x_wconf 92' lang='lat' dir='ltr'><strong>si</strong></span> <span class='ocrx_word' id='word_1_237' title='bbox 556 3859 673 3922; x_wconf 91' lang='lat' dir='ltr'><strong>tanto</strong></span> <span class='ocrx_word' id='word_1_238' title='bbox 705 3859 888 3951; x_wconf 88' lang='lat' dir='ltr'><strong>tempore</strong></span> <span class='ocrx_word' id='word_1_239' title='bbox 917 3842 1064 3922; x_wconf 91' lang='lat' dir='ltr'><strong>ibidem</strong></span> <span class='ocrx_word' id='word_1_240' title='bbox 1094 3872 1171 3952; x_wconf 88' lang='lat' dir='ltr'><strong>pro</strong></span> <span class='ocrx_word' id='word_1_241' title='bbox 1201 3841 1424 3925; x_wconf 88' lang='lat' dir='ltr'><strong>deuoeione</strong></span> <span class='ocrx_word' id='word_1_242' title='bbox 1461 3861 1566 3923; x_wconf 90' lang='lat' dir='ltr'><strong>stare</strong></span> <span class='ocrx_word' id='word_1_243' title='bbox 1605 3840 1897 3939; x_wconf 85' lang='lat' dir='ltr'><strong>decreuissent,</strong></span> 
     </span>
     <span class='ocr_line' id='line_1_28' title="bbox 97 3951 1897 4063; baseline -0.006 -21"><span class='ocrx_word' id='word_1_244' title='bbox 97 3989 190 4043; x_wconf 91' lang='lat' dir='ltr'><strong>cum</strong></span> <span class='ocrx_word' id='word_1_245' title='bbox 219 3966 330 4039; x_wconf 87' lang='lat' dir='ltr'><strong>certo</strong></span> <span class='ocrx_word' id='word_1_246' title='bbox 362 3981 623 4063; x_wconf 86' lang='lat' dir='ltr'><strong>personarum</strong></span> <span class='ocrx_word' id='word_1_247' title='bbox 652 3968 694 4032; x_wconf 88' lang='lat' dir='ltr'><strong>et</strong></span> <span class='ocrx_word' id='word_1_248' title='bbox 721 3979 917 4061; x_wconf 90' lang='lat' dir='ltr'><strong>equorum</strong></span> <span class='ocrx_word' id='word_1_249' title='bbox 950 3980 1129 4051; x_wconf 91' lang='lat' dir='ltr'><strong>numero,</strong></span> <span class='ocrx_word' id='word_1_250' title='bbox 1158 3953 1266 4062; x_wconf 86' lang='lat' dir='ltr'><strong>jdem</strong></span> <span class='ocrx_word' id='word_1_251' title='bbox 1296 3951 1423 4032; x_wconf 87' lang='lat' dir='ltr'><strong>abbas</strong></span> <span class='ocrx_word' id='word_1_252' title='bbox 1465 3967 1506 4033; x_wconf 89' lang='lat' dir='ltr'><strong>et</strong></span> <span class='ocrx_word' id='word_1_253' title='bbox 1533 3967 1778 4049; x_wconf 89' lang='lat' dir='ltr'><strong>conuentus,</strong></span> <span class='ocrx_word' id='word_1_254' title='bbox 1802 3981 1897 4060; x_wconf 92' lang='lat' dir='ltr'><strong>pro·</strong></span> 
     </span>
     <span class='ocr_line' id='line_1_29' title="bbox 98 4059 1995 4178; baseline -0.006 -25"><span class='ocrx_word' id='word_1_255' title='bbox 98 4071 238 4153; x_wconf 89' lang='lat' dir='ltr'><strong>uidere</strong></span> <span class='ocrx_word' id='word_1_256' title='bbox 267 4073 307 4148; x_wconf 89' lang='lat' dir='ltr'><strong>in</strong></span> <span class='ocrx_word' id='word_1_257' title='bbox 338 4066 523 4178; x_wconf 81' lang='lat' dir='ltr'><strong>expensis</strong></span> <span class='ocrx_word' id='word_1_258' title='bbox 551 4063 871 4171; x_wconf 88' lang='lat' dir='ltr'><strong>competentibus</strong></span> <span class='ocrx_word' id='word_1_259' title='bbox 899 4080 1147 4143; x_wconf 87' lang='lat' dir='ltr'><strong>tenerentur.</strong></span> <span class='ocrx_word' id='word_1_260' title='bbox 1172 4059 1284 4174; x_wconf 92' lang='lat' dir='ltr'><strong>quod</strong></span> <span class='ocrx_word' id='word_1_261' title='bbox 1313 4083 1352 4143; x_wconf 91' lang='lat' dir='ltr'><strong>et</strong></span> <span class='ocrx_word' id='word_1_262' title='bbox 1380 4089 1537 4171; x_wconf 89' lang='lat' dir='ltr'><strong>semper</strong></span> <span class='ocrx_word' id='word_1_263' title='bbox 1559 4078 1721 4172; x_wconf 91' lang='lat' dir='ltr'><strong>promto</strong></span> <span class='ocrx_word' id='word_1_264' title='bbox 1751 4063 1897 4153; x_wconf 78' lang='lat' dir='ltr'><strong>sollici,-</strong></span> <span class='ocrx_word' id='word_1_265' title='bbox 1976 4059 1995 4174; x_wconf 24' lang='lat'><strong>‘-</strong></span> 
     </span>
     <span class='ocr_line' id='line_1_30' title="bbox 53 4172 1897 4283; baseline -0.007 -18"><span class='ocrx_word' id='word_1_266' title='bbox 53 4267 61 4276; x_wconf 75' lang='grc'><em>,</em></span> <span class='ocrx_word' id='word_1_267' title='bbox 96 4183 251 4266; x_wconf 90' lang='lat' dir='ltr'><strong>tudinis</strong></span> <span class='ocrx_word' id='word_1_268' title='bbox 278 4179 418 4260; x_wconf 90' lang='lat' dir='ltr'><strong>studio.</strong></span> <span class='ocrx_word' id='word_1_269' title='bbox 441 4174 650 4256; x_wconf 82' lang='lat' dir='ltr'><strong>iaciebant.</strong></span> <span class='ocrx_word' id='word_1_270' title='bbox 695 4201 833 4254; x_wconf 78' lang='lat' dir='ltr'><strong>serum</strong></span> <span class='ocrx_word' id='word_1_271' title='bbox 893 4173 962 4252; x_wconf 87' lang='lat' dir='ltr'><strong>uia·</strong></span> <span class='ocrx_word' id='word_1_272' title='bbox 986 4193 1188 4256; x_wconf 87' lang='lat' dir='ltr'><strong>crescente</strong></span> <span class='ocrx_word' id='word_1_273' title='bbox 1222 4174 1429 4256; x_wconf 90' lang='lat' dir='ltr'><strong>hominum</strong></span> <span class='ocrx_word' id='word_1_274' title='bbox 1461 4173 1634 4271; x_wconf 87' lang='lat' dir='ltr'><strong>malicia,</strong></span> <span class='ocrx_word' id='word_1_275' title='bbox 1661 4172 1771 4283; x_wconf 93' lang='lat' dir='ltr'><strong>quod</strong></span> <span class='ocrx_word' id='word_1_276' title='bbox 1804 4185 1897 4282; x_wconf 82' lang='lat' dir='ltr'><strong>pro&#39;-</strong></span> 
     </span>
     <span class='ocr_line' id='line_1_31' title="bbox 46 4201 1989 4398; baseline -0.007 -22"><span class='ocrx_word' id='word_1_277' title='bbox 46 4342 48 4345; x_wconf 96' lang='lat'>·</span> <span class='ocrx_word' id='word_1_278' title='bbox 98 4297 229 4375; x_wconf 90' lang='lat' dir='ltr'><strong>uisum</strong></span> <span class='ocrx_word' id='word_1_279' title='bbox 260 4289 321 4372; x_wconf 77' lang='lat' dir='ltr'><strong>est‘</strong></span> <span class='ocrx_word' id='word_1_280' title='bbox 347 4289 398 4369; x_wconf 92' lang='lat' dir='ltr'><strong>ad</strong></span> <span class='ocrx_word' id='word_1_281' title='bbox 429 4286 667 4382; x_wconf 83' lang='lat' dir='ltr'><strong>remedium,</strong></span> <span class='ocrx_word' id='word_1_282' title='bbox 695 4284 777 4393; x_wconf 83' lang='lat' dir='ltr'><strong>jam</strong></span> <span class='ocrx_word' id='word_1_283' title='bbox 798 4201 927 4364; x_wconf 66' lang='lat' dir='ltr'><strong>rendit</strong></span> <span class='ocrx_word' id='word_1_284' title='bbox 951 4283 1002 4363; x_wconf 88' lang='lat' dir='ltr'><strong>ad</strong></span> <span class='ocrx_word' id='word_1_285' title='bbox 1022 4314 1185 4383; x_wconf 86' lang='lat' dir='ltr'><strong>noxam,</strong></span> <span class='ocrx_word' id='word_1_286' title='bbox 1216 4285 1298 4366; x_wconf 91' lang='lat' dir='ltr'><strong>Nos</strong></span> <span class='ocrx_word' id='word_1_287' title='bbox 1314 4281 1613 4390; x_wconf 85' lang='lat' dir='ltr'><strong>considerantes</strong></span> <span class='ocrx_word' id='word_1_288' title='bbox 1630 4281 1740 4398; x_wconf 88' lang='lat' dir='ltr'><strong>quod</strong></span> <span class='ocrx_word' id='word_1_289' title='bbox 1759 4285 1897 4376; x_wconf 85' lang='lat' dir='ltr'><strong>buius·</strong></span> <span class='ocrx_word' id='word_1_290' title='bbox 1984 4337 1989 4344; x_wconf 62' lang='lat'>=</span> 
     </span>
     <span class='ocr_line' id='line_1_32' title="bbox 99 4391 1924 4507; baseline -0.008 -19"><span class='ocrx_word' id='word_1_291' title='bbox 99 4406 209 4489; x_wconf 91' lang='lat' dir='ltr'><strong>modi</strong></span> <span class='ocrx_word' id='word_1_292' title='bbox 238 4394 498 4488; x_wconf 88' lang='lat' dir='ltr'><strong>ordinacione</strong></span> <span class='ocrx_word' id='word_1_293' title='bbox 526 4414 565 4477; x_wconf 89' lang='lat' dir='ltr'><strong>et</strong></span> <span class='ocrx_word' id='word_1_294' title='bbox 592 4396 910 4507; x_wconf 88' lang='lat' dir='ltr'><strong>procuracione,</strong></span> <span class='ocrx_word' id='word_1_295' title='bbox 960 4397 1083 4478; x_wconf 87' lang='lat' dir='ltr'><strong>multa</strong></span> <span class='ocrx_word' id='word_1_296' title='bbox 1121 4397 1249 4492; x_wconf 89' lang='lat' dir='ltr'><strong>tedia,</strong></span> <span class='ocrx_word' id='word_1_297' title='bbox 1292 4398 1546 4503; x_wconf 87' lang='lat' dir='ltr'><strong>grauamina,</strong></span> <span class='ocrx_word' id='word_1_298' title='bbox 1576 4412 1615 4480; x_wconf 92' lang='lat' dir='ltr'><strong>et</strong></span> <span class='ocrx_word' id='word_1_299' title='bbox 1645 4391 1924 4482; x_wconf 75' lang='lat' dir='ltr'><strong>incommoda,</strong></span> 
     </span>
     <span class='ocr_line' id='line_1_33' title="bbox 97 4505 1896 4617; baseline -0.007 -18"><span class='ocrx_word' id='word_1_300' title='bbox 97 4517 196 4598; x_wconf 90' lang='lat' dir='ltr'><strong>binc</strong></span> <span class='ocrx_word' id='word_1_301' title='bbox 223 4533 263 4596; x_wconf 93' lang='lat' dir='ltr'><strong>et</strong></span> <span class='ocrx_word' id='word_1_302' title='bbox 287 4511 379 4593; x_wconf 84' lang='lat' dir='ltr'><strong>inde</strong></span> <span class='ocrx_word' id='word_1_303' title='bbox 409 4509 638 4604; x_wconf 90' lang='lat' dir='ltr'><strong>euenirent,</strong></span> <span class='ocrx_word' id='word_1_304' title='bbox 668 4537 715 4588; x_wconf 89' lang='lat' dir='ltr'><strong>ae</strong></span> <span class='ocrx_word' id='word_1_305' title='bbox 744 4507 904 4589; x_wconf 89' lang='lat' dir='ltr'><strong>euenire</strong></span> <span class='ocrx_word' id='word_1_306' title='bbox 935 4524 1099 4616; x_wconf 86' lang='lat' dir='ltr'><strong>possent</strong></span> <span class='ocrx_word' id='word_1_307' title='bbox 1127 4505 1301 4617; x_wconf 79' lang='lat' dir='ltr'><strong>emplius</strong></span> <span class='ocrx_word' id='word_1_308' title='bbox 1330 4509 1368 4586; x_wconf 93' lang='lat' dir='ltr'><strong>in</strong></span> <span class='ocrx_word' id='word_1_309' title='bbox 1401 4505 1591 4588; x_wconf 83' lang='lat' dir='ltr'><strong>futurum.</strong></span> <span class='ocrx_word' id='word_1_310' title='bbox 1636 4505 1896 4616; x_wconf 85' lang='lat' dir='ltr'><strong>volentesque</strong></span> 
     </span>
     <span class='ocr_line' id='line_1_34' title="bbox 96 4616 1898 4728; baseline -0.008 -20"><span class='ocrx_word' id='word_1_311' title='bbox 96 4647 180 4709; x_wconf 87' lang='lat' dir='ltr'><strong>tam</strong></span> <span class='ocrx_word' id='word_1_312' title='bbox 212 4627 328 4709; x_wconf 90' lang='lat' dir='ltr'><strong>nobis</strong></span> <span class='ocrx_word' id='word_1_313' title='bbox 356 4638 398 4702; x_wconf 91' lang='lat' dir='ltr'><strong>et</strong></span> <span class='ocrx_word' id='word_1_314' title='bbox 428 4623 575 4702; x_wconf 90' lang='lat' dir='ltr'><strong>nostris</strong></span> <span class='ocrx_word' id='word_1_315' title='bbox 603 4618 920 4720; x_wconf 89' lang='lat' dir='ltr'><strong>successoribus,</strong></span> <span class='ocrx_word' id='word_1_316' title='bbox 950 4647 1070 4728; x_wconf 90' lang='lat' dir='ltr'><strong>quarn</strong></span> <span class='ocrx_word' id='word_1_317' title='bbox 1088 4621 1233 4716; x_wconf 88' lang='lat' dir='ltr'><strong>eciam,</strong></span> <span class='ocrx_word' id='word_1_318' title='bbox 1264 4617 1401 4712; x_wconf 89' lang='lat' dir='ltr'><strong>dictis,</strong></span> <span class='ocrx_word' id='word_1_319' title='bbox 1431 4616 1571 4697; x_wconf 89' lang='lat' dir='ltr'><strong>abbati</strong></span> <span class='ocrx_word' id='word_1_320' title='bbox 1600 4635 1640 4696; x_wconf 89' lang='lat' dir='ltr'><strong>et</strong></span> <span class='ocrx_word' id='word_1_321' title='bbox 1664 4619 1898 4706; x_wconf 84' lang='lat' dir='ltr'><strong>conuentui,</strong></span> 
     </span>
     <span class='ocr_line' id='line_1_35' title="bbox 36 4727 1895 4850; baseline -0.005 -28"><span class='ocrx_word' id='word_1_322' title='bbox 36 4763 45 4775; x_wconf 85' lang='lat'>·</span> <span class='ocrx_word' id='word_1_323' title='bbox 96 4764 222 4850; x_wconf 86' lang='lat' dir='ltr'><strong>super</strong></span> <span class='ocrx_word' id='word_1_324' title='bbox 251 4735 451 4849; x_wconf 87' lang='lat' dir='ltr'><strong>premissis</strong></span> <span class='ocrx_word' id='word_1_325' title='bbox 479 4733 695 4812; x_wconf 88' lang='lat' dir='ltr'><strong>salubriter</strong></span> <span class='ocrx_word' id='word_1_326' title='bbox 738 4728 967 4840; x_wconf 86' lang='lat' dir='ltr'><strong>prouidere.</strong></span> <span class='ocrx_word' id='word_1_327' title='bbox 1012 4732 1216 4811; x_wconf 88' lang='lat' dir='ltr'><strong>communi</strong></span> <span class='ocrx_word' id='word_1_328' title='bbox 1260 4727 1428 4810; x_wconf 87' lang='lat' dir='ltr'><strong>consilio</strong></span> <span class='ocrx_word' id='word_1_329' title='bbox 1456 4743 1497 4807; x_wconf 88' lang='lat' dir='ltr'><strong>et</strong></span> <span class='ocrx_word' id='word_1_330' title='bbox 1526 4757 1685 4808; x_wconf 89' lang='lat' dir='ltr'><strong>assensu</strong></span> <span class='ocrx_word' id='word_1_331' title='bbox 1729 4727 1895 4834; x_wconf 85' lang='lat' dir='ltr'><strong>capituli</strong></span> 
     </span>
     <span class='ocr_line' id='line_1_36' title="bbox 96 4836 1895 4954; baseline -0.009 -21"><span class='ocrx_word' id='word_1_332' title='bbox 96 4853 237 4935; x_wconf 87' lang='lat' dir='ltr'><strong>nostri.</strong></span> <span class='ocrx_word' id='word_1_333' title='bbox 265 4876 356 4930; x_wconf 92' lang='lat' dir='ltr'><strong>cum</strong></span> <span class='ocrx_word' id='word_1_334' title='bbox 386 4845 561 4954; x_wconf 86' lang='lat' dir='ltr'><strong>prefatis,</strong></span> <span class='ocrx_word' id='word_1_335' title='bbox 581 4837 739 4924; x_wconf 67' lang='lat' dir='ltr'><strong>¹abbate</strong></span> <span class='ocrx_word' id='word_1_336' title='bbox 768 4839 808 4923; x_wconf 84' lang='lat' dir='ltr'><strong>et</strong></span> <span class='ocrx_word' id='word_1_337' title='bbox 837 4858 1041 4921; x_wconf 90' lang='lat' dir='ltr'><strong>conuentu</strong></span> <span class='ocrx_word' id='word_1_338' title='bbox 1065 4842 1201 4922; x_wconf 89' lang='lat' dir='ltr'><strong>taliter</strong></span> <span class='ocrx_word' id='word_1_339' title='bbox 1230 4839 1417 4920; x_wconf 87' lang='lat' dir='ltr'><strong>duximus</strong></span> <span class='ocrx_word' id='word_1_340' title='bbox 1445 4836 1725 4919; x_wconf 89' lang='lat' dir='ltr'><strong>ordinandum.</strong></span> <span class='ocrx_word' id='word_1_341' title='bbox 1755 4837 1895 4917; x_wconf 86' lang='lat' dir='ltr'><strong>videli-</strong></span> 
     </span>
     <span class='ocr_line' id='line_1_37' title="bbox 95 4951 1894 5078; baseline -0.011 -31"><span class='ocrx_word' id='word_1_342' title='bbox 95 4982 164 5047; x_wconf 86' lang='lat' dir='ltr'><strong>cet</strong></span> <span class='ocrx_word' id='word_1_343' title='bbox 191 4957 301 5078; x_wconf 90' lang='lat' dir='ltr'><strong>quod</strong></span> <span class='ocrx_word' id='word_1_344' title='bbox 332 4987 424 5058; x_wconf 92' lang='lat' dir='ltr'><strong>nos,</strong></span> <span class='ocrx_word' id='word_1_345' title='bbox 453 4981 781 5064; x_wconf 89' lang='lat' dir='ltr'><strong>successoresque</strong></span> <span class='ocrx_word' id='word_1_346' title='bbox 804 4953 942 5034; x_wconf 88' lang='lat' dir='ltr'><strong>nostri.</strong></span> <span class='ocrx_word' id='word_1_347' title='bbox 973 4980 1049 5061; x_wconf 92' lang='lat' dir='ltr'><strong>pro</strong></span> <span class='ocrx_word' id='word_1_348' title='bbox 1078 4954 1265 5062; x_wconf 83' lang='lat' dir='ltr'><strong>expensis</strong></span> <span class='ocrx_word' id='word_1_349' title='bbox 1294 4963 1335 5031; x_wconf 88' lang='lat' dir='ltr'><strong>et</strong></span> <span class='ocrx_word' id='word_1_350' title='bbox 1366 4951 1736 5057; x_wconf 88' lang='lat' dir='ltr'><strong>procuracionibus,</strong></span> <span class='ocrx_word' id='word_1_351' title='bbox 1767 4951 1894 5044; x_wconf 89' lang='lat' dir='ltr'><strong>nobis,</strong></span> 
     </span>
    </p>
   </div>
   <div class='ocr_carea' id='block_1_12' title="bbox 0 0 2164 5975">
    <p class='ocr_par' dir='ltr' id='par_1_13' title="bbox 0 0 2164 5975">
     <span class='ocr_line' id='line_1_38' title="bbox 0 0 2164 5975; baseline 0 0"><span class='ocrx_word' id='word_1_352' title='bbox 0 0 2164 5975; x_wconf 95' lang='lat' dir='ltr'><strong> </strong></span> 
     </span>
    </p>
   </div>
  </div>
 </body>
</html>
