4317 5975
811 412 877 439 ....
976 372 1066 476 477
1169 414 1234 507 ζ’·

124 590 248 675 nibus
290 586 502 673 euidenter
542 586 655 699 quod
697 586 743 696 jn
785 603 1022 670 testamento
1064 617 1154 672 meo
1187 589 1362 672 ecclesie
1381 590 1619 701 lynoopensi
1646 596 1812 677 confero
1843 596 1921 679 XX

76 747 78 754 ·
122 701 398 809 marcas-puri
428 704 596 808 argenti.
627 726 785 783 necnon
826 698 878 779 ad
921 702 1131 782 canoniam
1173 700 1350 783 eiusdem
1386 703 1708 815 ecolesiequar‘n
1739 714 1923 817 magister

123 816 230 922 Jngo
260 812 437 921 possidet
467 810 653 893 videlicet
694 808 909 919 llydbisby.
950 804 1072 922 qnam
1102 830 1228 893 mater
1260 814 1381 921 patris
1411 816 1485 893 inei
1519 815 1632 896 ducis
1662 815 1802 899 kanuti
1833 820 1922 901 lun·

121 927 255 1022 dauit,
283 924 601 1009 tribuo.curiam
640 948 765 1000 meam
808 921 854 1029 jn
897 920 1206 1005 lriaetilstadhum
1248 924 1337 1031 jure
1366 923 1610 1006 hereditario
1638 927 1924 1036 possidendam

120 1036 215 1119 oum
244 1035 431 1116 omnibus
460 1033 665 1143 pertinciis
692 1051 734 1113 et
760 1031 999 1115 adiacenciis
1027 1033 1078 1113 ad
1108 1035 1270 1116 eandem
1300 1035 1354 1139 jta
1383 1052 1517 1117 tamen
1547 1066 1609 1117 me
1639 1040 1924 1147 priusmortuo

123 1149 318 1228 existente
346 1150 397 1227 ln
428 1150 541 1226 cuius
571 1148 628 1226 rei
656 1144 902 1225 euidenciam
947 1146 1163 1225 firmiorem
1206 1146 1379 1253 sigillum
1419 1175 1548 1227 meum
1581 1153 1835 1256 presentibus
1865 1171 1925 1233 est

106 1287 347 1386 'appensum
378 1260 526 1359 Datum
558 1285 665 1337 anno
692 1253 848 1362 dominj
876 1257 1141 1337 MlCCC'Vl'
1173 1256 1237 1338 die
1269 1256 1376 1337 beati
1405 1254 1545 1338 kalixti
1575 1288 1690 1369 pape.

138 1650 308 1757 1516.
725 1684 728 1687 ’
772 1643 923 1761 1306
970 1646 1019 1754 d.
1075 1644 1137 1753 18
1180 1642 1308 1751 Oct..
1661 1647 1924 1797 Skeninge.

207 1871 390 1951 Hertigarne
413 1870 510 1932 Eams
530 1866 590 1929 och
614 1868 813 1931 Wstnmuas
833 1866 1000 1949 gdlrobref
1017 1866 1062 1927 till
1085 1866 1242 1928 Riddaren
1265 1867 1364 1931 Folle
1386 1868 1512 1931 Jonsson
1535 1868 1575 1952 pa
1597 1860 1708 1949 godsen
1732 1872 1845 1933 Limsta
1867 1869 1927 1934 oeli

260 1954 418 2030 Kettilsta‚
442 1954 569 2013 titasom
592 1951 746 2014 Christian
768 1952 838 2012 dem
862 1952 946 2011 lb‘rut
967 1948 1114 2027 innehan,
1138 1948 1207 2010 med
1220 1952 1387 2027 lbrsilran,
1410 1962 1455 2012 att
1477 1952 1526 2013 siit·
1547 1953 1591 2030 sig
1613 1952 1672 2013 och
1696 1954 1927 2035 siuaorlvingar

256 2038 291 2098 ft
311 2035 437 2099 bebdlla
459 2035 541 2113 dem,
562 2036 651 2097 δίνου
673 2037 683 2096 i
704 2036 764 2099 dea
786 2032 962 2112 bladolsen,
983 2033 1030 2093 ott
1052 2032 1204 2095 Christian
1228 2033 1341 2095 blilver
1363 2034 1656 2117 lrlgifveooelrllter
1679 2046 1768 2114 lagen
1792 2038 1838 2097 till
1853 2038 1925 2099 odd.

1469 2146 1703 2215 'annno
1724 2150 1790 2218 mo-

236 2284 438 2364 Omnibus
467 2312 629 2391 presens
656 2283 850 2391 seriptum
866 2282 1150 2378 Cernentibus,
1181 2306 1319 2364 rarcus
1347 2297 1388 2362 et
1409 2304 1694 2364 wanunarnnos
1710 2286 1774 2362 dei
1791 2289 1926 2392 gracia

124 2390 246 2477 duoes
273 2423 503 2476 sweuornm
532 2397 699 2476 salutem
730 2397 770 2474 in
799 2392 964 2475 domino
997 2396 1298 2501 sempiternam,
1327 2412 1510 2474 constare
1532 2392 1718 2473 volumus
1740 2398 1927 2487 omnibus

125 2506 355 2605 euidenter,
388 2505 500 2617 quod
528 2505 656 2586 nobili
685 2505 815 2600 militi,
844 2502 1009 2585 domino
1038 2504 1191 2584 fulconi
1220 2508 1413 2601 Joonson,
1444 2504 1550 2587 bona
1582 2504 1687 2583 dieta
1719 2503 1858 2587 limstae
1886 2524 1926 2586 et
2022 2592 2026 2601 ¹

124 2618 325 2715 kaetilstae,
357 2644 450 2697 oum
479 2618 666 2698 omnibus
693 2634 735 2696 et
761 2616 930 2723 singulis
957 2615 1038 2694 suis
1072 2618 1334 2723 pertinenciis
1363 2618 1465 2721 sicut
1488 2616 1721 2695 eristiernus
1750 2644 1795 2696 ea
1825 2617 1926 2697 libe-

51 2752 55 2764 ·
123 2733 210 2811 rius
239 2726 435 2837 possedit,
464 2726 605 2809 damus
633 2745 674 2809 et
701 2725 897 2807 tradimus
924 2725 1013 2833 jure
1042 2742 1241 2835 perpetuo
1258 2726 1511 2834 possidenda,
1540 2727 1640 2805 etsi
1670 2729 1925 2808 cristiernum

125 2832 290 2921 liberari
326 2843 534 2946 contingat
562 2854 603 2918 et
631 2840 671 2919 in
701 2838 881 2917 fauorem
911 2837 1045 2944 gracie
1075 2856 1208 2918 nostre
1238 2839 1381 2945 recipi,
1411 2835 1589 2943 predicta
1620 2835 1725 2915 bona
1757 2856 1925 2947 propter

125 2958 258 3061 ipsum
288 2952 537 3033 oristiernum
566 2948 695 3031 eidem
724 2948 890 3054 domino
919 2947 1073 3029 fulconi
1102 2966 1141 3030 et
1169 2949 1249 3029 suis
1277 2947 1494 3029 heredibus
1523 2952 1688 3029 omnino
1718 2950 1842 3030 libera
1868 2953 1925 3032 la·

126 3068 298 3158 olemus,
340 3065 396 3144 ita
425 3061 536 3172 quod
567 3063 620 3142 ab
649 3064 737 3170 ipso
766 3063 930 3142 domino
957 3060 1139 3154 fulcone,
1169 3062 1232 3140 vel
1260 3062 1341 3139 suis
1371 3058 1604 3153 heredibus,
1635 3063 1925 3170 nunquamde·

67 3201 70 3207 ’
125 3177 259 3269 beant
278 3175 462 3255 reuocari
504 3176 554 3253 ln
584 3175 698 3253 euius
739 3174 798 3252 rei
826 3169 1073 3251 euidenoiam
1103 3171 1233 3278 sigilla
1272 3189 1406 3250 nostra
1445 3171 1697 3277 presentibus
1740 3171 1924 3256 duximus

126 3285 371 3394 apponenda
400 3289 549 3367 Datum
575 3284 792 3391 skaeningie
821 3309 930 3363 anno
963 3281 1116 3363 domini
1145 3283 1406 3364 M⁰Cec⁰vl⁰
1440 3282 1528 3361 luce
1558 3282 1825 3390 ewangeliste.

135 3673 297 3822 1517.
484 3642 488 3650 Ι
729 3631 1005 3804 ¹1306d,
1060 3714 1124 3818 17
1175 3677 1300 3782 Nor.

212 3901 320 3962 Atoor
341 3897 480 3958 Joussorss
500 3895 660 3956 Fullmalt
682 3895 729 3956 lilr
750 3894 877 3954 Presten
899 3892 1008 3953 Hllan
1031 3896 1041 3954 i
1065 3893 1164 3972 Hasle,
1186 3906 1232 3956 att
1262 3894 1349 3955 sldta
1381 3893 1441 3954 och
1465 3893 1596 3976 lagligen
1618 3897 1768 3959 iilrerldta
1791 3919 1926 3981 quarnen

261 3980 313 4042 vid
336 3977 490 4041 Kelestad
513 3981 522 4038 i
544 3981 653 4056 bidan,
675 3978 723 4039 till
745 3975 858 4058 Bislrop
881 3975 1041 4057 Brynolfi
1063 3977 1162 4038 stara
1183 3977 1243 4040 oclr
1266 3979 1341 4039 bans
1361 3977 1573 4064 ellestrddare.

1668 4062 1710 4114 A:
1728 4061 1752 4115 6.
1770 4081 1793 4114 a.

202 4246 205 4250 Α
241 4195 442 4282 Omnibus
471 4221 636 4302 presens
664 4192 1148 4302 seriptumoernentibus.
1177 4217 1360 4277 annosus
1387 4219 1549 4278 Jouson.
1569 4197 1743 4296 ,salutem
1774 4199 1815 4277 in
1846 4201 1960 4296 Do-‚

129 4317 252 4396 mino,
279 4327 420 4391 tenore
450 4306 699 4413 presencium
730 4305 845 4386 vobis
873 4321 1030 4385 constet
1061 4307 1268 4387 vniuersisL
1299 4336 1359 4388 me
1377 4305 1530 4389 dedisse
1560 4311 1601 4388 in
1630 4305 1837 4389 mandatis.
1868 4310 1929 4390 di·
2060 4351 2063 4357 ·

126 4441 259 4510 screto
287 4422 380 4501 viro.
407 4416 571 4498 domino
599 4417 780 4527 haquino
809 4403 1036 4526 presbitero
1065 4413 1114 4495 de
1146 4417 1271 4499 baslu.
1321 4419 1503 4498 scotandi
1533 4437 1573 4499 et
1602 4417 1804 4500 alienandi
1834 4423 1931 4502 milri

129 4555 170 4618 et
199 4535 294 4616 meis
324 4529 558 4625 heredibus,
586 4525 804 4608 secundum
835 4529 941 4635 leges
970 4528 1276 4636 vesgothorum:
1315 4529 1583 4609 molendinum
1629 4561 1717 4611 oum
1748 4547 1930 4614 torrente

82 4647 87 4658 ’
130 4652 251 4729 situm
280 4649 394 4754 juxta
424 4639 613 4721 lrelristad
637 4641 678 4720 in
708 4666 824 4719 amne
854 4643 1052 4742 tiburtum
1083 4641 1290 4722 acursibus
1305 4659 1344 4722 et
1358 4639 1592 4721 decursibus
1621 4639 1671 4721 ad
1701 4644 1930 4750 ipsumtor·
1992 4643 1997 4652 ⁴
2033 4659 2035 4664 ’

119 4744 287 4840 ¹rentem
318 4751 623 4861 pertinentibus.
652 4749 891 4832 Reuerendo
919 4753 1024 4859 patri
1054 4750 1218 4832 domino
1254 4752 1489 4860 brynulpbo
1532 4754 1724 4862 episcopo
1753 4753 1930 4836 skarensi

10 4912 11 4915 Ν
131 4872 173 4952 et
200 4870 282 4953 suis
309 4863 605 4945 suecessoribus
634 4877 834 4972 perpetuo
869 4863 956 4941 iure
985 4862 1282 4970 possidendum.
1314 4862 1545 4944 babendum
1574 4881 1613 4946 et
1644 4865 1860 5037 tenenfidum
1890 4887 1930 4948 et

267 4992 313 5048 ὃν.
329 4991 450 5064 Diplom.
467 4989 508 5042 11.
528 4985 531 4994 '
1447 4998 1450 5004 ⁴
1781 4997 1791 5037 1
