4317 5975
874 395 1034 449 m-
1142 320 1224 453 dds
1332 394 1392 421 ·-

283 602 461 679 vretum,
501 577 665 661 Curiam
693 598 818 658 meam
848 571 994 677 Enebi
1021 575 1065 657 iu
1093 571 1257 685 buringi
1285 600 1378 669 cum
1399 570 1589 660 omuibus
1615 569 1693 655 sibi
1721 575 1965 677 attinentibus
1975 612 2037 671 mn

190 768 198 777 .
284 697 436 781 bilibus
465 707 507 775 et
533 685 827 784 immobilibus,
854 688 959 785 sicut
985 713 1074 767 eam
1102 682 1248 769 dilecte
1277 713 1404 768 vxore
1437 712 1523 767 mee
1552 682 1848 796 deputaueram.
1887 690 1965 777 loco
1987 727 2038 783 ru·

284 810 348 891 rie
373 802 622 915 supradicte,
649 799 823 928 Assiguo
850 798 975 927 eciam
1005 798 1216 928 sororibus
1242 814 1393 880 extunc
1421 798 1688 907 piscationem
1706 826 1825 929 poam
1851 800 1900 883 ab
1923 808 1972 889 cit
1993 838 2041 893 re-

246 912 644 1113 tulistis
665 926 715 1101 ‘l
734 906 2042 1138 stitutusuultusultus:ittuntur

283 1168 407 1253 quam
436 1136 536 1219 duxi
562 1133 744 1215 helenam
773 1133 816 1213 in
844 1156 1031 1231 uxorem,
1057 1148 1099 1213 et
1126 1132 1277 1215 curiam
1304 1132 1351 1241 ju
1378 1129 1545 1235 baellibi‘
1572 1162 1692 1246 qnam
1728 1134 1853 1244 babuj
1880 1164 1902 1217 a
1927 1144 2043 1225 sorori·

202 1264 210 1338 .’
282 1250 361 1335 bus
388 1246 600 1360 sepedictis
626 1245 744 1327 cedat
771 1241 987 1326 heredibus
1021 1243 1119 1324 meis
1161 1246 1203 1325 in
1242 1244 1552 1353 possessionem,
1594 1248 1647 1329 Jn
1674 1244 1794 1355 cujus
1821 1250 1877 1330 rei
1902 1253 2044 1333 testimo·

283 1364 397 1445 nium
427 1359 603 1468 sigillum
641 1384 772 1437 meum
809 1353 1066 1465 presentibus
1107 1371 1168 1435 est
1208 1382 1454 1465 appensum,
1498 1357 1647 1440 Datum
1688 1356 1917 1470 slsiaeningic
1953 1364 2046 1447 Anao

283 1472 437 1559 domini
468 1470 553 1555 .M⁰.
583 1468 716 1551 CCC'.
744 1468 814 1549 Vl.
842 1465 1012 1549 sabbato
1044 1484 1222 1577 quatuor
1250 1482 1493 1577 temporum.
1521 1572 1523 1577 Α
1769 1474 1797 1489 ”

716 1608 835 1695 sigillet
857 1610 965 1690 botta,
986 1609 1077 1693 jemte
1099 1608 1158 1673 den
1180 1631 1219 1674 ur
1239 1610 1361 1675 brefvet
1382 1610 1503 1699 lllppte
1525 1632 1657 1706 resono.

191 2130 199 2143 ι
295 1982 462 2106 1524.
927 1979 931 1990 ’
1115 1976 1276 2122 1307.
1720 1970 1725 1979 ’
1790 2040 1794 2047 ·
1851 1976 2047 2087 Alrastra.

236 2259 240 2270 ,
368 2200 496 2261 Honora
515 2197 668 2261 Umaoas
688 2197 972 2263 Testamentarisla
994 2198 1168 2280 auordniug
1198 2220 1250 2261 om
1283 2198 1327 2261 aiu
1358 2197 1616 2284 qrerllteoslap,
1650 2198 1850 2283 brarigenorn
1886 2178 2049 2267 bredundi

415 2283 535 2345 Widbo
556 2282 653 2361 gilvcs
676 2282 723 2343 till
745 2283 888 2344 Alvastra
911 2282 1025 2345 kloster
1047 2282 1237 2363 ldreodrlig
1258 2282 1446 2363 sitiuntur,
1467 2284 1638 2367 peccingas·
1661 2282 1797 2347 tilldelat
1818 2283 1944 2367 kloster,
1961 2297 2049 2373 prester

415 2364 477 2427 ocb
499 2366 617 2447 lyrkor
638 2375 719 2427 tamt
739 2366 935 2448 lt'isegeudom
956 2366 1110 2429 auoffloat
1131 2366 1164 2429 tt
1184 2366 1310 2450 tjenare.
1833 2446 1899 2503 Μ

1899 2488 1907 2503 .
1924 2466 1947 2507 r.

394 2582 650 2663 JnNomine
677 2583 831 2664 domini
858 2587 998 2665 Amen.
1028 2584 1131 2665 Cum
1160 2581 1356 2665 naturalis
1384 2582 1547 2663 exaccio
1580 2578 1712 2692 debitj
1748 2586 1836 2665 sine
1863 2601 1966 2666 certo
1990 2584 2048 2666 titt

207 2694 212 2705 '
283 2723 353 2777 sue
381 2695 555 2774 termino
584 2694 626 2772 ia
655 2695 867 2802 pristinam
902 2695 1042 2803 apellit
1063 2696 1260 2802 originem
1303 2720 1632 2802 unumquemque
1675 2698 1952 2792 transmutari,
1986 2696 2047 2802 Ego

281 2809 505 2919 Hotncaus
548 2805 735 2886 Wurson
775 2820 948 2915 corpore
989 2805 1135 2887 debilia
1175 2806 1348 2887 racionis
1392 2832 1475 2885 mee
1505 2832 1587 2885 non
1616 2804 1825 2888 inualidus
1867 2804 2048 2887 secundun

281 2918 435 2999 monita
464 2917 678 2999 saluatoris
707 2918 837 2998 nostri
864 2914 1027 2999 decreui
1055 2919 1226 2998 terrenis
1255 2934 1296 2998 et
1323 2914 1567 3026 transitorijs
1596 2915 1715 2998 bonis
1734 2917 1896 3001 celestia
1923 2934 1961 2999 et
1984 2944 2048 3026 per·

280 3031 469 3111 henniter
502 3056 687 3110 mansura
716 3055 960 3138 comparare,
1005 3028 1184 3110 condens
1220 3043 1501 3110 testamentum
1540 3053 1669 3108 meum
1700 3032 1742 3110 iu
1771 3029 1882 3112 hunc
1909 3027 2048 3110 modun.

280 3138 502 3250 inprimis
530 3141 694 3222 ecclesie
722 3156 859 3221 sancte
886 3140 1012 3222 Marie
1041 3143 1084 3222 in
1112 3140 1330 3222 aluastrum
1360 3138 1430 3220 vbi
1459 3139 1537 3221 deo
1566 3140 1792 3250 inspirante
1829 3143 1872 3222 in
1900 3142 2050 3222 extremis

128 3320 131 3329 ,
253 3280 379 3335 iners
408 3255 447 3331 in
482 3253 687 3360 presencia
715 3252 936 3360 predilecte
964 3254 1102 3334 uxoris
1132 3280 1216 3332 mee
1247 3251 1476 3362 Jngigerdis
1510 3279 1633 3362 quam
1662 3279 1784 3360 spero
1815 3269 1908 3334 vota
1934 3269 1971 3333 et
1999 3277 2050 3330 uo

282 3365 480 3444 luntatem
508 3389 633 3441 meam
664 3390 737 3470 pre
765 3365 922 3442 cunctis
952 3363 1191 3444 mortalibus
1221 3362 1322 3443 velle
1351 3361 1550 3444 deducere
1579 3361 1837 3444 adelfectum
1867 3382 1907 3444 et
1932 3365 2049 3468 inprc

280 3476 414 3555 'sencia
443 3473 662 3553 multorum
690 3475 852 3554 testium
881 3473 959 3554 lide
988 3472 1206 3579 dignorum
1234 3475 1340 3554 circa
1369 3489 1559 3554 metune
1599 3476 1796 3581 temporis
1825 3474 2049 3556 existentium

224 3650 229 3661 .
280 3587 416 3666 locum
447 3583 553 3691 elegi
579 3583 787 3692 sepulture
815 3585 977 3664 Curiam
1015 3611 1145 3666 meam
1187 3583 1514 3664 bredbaestadher
1543 3585 1585 3664 in
1622 3584 1746 3667 vidbo
1775 3588 1959 3668 situatam
1984 3607 2051 3664 cuu

280 3693 522 3776 molendinis
548 3695 717 3777 coloniis
746 3697 852 3804 agris
885 3698 1011 3804 pratis
1039 3695 1197 3804 pascuis
1225 3712 1267 3776 et
1290 3695 1473 3804 piscarijs
1487 3695 1719 3776 nemoribus
1747 3725 1798 3779 ac
1827 3690 2052 3808 pertinenciis

280 3803 554 3890 ceteris'infra
580 3834 696 3916 sepes
724 3824 765 3887 et
788 3823 900 3889 extra
930 3805 1100 3890 consero
1129 3810 1291 3890 nomine
1312 3809 1540 3888 testamenti
1568 3835 1688 3918 quam
1717 3810 1872 3901 curiam
1890 3805 2051 3918 prelibatt

177 3912 181 3923 “
280 3919 470 4025 consorti⁴
488 3944 574 3998 mee
603 3917 821 4026 predilecte
850 3919 893 3999 in
921 3921 1100 4000 crastino
1136 3922 1378 4028 nupciarum
1407 3927 1638 4000 nostrarum
1674 3919 1789 4029 quod
1818 3918 1962 4001 dicitur
1988 3939 2050 3995 mo·

279 4028 445 4139 rougief
468 4030 668 4136 assignaui
698 4029 788 4112 loco
816 4031 941 4138 ipsius
969 4031 1081 4111 curie
1110 4047 1150 4110 et
1176 4031 1267 4114 loco
1296 4028 1530 4139 prediorum
1560 4033 1783 4139 empcionis
1798 4031 1919 4112 titulo
1943 4025 2051 4136 acqui·

279 4143 450 4224 sitorum
471 4143 604 4232 curias
633 4167 739 4222 meas
767 4141 1029 4250 kyningsrum
1058 4157 1100 4221 et
1129 4140 1346 4236 naruarhd.
1367 4142 1444 4222 sibi
1470 4139 1641 4222 vendico
1669 4141 1813 4228 eodem
1844 4143 1927 4222 iure
1952 4135 2050 4248 possi·

141 4325 164 4370 ι,
280 4251 444 4347 dendas,
470 4251 549 4333 hoo
577 4252 715 4332 voleus
741 4251 855 4363 quod
882 4253 1114 4334 incrastino
1131 4253 1164 4366 *)
1194 4271 1285 4363 post
1313 4249 1557 4333 dominicam
1585 4251 1628 4332 in
1656 4252 1960 4334 albismemoria
1986 4271 2050 4354 met

279 4390 544 4475 meorumque
575 4365 900 4474 propinquorum
928 4393 953 4443 a
980 4366 1319 4446 conuentualibus
1339 4364 1462 4445 solem
1496 4365 1600 4444 aiter
1614 4363 1846 4446 celebretur
1874 4380 1914 4446 et
1937 4355 2050 4442 eodem

280 4491 463 4584 tempore
477 4476 699 4556 conuentui
714 4491 754 4556 et
769 4474 939 4564 XXlll'I.
971 4478 1219 4584 pauperibus
1236 4504 1311 4586 per
1329 4393 1632 4584 prouidbnciam
1647 4473 1803 4559 domini
1826 4473 1975 4557 abbatis
1986 4464 2049 4548 sul·

148 4688 152 4696 Ι
279 4585 458 4666 liciencia
476 4588 694 4668 necessaria
710 4586 1007 4685 ministrentur,
1035 4590 1138 4668 Jtem
1156 4585 1346 4670 fratribus
1363 4587 1584 4670 minoribus
1598 4585 1786 4697 lincopie.
1813 4585 1941 4668 XXX.
1966 4581 2048 4662 llar-

280 4696 377 4809 chas
391 4694 647 4779 denariorum
676 4699 826 4779 usualis
846 4714 1005 4817 monete
1026 4698 1080 4780 do
1096 4715 1136 4780 et
1152 4698 1255 4810 lego,
1272 4701 1305 4778 -J
1308 4714 1387 4781 tem
1402 4714 1447 4778 ut
1462 4697 1735 4807 multiplicatis
1750 4689 2048 4783 intercessoribus

321 4961 347 5034 ·)
371 4956 433 5020 lltr
453 4962 487 5018 tr
507 4977 546 5019 eu
569 4958 659 5022 leeuo
680 4957 690 5018 i
713 4957 850 5037 bretret,
870 4954 972 5022 elium
992 4957 1068 5020 iotet
1090 4956 1148 5020 ord
1169 4975 1258 5042 syces
1277 4956 1370 5020 saties
1390 4957 1401 5022 i
1421 4955 1594 5040 meningen.
