4317 5975
814 453 871 476 ...
924 485 927 492 ,
981 409 1062 514 533
1172 388 1350 481 ..,’.

119 655 218 738 poro
248 627 290 708 B.
320 627 428 709 Petri
455 643 660 737 sumptum
686 625 943 737 perdilectus
968 628 1073 714 filios
1103 647 1261 714 nostrus
1290 625 1577 738 Landulpbum
1595 628 1732 712 Sancti
1760 634 1917 742 Angeli,
1966 611 1980 640 ²
2022 617 2033 640 ”

38 816 42 825 .
115 739 362 824 Guilelmum
393 739 432 818 S.
462 739 619 820 Nicolai
649 741 690 818 in
718 741 891 822 Carcere
929 739 1176 824 'fullienensi
1205 760 1246 824 et
1274 743 1426 822 Lucam
1456 740 1495 821 S.
1526 741 1663 824 Marte*
1679 741 1721 823 in
1757 746 1916 826 Vialata

117 853 320 933 Diaconos
348 849 583 945 Cardipales
610 850 686 930 tibi
718 849 884 933 lecimus
900 854 1112 959 assignari,
1143 855 1287 936 utillo
1317 855 1423 934 intra
1453 852 1670 934 Ecclesiam
1700 870 1810 936 tuam
1839 857 1917 938 illis
2075 933 2081 954 ,

116 961 260 1046 diebus
289 961 499 1044 dumtaxat
528 962 675 1057 utaris,
716 966 790 1073 qui
817 968 993 1074 expressi
1023 967 1066 1044 iu
1096 966 1220 1074 ipsius
1251 963 1425 1046 Ecclesie
1462 964 1681 1074 privilegiis
1708 972 1918 1052 contineo·
2004 1047 2011 1061 ,
2096 994 2099 1004 ’

17 1168 22 1177 ¹
96 1092 197 1157 ·tur.
229 1079 284 1156 Vt
298 1076 421 1180 igitur
448 1076 608 1183 signum
626 1097 709 1154 uon
738 1075 938 1186 discrepet
966 1103 988 1156 a
1018 1078 1264 1184 signato&c.
1295 1077 1439 1158 Datum
1464 1077 1635 1158 Pictavis
1665 1075 1805 1162 Idibus
1820 1081 1917 1160 Julii

116 1193 238 1268 Anno
266 1185 418 1268 Tertio.

129 1575 294 1684 1586.
762 1577 911 1684 1308
957 1579 1005 1684 d.
1046 1537 1128 1686 ¹23
1173 1579 1285 1685 Juli.
1719 1583 1924 1731 Upsala,

35 1878 39 1886 Ι
202 1801 409 1884 Domprosteu
432 1800 597 1862 banacas's
618 1797 626 1858 i
648 1796 765 1882 Upsala
787 1798 957 1880 glivobrcl
964 1797 1010 1861 till
1023 1799 1348 1864 Predilarebrb'derua
1371 1801 1378 1862 i
1402 1799 1530 1881 sagum
1554 1801 1594 1888 pt
1616 1775 1662 1864 ett
1680 1801 1786 1886 stycle
1808 1801 1917 1864 tilliil-
1952 1863 1956 1880 ,
2079 1853 2087 1872 ,
2124 1839 2127 1850 ·

179 1916 184 1920 ·
253 1885 326 2028 uirig
349 1881 396 2024 ti‘lil
419 1879 579 2027 den’lo'tdt
600 1883 610 1942 i
631 1879 767 1966 [ipsulm
789 1879 868 1953 midt
889 1894 973 1946 emot
995 1885 1216 1966 Domlyrlau,
1238 1903 1302 1947 som
1318 1883 1563 1967 FruRaugbid,
1585 1885 1785 1968 Lagmauueu
1809 1883 1916 1947 lsraels

251 1987 289 2029 eli
312 1987 348 2042 8,
391 1984 440 2026 em
461 1983 492 2046 81
508 1985 537 2026 tt
1662 2047 1780 2106 *3⁸⁸¹

226 2183 429 2263 Omnibus
457 2199 661 2292 presentes
691 2181 845 2264 litteras
875 2183 1138 2296 inspecturis,
1168 2189 1369 2279 Annaeus,
1389 2187 1618 2294 prepositus
1647 2183 1813 2266 ecclesie
1841 2213 1915 2292 vp-

116 2293 312 2404 salensis,
335 2293 510 2374 Salutem
549 2296 591 2374 iu
631 2292 795 2373 domino
836 2297 1141 2400 sempiternam,
1183 2295 1286 2378 Cum
1317 2295 1475 2377 Nobilis
1503 2312 1545 2377 et
1574 2295 1722 2376 deuota
1753 2295 1913 2389 mulier,

116 2405 289 2487 Domina
319 2405 570 2512 Rangl'ridis,
598 2403 752 2485 Relicta
781 2402 936 2512 domiuj
964 2408 1114 2491 israelis
1144 2407 1321 2518 legilerj,
1364 2407 1574 2516 Religiosis
1603 2407 1719 2506 viris,
1761 2403 1915 2487 llratri·

117 2517 194 2597 bus
223 2513 547 2626 predicatoribus
575 2517 762 2612 sictonie,
792 2518 835 2597 in
864 2515 992 2599 fundo
1021 2521 1151 2617 curie,
1177 2547 1298 2630 quam
1328 2519 1477 2630 vpsalie
1505 2519 1619 2626 juxta
1649 2544 1836 2628 ampnem
1865 2525 1926 2599 ex'

115 2631 308 2738 opposito
341 2627 511 2710 ecclesie
534 2627 650 2710 bcate
679 2627 804 2710 blarie
832 2627 1028 2738 possedit,
1065 2657 1198 2714 aream
1235 2657 1312 2742 pro
1347 2629 1469 2711 donao
1509 2653 1609 2726 vna,
1652 2629 1718 2709 lon
1749 2629 1915 2712 itudinis

149 2737 423 2820 uatuordecim
453 2739 659 2836 duarum,
679 2843 683 2848 ι
701 2756 741 2820 et
769 2738 905 2821 decem
934 2739 1119 2846 ulnarum
1163 2737 1387 2826 latitudinis
1435 2739 1670 2838 contulerit,
1714 2659 1802 2850 {go
1844 2767 1917 2819 an-

116 2769 235 2932 dreas
263 2855 492 2961 prepositus
520 2850 739 2961 upsalensis
766 2847 967 2934 dictorum
1010 2853 1179 2935 fratrum
1217 2851 1458 2936 utilitatibus
1485 2868 1527 2932 et
1554 2849 1752 2959 solacionj
1780 2852 1916 2934 fauere

117 2962 293 3043 libenter
327 2961 563 3071 juteudeus‚
599 2957 861 3073 superaddidj
888 2959 1008 3049 dictis
1035 2963 1231 3049 fratribus
1259 2965 1300 3047 in
1328 2961 1467 3047 eadem
1495 2991 1588 3045 area
1614 2990 1686 3044 sex
1725 2963 1840 3047 ulnas
1874 2965 1918 3045 in

118 3072 388 3183 lungitudine,
416 3090 459 3157 et
486 3092 665 3185 quatuor
693 3076 734 3155 in
765 3074 998 3172 latitudine,
1027 3076 1097 3185 jta,
1123 3075 1236 3191 quod
1265 3076 1389 3161 libere
1417 3102 1577 3161 exnunc
1613 3074 1761 3157 ibidem
1793 3078 1917 3187 possi·
1991 3178 1993 3183 ,

117 3186 241 3268 deant
268 3214 400 3266 aream
439 3185 704 3294 longitudinis
747 3187 892 3295 rigintj
935 3186 1143 3287 vlnerum,
1185 3204 1227 3270 et
1255 3186 1479 3269 latitudinis
1507 3186 1835 3299 quatuordecim,
1865 3186 1917 3266 ad

118 3298 451 3393 inhabitandum,
479 3317 520 3379 ct
557 3294 824 3397 edificandum
854 3313 979 3406 prout
1015 3300 1141 3407 ipsam
1185 3326 1294 3381 nunc
1322 3297 1635 3407 juchoauerant,
1664 3324 1740 3408 pro
1769 3325 1840 3378 sue
1870 3298 1922 3378 li·-
2073 3398 2075 3407 Ι

119 3411 218 3516 ὴὶῑοί
236 3410 474 3505 voluntatis,
502 3410 559 3517 jta
588 3406 701 3520 quod
722 3408 877 3520 absque
899 3414 1184 3519 vssurpacione
1213 3411 1419 3520 amplioris
1448 3410 1504 3491 ibi
1533 3408 1678 3518 spacij,
1708 3409 1840 3490 locum
1857 3412 1919 3491 in·
2062 3504 2066 3511 ,

118 3521 303 3601 habitent
333 3538 616 3618 memoratum,
643 3521 710 3606 sed
741 3536 782 3601 et
810 3520 932 3602 nichil
977 3520 1053 3603 sibi
1089 3525 1251 3606 cacione
1294 3522 1414 3627 huius
1442 3547 1534 3603 aree
1574 3518 1675 3629 juris
1697 3518 1919 3603 'vendicent

58 3696 62 3703 .
119 3659 257 3712 versus
286 3660 492 3741 ampnem,
520 3660 592 3714 seu
621 3632 662 3711 in
691 3635 780 3741 ipso
806 3658 973 3741 empne,
1003 3632 1056 3714 Et
1086 3635 1257 3751 plateam
1283 3659 1534 3719 communem
1554 3630 1774 3713 secundum
1788 3660 1919 3745 quan·
2009 3630 2016 3640 “
2050 3716 2054 3725 ,

118 3744 244 3823 titatis
272 3772 361 3824 aree
389 3770 460 3825 sue
488 3745 735 3851 enigenciam
766 3760 909 3851 parent
937 3760 978 3823 et
1006 3758 1192 3840 teneant,
1221 3759 1343 3854 prout
1374 3744 1504 3851 platea
1533 3742 1723 3848 contigua
1752 3744 1804 3823 ab
1834 3744 1920 3823 aliis

117 3858 224 3936 circa
255 3854 534 3935 babitantibus
577 3868 744 3961 paratur
782 3869 827 3935 et
854 3870 1035 3949 tenetur,
1075 3856 1126 3933 Jn
1169 3858 1285 3936 cuius
1327 3854 1388 3961 rej
1430 3852 1702 3933 testimouium
1743 3853 1919 3960 sigillum

120 3992 250 4047 mcum
281 3964 536 4075 presentibus
564 3980 625 4046 cst
653 3990 876 4081 appensum
911 3978 952 4043 et
978 3963 1109 4073 sigilla
1154 3962 1486 4055 Reuerendorum
1528 3964 1708 4045 virorum
1736 3958 1919 4045 domino·
2004 4026 2008 4037 .

119 4106 231 4172 rum,
260 4075 475 4184 Laurencij
504 4074 663 4184 decauj‚
682 4073 824 4183 ‘elyarjss
852 4072 1016 4158 Matbie.
1059 4074 1217 4160 Nicolai
1245 4074 1382 4183 Marcj.
1413 4092 1453 4157 et
1476 4072 1677 4184 johannis
1706 4077 1921 4177 canonico·

119 4219 211 4271 rum
254 4187 420 4271 ecclesie
461 4187 682 4296 upsalensis
723 4187 878 4295 apponi
920 4202 1016 4295 peto
1043 4186 1095 4267 ad
1125 4186 1373 4270 euidcnciam
1420 4184 1662 4296 pleniorem,
1707 4188 1852 4267 Actum
1881 4204 1921 4267 et

120 4306 267 4383 Datum
297 4297 460 4409 vpsalie.
488 4326 595 4381 anno
623 4297 779 4406 dominj
807 4298 880 4379 Ma
910 4297 1044 4381 CCC&
1074 4298 1205 4379 Vlll’.
1234 4298 1281 4409 ju
1314 4298 1489 4383 crastino
1512 4296 1627 4379 beate
1657 4296 1780 4377 Maris
1809 4296 1919 4405 Mag·

119 4412 274 4498 daleue.
956 4431 963 4446 ‘
2007 4430 2016 4449 ·

632 4513 894 4603 refrenatam
914 4516 954 4581 de
975 4516 1115 4604 hospicio
1137 4518 1269 4581 fratrum
1292 4494 1414 4603 rpsalie.

555 4634 691 4722 Sigillcu⁸
705 4635 765 4701 Nau
790 4636 869 4701 t-3
890 4634 1089 4735 bortlslln03¹
1104 4638 1164 4710 Nau
1185 4636 1205 4719 4
1225 4634 1285 4700 orb
1307 4634 1327 4697 5
1348 4634 1491 4699 sladade.

259 5004 305 5058 Sv.
324 5007 442 5078 Dr'plom.
461 5006 501 5059 ΙΙ.
