4317 5975
792 342 858 373 ·....
967 301 1188 416 59--

118 528 180 610 hoc
205 550 309 604 anno
338 524 438 605 tales
467 523 621 607 litteras
648 554 732 608 non
760 526 927 625 habens,
955 527 1073 610 fidem
1103 528 1224 610 fa'ciat
1250 556 1374 639 super
1401 529 1500 625 boc,
1535 528 1763 637 juramento
1792 532 1895 616 fide·
1983 535 1987 541 ’

117 641 193 720 lium
219 642 258 717 8(
286 634 602 747 lidedignor'um‚
642 663 748 750 quos
782 636 833 718 de
862 638 1029 749 prefatis
1068 641 1313 722 Ciuitatibus
1354 642 1554 723 veraciter
1598 641 1757 723 constat
1798 672 1893 729 esse.
1982 713 1990 738 ,,

115 742 348 831 llatifieamua
376 752 495 831 etiam
531 766 673 830 tenore
710 752 976 861 presentium,
1014 756 1053 831 8(
1091 753 1372 843 confirmamus
1411 754 1573 833 nomine
1608 752 1893 862 procuratorio

106 860 392 973 placitationem
423 890 494 970 per
521 862 703 943 inclitum
745 863 972 971 Principem
1009 865 1226 944 Dominum
1261 863 1452 971 Magnum
1485 864 1636 971 Regem
1673 865 1896 949 Succorum

114 973 283 1055 illustrem
313 973 422 1052 inter
451 976 707 1055 Normannos
735 978 776 1053 8(
804 972 1005 1083 predictas
1034 976 1231 1056 Ciuitates
1258 973 1369 1085 apud
1395 974 1635 1056 Calmariam
1670 975 1896 1061 ordinatam
1935 978 1938 981 ⁴
2009 1001 2014 1009 ⁴

113 1085 233 1165 &alia
253 1083 411 1191 singula
439 1112 522 1195 que
547 1114 599 1166 werr
630 1103 743 1195 parte
771 1084 871 1167 dicti
900 1085 1054 1168 domini
1082 1088 1204 1195 Regis
1233 1087 1451 1196 Norwegie
1478 1085 1615 1166 fratris
1644 1091 1773 1169 nostri
1801 1118 1896 1173 cum

112 1194 302 1308 prelibatis
345 1196 590 1279 Ciuitatibus
619 1203 660 1277 8(
688 1225 824 1278 earum
869 1199 1205 1306 procuratoribus
1245 1224 1376 1307 usque
1418 1201 1461 1278 in
1503 1195 1744 1279 hodiernum
1787 1200 1896 1285 diem

67 1390 70 1395 ,
110 1308 278 1417 placitata
324 1304 490 1387 luerunt
518 1315 559 1389 8(
576 1306 785 1393 condicta.
856 1308 903 1389 In
946 1312 1061 1391 cuius
1104 1314 1163 1392 rei
1204 1312 1475 1390 testimonium
1518 1308 1647 1419 sigilla
1690 1309 1895 1395 dictorum
1955 1352 1959 1357 ·

110 1419 244 1499 comitis
273 1423 315 1498 8(
343 1417 512 1500 Baronis
542 1449 714 1502 unacum
744 1437 884 1501 nostro
915 1422 1172 1533 presentibus
1206 1420 1396 1504 duximus
1429 1412 1688 1529 opponenda.
1746 1426 1893 1504 Actum

110 1526 294 1609 &datum
325 1534 447 1613 Anno
474 1529 540 1611 die
568 1538 608 1613 8(
647 1532 738 1613 loco
780 1537 1065 1648 suprascriptis
1110 1533 1244 1615 multis
1288 1532 1544 1641 presentibus
1585 1532 1754 1613 testibus
1795 1532 1892 1617 lide·

109 1638 229 1751 agnis.

113 2186 221 2331 975.
336 2200 364 2311 J
710 2184 956 2293 12882d.
1011 2226 1073 2293 rr
1125 2167 1265 2334 Sept
1576 2186 1892 2297 Stoclrbolrn.
1963 2316 1966 2322 ¹

139 2424 142 2430 ·
173 2382 305 2485 Kooung
328 2404 458 2467 Macros
479 2404 518 2467 lte
539 2400 719 2471 Gilrobrei
731 2408 774 2491 pt
794 2408 870 2490 gods
890 2408 937 2471 till
959 2407 1006 2470 St.
1025 2407 1125 2471 Clare
1146 2406 1273 2470 illuster
1295 2410 1306 2471 i
1327 2406 1521 2471 Sto'cllrolm.

385 2556 394 2561 .
959 2530 962 2537 ’
1558 2522 1594 2577 Α.
1611 2522 1637 2577 3.
1652 2523 1674 2577 i.
1693 2541 1715 2577 r.
1734 2525 1757 2579 8.

197 2654 374 2736 Maurius
389 2654 465 2735 Dei
480 2657 610 2763 gratia
626 2653 836 2735 Sweorum
853 2655 1165 2766 Gothorumque
1180 2655 1267 2737 Rex
1282 2654 1485 2737 Omnibus
1507 2683 1673 2765 presens
1693 2659 1890 2769 scriptum

110 2768 358 2863 cernentibus,
374 2764 562 2862 Salutem,
577 2770 618 2847 8(
633 2764 741 2846 infra
757 2767 898 2874 scripti
920 2767 1075 2874 negotij
1101 2778 1335 2874 perpetuam
1354 2770 1599 2847 memoriam.
1628 2768 1890 2851 Sacrosancta
1916 2775 1919 2785 “

110 2894 216 2959 maten
239 2878 410 2960 ecclesia
440 2904 516 2988 per
543 2877 657 2959 illum
685 2903 844 2957 sumens
871 2876 1085 2975 exordium
1112 2880 1185 2987 qui
1214 2905 1256 2956 se
1282 2877 1473 2958 colonum
1501 2877 1686 2959 futurum
1715 2880 1758 2959 in
1774 2909 1892 2961 mun·
2018 2907 2022 2915 ’

110 2984 187 3071 dum
230 2990 522 3099 repromiserat
564 2987 685 3072 velud
729 3015 905 3069 vernans
948 2986 1132 3097 plantula
1173 2988 1227 3068 ab
1276 2989 1358 3066 imo
1407 3003 1484 3097 pro
1534 2986 1671 3070 ediens
1720 2990 1774 3071 ad
1822 3019 1893 3072 su·

109 3104 302 3209 prema‚sic
330 3129 404 3212 per
430 3103 493 3182 sui
524 3101 690 3184 cultoris
718 3127 836 3211 opern
865 3101 958 3184 &o
1012 3125 1096 3178 ram
1124 3125 1216 3180 suas
1244 3095 1399 3178 radices
1426 3017 1567 3180 dedite
1602 3101 1644 3180 in
1681 3101 1810 3181 altum
1844 3117 1890 3184 vt

108 3238 216 3294 ramos
243 3239 341 3296 suos
370 3210 422 3293 ad
451 3212 564 3294 orbis
591 3229 767 3294 extrema
798 3126 1060 3320 praemiii&
1086 3215 1128 3290 8(
1156 3237 1349 3290 cacumen
1378 3211 1504 3320 ipsius
1537 3209 1644 3293 celos
1678 3214 1783 3292 sicut
1811 3211 1890 3294 lide

107 3337 266 3406 tenennrs
296 3350 380 3404 non
408 3320 533 3406 dubia
561 3339 800 3433 penetraret.
831 3323 915 3404 Nos
958 3322 1082 3431 igitur
1123 3322 1200 3403 sub
1245 3319 1387 3400 umbra
1429 3322 1551 3402 huius
1596 3325 1753 3406 arboris
1794 3351 1889 3406 curn

108 3438 226 3518 ceteris
240 3437 475 3518 christianis
491 3438 687 3545 presentis
702 3437 789 3516 vite
803 3450 1003 3516 sumentes
1022 3433 1151 3539 igitur
1172 3434 1328 3528 iniium‚
1355 3432 1447 3513 licet
1469 3448 1562 3542 post
1584 3434 1747 3515 modum
1766 3434 1890 3518 moles

107 3573 184 3628 cure
208 3546 354 3658 populi
382 3539 503 3628 nobis
531 3545 684 3628 crediti.
713 3562 857 3655 vtpote
885 3547 943 3626 rei
973 3543 1137 3652 puplice
1167 3545 1442 3651 multipliciter
1471 3570 1545 3624 nos
1574 3543 1765 3642 retardet,
1794 3574 1889 3628 auc·

108 3672 176 3738 tore
189 3678 326 3754 tamen
338 3657 507 3739 domino
525 3657 775 3755 affectamus,
791 3674 837 3738 vt
851 3683 1062 3766 possumus
1078 3655 1131 3736 ab
1146 3656 1236 3736 imis
1250 3655 1441 3736 deuenire
1456 3652 1506 3734 ad
1521 3653 1649 3736 media
1665 3671 1709 3738 vt
1725 3656 1888 3738 tandem
1966 3704 1968 3707 v
2034 3687 2037 3690 ·

145 3767 362 3852 rfaondes
404 3797 574 3879 operum
617 3765 889 3851 misericordie
926 3769 1162 3877 pertingere
1202 3767 1399 3876 possimus
1440 3793 1532 3846 curn
1576 3770 1718 3848 ceteris
1759 3767 1895 3849 fideti--

105 3795 166 3960 lis
190 3881 324 3992 ipsius
346 3879 609 3988 perhenniter
636 3878 688 3962 ad
712 3908 940 3989 supprema.
971 3878 1074 3958 Sane
1109 3906 1199 3958 cum
1238 3905 1311 3957 nos
1348 3877 1416 3956 illo
1459 3875 1703 3986 prouidente
1743 3880 1887 3988 quiin

104 3997 153 4073 m·
176 3991 444 4103 disposicione
472 4021 554 4074 non
584 3991 740 4074 fallitur
767 3992 816 4071 ad
846 3995 931 4072 eius
968 3991 1122 4071 cultum
1158 3986 1431 4096 ampliandum
1471 3990 1738 4097 inceperimus
1774 3988 1887 4098 apud

105 4120 258 4186 castrum
291 4119 478 4190 nostrum
516 4103 726 4185 Stokbolm
768 4095 955 4183 edificare
999 4101 1285 4181 monasterium
1325 4125 1511 4205 sororum
1553 4099 1706 4181 ordinis
1750 4103 1886 4182 sancte
1944 4180 1956 4190 ,

104 4211 205 4296 illane
218 4216 410 4326 virginis,
424 4218 529 4296 sicut
543 4218 619 4295 iarn
636 4215 856 4296 multorum
884 4227 996 4321 patet
1023 4212 1191 4302 noticie,
1215 4209 1267 4296 ad
1289 4207 1353 4290 dei
1375 4213 1664 4319 omnipotentis
1688 4212 1885 4293 bonorem

103 4351 140 4406 tc
157 4328 331 4438 gloriose
351 4328 521 4436 virginis
543 4326 682 4407 Martie.
706 4324 844 4406 Sancti
865 4325 1083 4422 Francisci.
1109 4322 1162 4400 lit
1186 4321 1332 4402 Sancte
1356 4321 1472 4402 Clare
1486 4323 1651 4428 virginis
1669 4339 1885 4416 memorate

104 4437 361 4549 Omniumque
381 4454 613 4521 sanctorum
645 4441 930 4518 monasterium
959 4436 1111 4543 ipsum,
1140 4439 1180 4513 8(
1209 4433 1342 4512 locum
1380 4462 1455 4541 pro
1490 4437 1592 4528 suis,
1626 4440 1666 4514 8(
1694 4460 1885 4541 persona·

102 4573 174 4630 mm
201 4549 459 4659 indigenciis,
517 4577 568 4630 ue
596 4547 699 4632 inibi
734 4572 810 4657 pro
850 4564 1033 4654 tempore
1074 4542 1224 4625 diuinis
1270 4544 1422 4625 fuerint
1455 4545 1634 4626 seruiciis
1662 4545 1888 4654 mancipate

105 4655 274 4743 dotamus
303 4662 423 4742 bonis
451 4577 733 4770 inlrascriptis‚
761 4657 972 4752 videlicet,
1001 4655 1222 4756 Sni'terstae
1250 4684 1342 4737 cum
1378 4655 1549 4764 colonijs
1583 4657 1625 4736 in
1663 4654 1812 4755 wilrbir-
1845 4659 1887 4737 8(

104 4769 229 4875 fflribi
258 4773 319 4860 ibi
356 4769 651 4868 adiacentibus,
680 4775 720 4854 8(
747 4762 841 4852 cum
869 4768 1057 4854 omnibus
1085 4760 1312 4848 attinenciis
1338 4772 1432 4864 suis,
1461 4770 1565 4848 sicut
1593 4767 1806 4849 babuimus
1834 4765 1886 4846 de

103 4877 253 5000 domino
269 4885 410 4972 karolo
438 4885 705 4972 lisbiorusun.
732 4885 837 4966 Jtem
865 4879 1158 4968 iuboltoltum
1186 4893 1338 4990 septem
1367 4905 1459 4961 oras
1492 4895 1619 4979 terre,
1647 4885 1688 4961 8(
1716 4900 1886 4985 paruam
