4317 5975
830 391 941 463 ...A
998 395 1102 506 593.
1187 365 1246 464 ζ.

99 612 397 728 quinquaginta
424 612 620 697 librarum
648 612 946 696 Turonensium
962 629 1185 725 parvorum
1198 611 1375 700 valorem
1389 642 1568 698 annuum
1584 643 1667 698 nou
1683 615 1903 718 excedant,¹

101 727 154 810 ad
187 727 465 830 collationem,
494 727 784 835 provisionem,
811 731 895 806 seu‘
911 726 1204 810 ordinationem
1234 727 1488 810 Venerabilis
1516 726 1669 809 Fratris
1690 732 1818 812 nostri

99 840 293 948 Episcopi
334 837 640 947 Strengenensis
683 839 909 945 pertinens,
952 840 987 918 si
1025 841 1067 920 in
1111 842 1283 922 Civitate
1325 839 1389 920 vel
1431 839 1590 920 Diocesi
1622 838 1921 946 Strenginensiv

25 989 35 1002 ·
99 968 217 1032 vacat
244 951 294 1030 ad
323 976 507 1056 presens,
536 977 629 1028 cum
656 948 844 1028 omnihus
871 949 1050 1055 juribus,
1087 968 1128 1031 et
1157 953 1414 1058 pertinentiis
1449 952 1534 1031 suis
1573 951 1795 1058 apostolica
1824 951 1903 1035 tibi

99 1062 343 1143 auctoritate
370 1059 631 1172 conferimus,
660 1075 701 1138 et
729 1057 781 1140 de
808 1059 880 1138 illo
917 1061 1036 1138 etiam
1079 1060 1339 1168 providimus.
1410 1060 1582 1144 sivero
1622 1061 1779 1142 nullum
1823 1060 1903 1146 tale

30 1231 37 1243 -
101 1173 338 1254 beneficium
367 1186 483 1251 vacat
511 1168 565 1250 ad
597 1196 761 1277 presens
790 1169 832 1249 in
861 1170 1034 1250 Civitate
1061 1189 1103 1250 et
1130 1171 1289 1252 Diocesi
1319 1170 1521 1280 predictis,
1549 1173 1634 1253 Nos
1658 1172 1901 1256 beneficium

99 1283 201 1364 inibi
233 1277 414 1390 proxime
443 1297 677 1362 vacaturum
707 1281 874 1362 similem
904 1309 1040 1362 curam
1066 1280 1238 1375 habens,
1254 1281 1366 1392 quod
1391 1284 1509 1362 etiarn
1525 1280 1575 1362 de
1596 1282 1687 1392 jure
1710 1282 1814 1364 nulli
1834 1285 1907 1366 alii

99 1393 298 1476 debeatur
324 1395 520 1501 cuiusque
549 1409 771 1500 proventus
800 1391 976 1472 valorem
1007 1419 1093 1472 nou
1120 1392 1319 1474 excedant
1354 1391 1581 1502 predictum
1617 1410 1804 1502 spectans
1848 1393 1901 1476 ad

98 1505 378 1598 collationem,
405 1531 477 1583 seu
496 1503 797 1611 provisionem,
834 1501 896 1582 vel
931 1501 1229 1585 ordinationem
1274 1504 1466 1613 Episcopi
1508 1508 1715 1585 memorati
1756 1503 1859 1588 conf
1879 1549 1900 1570 ·

98 1616 290 1712 rendum,
324 1616 398 1696 tibi
434 1641 526 1694 cum
568 1615 769 1694 vacaverit
809 1611 1020 1694 donationi
1063 1614 1284 1722 apostolice
1326 1635 1599 1710 reservamus,
1638 1613 1898 1699 decernentes

99 1735 172 1809 &c
201 1728 293 1808 Non
324 1724 512 1806 obstante
539 1728 613 1804 &a
642 1751 713 1804 seu
741 1726 776 1804 si
804 1727 915 1806 dieto
944 1726 1169 1832 Episcopo,
1212 1726 1275 1804 vel
1304 1723 1514 1835 aliquibus
1546 1724 1633 1804 aliis
1676 1729 1898 1808 communi·
1965 1781 1967 1789 ι

99 1854 184 1930 ter,
212 1837 277 1918 vel
300 1835 457 1916 divisim
486 1834 538 1915 ab
566 1833 705 1918 eadem
733 1837 786 1915 sit
815 1833 919 1917 Sede
961 1835 1165 1916 indultum
1208 1835 1322 1944 quod
1357 1836 1408 1916 ad
1450 1837 1725 1942 receptionem
1754 1842 1829 1918 &c
1857 1855 1900 1920 et
1998 1828 2004 1844 ¹

128 1949 280 2030 ualibet
310 1949 386 2027 alia
414 1945 521 2027 dicte
562 1944 672 2026 Sedis
715 1945 968 2054 indulgentia
1003 1951 1078 2027 &c
1121 1975 1193 2028 seu
1234 1947 1345 2056 quod
1380 1947 1422 2026 in
1464 1946 1642 2028 Ecclesia
1685 1946 1900 2054 Vpsalensi

97 1978 393 2141 &uonicatum
417 2074 458 2137 et
487 2055 758 2165 prebendam,
785 2059 851 2138 eui
880 2056 1044 2166 quidem
1070 2057 1277 2165 prehende
1300 2057 1477 2140 Ecclesia
1498 2055 1649 2138 Sancte
1664 2056 1901 2156 Trinitatis,

98 2187 138 2252 et
166 2170 321 2279 capella
351 2168 556 2274 Skutungi
585 2168 847 2275 parrochialis
875 2167 1106 2276 Vpsalensis
1136 2170 1316 2252 Diocesis
1342 2195 1497 2252 annexa
1519 2169 1699 2248 existunt
1722 2171 1902 2253 nosceris

98 2281 293 2364 obtinere.
350 2283 434 2361 Nos
462 2283 728 2362 enimtecuru
756 2279 870 2388 quod
897 2270 1129 2362 huiusmodi
1159 2281 1393 2362 beneficium
1431 2295 1645 2388 postquam
1677 2277 1779 2362 illud
1807 2280 1901 2364 tue·

97 2394 152 2474 ris
178 2411 382 2473 assecmus
411 2419 490 2470 una
519 2418 610 2470 cum
639 2392 891 2472 Canonicatu
920 2407 961 2470 et
990 2388 1216 2498 prebenda,
1238 2419 1285 2470 ac
1315 2391 1576 2487 Ecclesia,.et
1605 2388 1771 2498 Capella
1804 2419 1900 2500 par·

44 2499 47 2504 ’
98 2503 345 2586 rochialibus
373 2499 585 2584 antedictis
614 2501 740 2584 eidem
771 2497 996 2610 prebende,
1026 2520 1071 2582 ut
1099 2503 1347 2609 premittitur
1374 2501 1542 2582 annexis
1583 2501 1755 2582 retinere
1788 2501 1901 2584 licite

96 2614 247 2711 valeas,
274 2613 687 2722 generalis‘Concilii,
714 2630 756 2694 et
784 2613 861 2694 alia
893 2613 1037 2722 quavis
1075 2613 1378 2694 constitutione·
1399 2613 1604 2694 contraria
1639 2639 1899 2724 nequaquam

96 2726 352 2810 obstantibus
380 2727 620 2805 auctoritate
649 2724 832 2833 predicta
861 2723 912 2806 de
942 2723 1142 2805 uberioris
1171 2723 1280 2806 dono
1308 2724 1436 2832 gratie
1465 2722 1754 2832 dispensamus.
1797 2727 1898 2808 Pro·

94 2839 183 2918 viso
210 2836 322 2945 quod
350 2834 580 2916 huiusmodi
609 2834 846 2916 beneficium
876 2863 967 2914 curn
996 2833 1098 2916 illud
1128 2836 1370 2945 obtinueris,
1396 2863 1442 2916 ac
1458 2833 1685 2943 prebenda,
1706 2834 1898 2936 Ecclesia,
2008 2881 2009 2886 Ν

98 2964 139 3032 et
167 2947 329 3056 Capella
366 2945 635 3057 parrochiales
677 2944 858 3056 predicte
902 2943 1037 3029 debita
1073 2945 1267 3057 obsequia
1303 2973 1385 3028 non
1428 2943 1686 3043 fraudentur,
1727 2963 1768 3029 et
1809 2949 1897 3029 ani·
1977 2987 1980 3001 ·

94 3088 249 3143 marum
280 3087 378 3153 cura
406 3059 449 3140 in
478 3058 694 3155 beneficio,
722 3058 923 3154 Ecclesia,
951 3073 992 3137 et
1020 3057 1185 3165 Capella
1216 3057 1538 3168 parrochialibus
1567 3057 1758 3165 predictis
1788 3059 1892 3140 'nul-

96 3172 254 3254 latenus
281 3165 534 3277 negligatur]
551 3168 672 3250 Nulli.
691 3197 789 3277 ergo
816 3175 891 3250 &c
920 3170 1025 3249 hauc
1049 3171 1236 3277 paginam
1267 3188 1404 3257 nostre
1433 3168 1679 3265 collationis,
1695 3170 1895 3276 provisio-

96 3284 178 3380 nis,
200 3281 500 3378 reservationis,
524 3281 842 3377 constitutionis,
871 3295 911 3361 et
939 3278 1250 3387 dispensationis
1278 3288 1353 3362 &c
1382 3282 1528 3361 Datum
1563 3281 1606 3361 in
1628 3281 1814 3361 Prioratu
1844 3279 1894 3363 de
2034 3312 2039 3319 ·

56 3460 62 3470 ,
95 3392 308 3502 Grauscllo
336 3417 471 3501 prope*
490 3392 584 3475 Mat.
612 3392 876 3473 Vasionensis
899 3390 1077 3471 Diocesis
1104 3390 1143 3471 X
1172 3380 1265 3498 Kal.
1298 3390 1531 3475 Decembris
1566 3394 1687 3474 Auno
1710 3392 1880 3496 Quinto.

120 3584 133 3684 s
209 3605 257 3685 In
286 3601 423 3684 eodem
453 3600 614 3685 modo.
645 3659 656 3679 .
684 3660 696 3684 .
723 3603 935 3709 Preposito
974 3593 1181 3701 Arosiensi
1219 3619 1259 3683 et
1279 3602 1496 3707 ‘Magistris
1532 3590 1750 3683 Frederico
1789 3583 1925 3685 Cibo
1966 3587 1979 3657 Ῐ

95 3715 343 3798 Scholastico
371 3716 562 3795 lanuensi
591 3740 638 3794 ac
660 3712 850 3805 Redharo
879 3713 998 3793 Olavi
1029 3713 1234 3793 Canonico
1263 3715 1439 3795 eiusdem
1468 3715 1690 3795 Arosiensis
1715 3714 1894 3795 Ecclesia

96 3829 168 3939 qui
197 3826 325 3907 eidem
353 3824 508 3905 Thomc
537 3823 686 3905 dantur
714 3824 1030 3905 Conservatores
1053 3823 1191 3935 quoad
1207 3828 1492 3906 assecutionem
1510 3822 1893 3942 sepefatiberrefieii,

47 4166 50 4170 ¹
106 4170 275 4351 1645.
315 4294 318 4299 -
732 4214 875 4363 1309
921 4216 985 4323 d:
1021 4218 1094 4325 23
1141 4218 1269 4325 Nov.

176 4410 295 4473 Pdlven
316 4407 455 4471 cernas
476 4404 533 4470 Vas
554 4390 644 4468 su'tn
664 4387 714 4468 lill
735 4402 964 4490 hebebislopeu
985 4406 1047 4469 och
1071 4374 1287 4489 Domlapitlet
1308 4404 1317 4466 i
1338 4402 1467 4487 Upsalu,
1481 4402 1554 4466 med
1563 4402 1744 4488 hefallning,
1762 4416 1892 4471 attom·
1930 4362 1932 4366 v

216 4492 335 4566 besdrja
357 4490 409 4551 St·
423 4491 717 4572 Peterspcnningeus
750 4489 944 4552 indrifvaadc
974 4491 1033 4552 och
1056 4502 1102 4554 att
1125 4492 1265 4553 medlb'ra
1287 4489 1346 4551 deu
1369 4508 1486 4551 samma
1507 4490 1555 4551 till
1577 4490 1629 4553 det
1650 4488 1892 4555 semmanlralla·

216 4574 485 4657 dellyrkomiitet
506 4574 566 4637 och
587 4574 644 4637 der
664 4570 796 4635 allemna
818 4573 878 4635 den
901 4576 949 4636 till
969 4573 1089 4658 Ptfltga
1111 4575 1394 4657 Slcttlemmarcn.

1596 4652 1762 4727 Eud&

120 4738 126 4743 ¹
159 4837 164 4844 ,
203 4756 649 4867 ΟιεΜεΝεΕρίεοορυε
677 4785 818 4838 seruus
845 4784 1056 4872 seruorum
1092 4759 1157 4840 dei
1193 4756 1414 4838 venerabili
1448 4754 1568 4835 fratri
1600 4818 1610 4837 .
1640 4818 1650 4837 .
1680 4756 1892 4867 Archiepi-

93 4899 221 4981 scopo
250 4887 291 4952 et
319 4868 476 4951 dilectis
505 4870 595 4951 filiis
632 4868 822 4979 Capitulo
861 4868 1072 4978 vpsalensi.
1118 4868 1286 4952 salutern
1322 4886 1362 4949 et
1398 4868 1658 4977 apostolicam
1703 4866 1892 4951 henedic-

91 5021 374 5043 Μ

9 5072 13 5077 ’
135 5023 265 5160 ‘tillus
286 5100 323 5140 eu
346 5080 384 5142 al
398 5042 707 5166 delebiskopcnoch
728 5030 944 5165 Domlapitlet
963 5079 973 5141 i
994 5076 1113 5163 Upsale
1134 5078 1165 5144 d.
1188 5097 1223 5145 ιι
1249 5079 1327 5165 Apr.
1353 5078 1428 5143 1313
1452 5073 1624 5143 vidimcrad
1645 5074 1777 5145 asslrilt.
