4317 5975
966 418 1382 519 ..434-

279 660 323 725 et
351 640 462 751 pauli
491 642 785 749 inpignorasse,
812 636 885 719 tali
914 635 1068 720 adiecta
1099 638 1357 738 condicione,
1385 636 1497 750 quod
1525 641 1560 722 si
1587 639 1720 723 dictus
1740 648 1949 731 octonarius
1971 682 2024 763 per

279 782 343 835 me
371 762 555 862 tempore
582 765 796 861 prenotato
824 748 1024 830 resolutus
1051 750 1184 833 luerit.
1213 751 1311 832 mihi
1339 754 1516 863 meisque
1542 750 1759 833 heredibus
1789 754 1905 837 cedat.
1927 763 1954 841 si
1975 794 2027 847 au-

278 883 360 973 tem
391 864 592 945 resolutus
618 889 702 943 non
732 860 855 943 fuerit
889 877 1041 968 extunc
1087 861 1293 971 predictus
1333 864 1577 946 octonarius.
1621 863 1732 946 dicto
1758 864 1910 948 domino
1932 870 2027 958 linco·

279 978 396 1087 pensi
425 976 540 1057 cedat
568 992 766 1082 perpetuo
797 971 1074 1082 possidendus,
1104 976 1291 1056 Ceterum
1321 1004 1577 1085 recognosco.
1606 976 1759 1058 dictum
1776 977 2029 1069 dominumlin·

278 1114 489 1197 copensem
521 1114 643 1165 vnum
672 1084 883 1167 dimidium
913 1088 1167 1166 octonarium
1198 1087 1239 1167 in
1277 1084 1410 1197 ekeby
1455 1088 1567 1197 prius
1598 1116 1619 1168 a
1650 1116 1713 1168 me
1741 1087 1914 1172 habuisse
1937 1098 2029 1183 titulo

85 1198 90 1205 ’
205 1197 211 1202 ’
277 1200 516 1308 empcionis,
545 1196 652 1279 vnde
680 1197 776 1307 quia
803 1194 855 1276 ad
886 1224 1050 1306 presens
1079 1198 1252 1305 sigillum
1284 1201 1495 1308 proprium
1525 1224 1605 1281 nou
1628 1199 1763 1281 habui.
1792 1200 1947 1309 sigillum
1964 1238 2030 1315 pre-

260 1309 378 1392 dicti
407 1309 558 1389 domini
588 1307 852 1417 lincopensis,
881 1336 958 1387 vna
987 1337 1077 1389 cum
1102 1309 1243 1417 sigillis
1263 1305 1528 1391 discretorum
1545 1312 1737 1394 virorum.
1766 1310 1946 1398 videlicet.
1971 1322 2032 1403 Do·

278 1422 377 1503 mini
405 1420 568 1501 beronis
587 1421 783 1501 canonici.
811 1419 973 1501 Domini
1003 1418 1187 1501 thorlrilli
1219 1423 1414 1529 prepositi
1432 1421 1750 1519 ‹tenor-malam,
1779 1426 1928 1506 Domini
1956 1438 2032 1537 petri

204 1589 209 1596 -
277 1532 328 1615 de
357 1532 583 1637 fornusum,
612 1532 776 1613 Domini
804 1532 917 1624 dhini
946 1534 1079 1612 curati
1108 1530 1158 1614 de
1186 1531 1341 1639 husby,
1371 1532 1527 1616 haraldi
1550 1535 1786 1617 laureusson
1821 1541 2033 1645 presentibus

133 1647 138 1659 “
277 1658 376 1754 peto
404 1647 568 1753 apponi.
597 1644 746 1723 Datum
776 1641 1005 1736 normalpso
1034 1671 1144 1723 anno
1171 1642 1324 1726 domini
1353 1644 1438 1726 ‚Mt
1468 1645 1587 1731 CCC⁰
1620 1647 1742 1745 1111·,
1771 1665 1877 1728 sexta
1904 1648 1960 1731 die
1983 1683 2033 1735 na·

278 1757 448 1837 tiuitatis
477 1754 642 1864 dominj.
1880 1774 1882 1778 ’

435 1897 562 1980 Sigilleu
584 1898 644 1961 Nto
670 1918 679 1959 r
706 1896 767 1960 och
786 1896 808 1960 6
828 1897 1014 1976 bortlallna3
1042 1916 1061 1959 a
1083 1894 1143 1959 ocb
1166 1897 1185 1959 3
1206 1896 1357 1980 rhadad03
1378 1900 1399 1979 4
1418 1899 1478 1963 och
1499 1898 1520 1962 5
1541 1899 1753 1987 lullstfindiga,
1774 1900 1918 1985 andeliga.
1939 1966 1943 1974 ,

236 2306 241 2310 .
287 2353 458 2477 1452.
680 2302 684 2307 -
943 2345 1091 2454 1305
1138 2347 1186 2453 d.
1234 2351 1265 2453 5
1312 2348 1420 2454 lan.
1466 2384 1483 2463 j
1886 2348 2037 2455 Leclttl.

362 2570 489 2631 Tuom
511 2569 693 2633 Parnassum
715 2569 975 2631 testamentarius
1007 2568 1177 2651 anordning
1199 2570 1245 2633 till
1267 2569 1401 2648 kloster,
1434 2567 1552 2652 kyrkor
1582 2566 1642 2631 och
1672 2580 1805 2653 prester,
1837 2583 1911 2634 sumt
1929 2571 2036 2633 sculildt

412 2653 462 2713 l'dr
483 2653 527 2713 sin
549 2654 699 2736 grelplats
720 2654 728 2712 i
750 2652 909 2733 Gudbelms
929 2654 1060 2730 kloster,
1093 2654 1142 2714 lb'r
1170 2654 1277 2715 bvilha
1299 2652 1530 2733 utbetalningar
1561 2660 1724 2736 pautstttcs
1759 2650 1874 2735 gerdeu
1894 2652 2039 2737 lngiEdr

412 2735 541 2815 sochen,
564 2747 643 2799 tamt
665 2735 711 2799 till
731 2737 811 2798 haus
832 2736 971 2816 sluldcrs
992 2736 1151 2819 betalniog
1172 2758 1209 2800 cn
1233 2735 1374 2817 lastigbet
1395 2737 1406 2797 i
1427 2734 1587 2816 heinsberg
1609 2734 1669 2798 och
1690 2758 1729 2798 en
1751 2758 1849 2821 qvam
1871 2740 1880 2799 i
1900 2737 2038 2815 Tjaermlil.

1862 2852 1937 2906 bb
2007 2890 2010 2895 -

327 3087 331 3097 ι
390 2992 439 3069 Jn
471 2991 633 3072 nomine
663 2993 788 3099 patris
816 3007 856 3070 ct
884 2991 953 3072 filii
982 3006 1024 3070 et
1051 2991 1218 3100 spiritns
1246 2990 1374 3072 sancti
1402 3015 1531 3069 amen.
1582 2989 1669 3098 Ego
1697 3015 1860 3072 ruouuo
1887 3012 2039 3072 rursus·

279 3127 369 3184 son.
396 3131 517 3184 sanus
548 3119 679 3182 mente
723 3120 764 3182 et
807 3130 998 3210 corpore,
1028 3099 1077 3182 de
1109 3103 1225 3182 bouis
1268 3099 1554 3209 temporalibus
1601 3101 1746 3181 mihis
1777 3100 1854 3183 deo
1881 3100 2040 3183 concessis

277 3218 410 3294 anime
441 3244 525 3295 mee
554 3213 721 3322 cupieos
748 3214 963 3297 salubriter
992 3212 1219 3322 prouidere.
1250 3238 1359 3292 anno
1383 3209 1549 3292 domini.
1580 3211 1840 3296 M⁰CCC⁰V⁰.
1866 3213 1908 3322 jn
1935 3211 2038 3321 vigilia

277 3325 505 3434 epiphanie.
535 3322 699 3406 domini.
746 3327 988 3406 constitutus
1024 3326 1067 3403 in
1098 3326 1302 3432 presencia
1345 3323 1585 3403 venerabilis
1630 3327 1776 3434 patris,
1820 3323 1961 3404 domini
1986 3319 2041 3401 mei

277 3436 519 3544 brirniulpbi
547 3437 612 3517 dei
640 3439 772 3545 gracia
802 3439 994 3517 scarensis
1023 3435 1221 3544 episcopi,
1255 3434 1505 3543 presentibus
1533 3433 1714 3518 discretis
1744 3438 1859 3532 viris,
1901 3435 2042 3515 Domino
2087 3535 2089 3538 Ι

156 3576 160 3585 ·
278 3546 495 3628 benedicto
524 3547 734 3656 alguzson,
768 3547 959 3653 Magistro
989 3546 1204 3628 benedicto
1233 3563 1273 3626 et
1302 3545 1468 3626 domino
1499 3548 1672 3628 martino
1700 3549 1904 3628 canonicis
1929 3545 2041 3640 scaris,

277 3686 323 3740 ac
348 3658 562 3740 heredibus
590 3659 706 3755 meis,
748 3658 917 3740 haraldo
959 3655 1215 3758 briniulfson
1262 3684 1410 3764 genero
1453 3685 1539 3737 meo
1574 3675 1614 3738 et
1642 3659 1822 3768 johanne
1865 3656 1941 3738 lilio
1979 3683 2043 3736 meo

277 3770 534 3879 presentibus
562 3786 604 3849 et
632 3771 999 3868 consencientibus,
1042 3783 1323 3850 testamentum
1356 3796 1483 3848 meum
1516 3768 1606 3877 lego
1649 3788 1688 3850 et
1719 3771 1868 3853 ordino
1897 3771 1934 3848 in
1962 3769 2044 3848 bunc

277 3881 452 3964 modum.
498 3880 684 3962 videlicet
711 3883 888 3974 claustro
918 3884 958 3963 in
989 3876 1138 3989 gubem
1168 3880 1237 3960 vbi
1265 3881 1511 3990 sepulturam
1550 3881 1674 3990 eligo,
1703 3883 1758 3963 do
1788 3899 1829 3961 et
1858 3881 1943 3989 lego
1967 3907 2045 3987 qua·

275 3995 452 4101 traginta
484 3993 667 4073 marchas
697 4009 854 4074 monete
898 3995 1054 4074 usualis.
1088 4020 1164 4101 pro
1200 3993 1349 4100 quibus
1377 3993 1474 4074 .XL.
1504 3995 1647 4074 marcis
1691 3993 1936 4074 medietatem
1975 4017 2045 4098 pre
2109 4039 2110 4090 ,

275 4103 645 4193 diorummeorum
689 4107 731 4183 in
769 4133 859 4213 aeug
887 4106 927 4185 in
957 4103 1157 4198 etlzsolrn,
1194 4104 1332 4213 obligo
1361 4101 1648 4212 persoluendis.
1692 4106 1798 4185 Jtem
1837 4103 1951 4185 dcet
1977 4103 2045 4208 lego

275 4216 439 4296 ecclesie
468 4215 586 4295 beate
616 4218 783 4321 virginis
811 4219 933 4296 scaris
961 4216 1012 4297 ad
1043 4214 1256 4309 fabricam,
1291 4217 1436 4321 viginti
1473 4217 1664 4298 marchas.
1707 4215 1902 4297 iratribus
1938 4211 2046 4323 predi·

275 4329 481 4410 caloribus
509 4329 630 4410 scaris
656 4343 737 4406 tres
766 4328 955 4410 marchas.
979 4326 1201 4407 minoribus
1230 4325 1377 4406 ibidem
1407 4345 1487 4407 tres
1508 4328 1707 4412 marchas.
1755 4325 2045 4437 predicatoribus

276 4437 431 4520 lososie
460 4457 541 4520 tres
572 4438 764 4532 marchas.
808 4442 912 4520 ltem
941 4440 1109 4520 cuilibet
1137 4437 1301 4541 ecclesie
1321 4439 1443 4518 scaris
1472 4466 1590 4519 ruam
1622 4439 1838 4520 marcham.
1881 4441 1973 4518 Jtem
1997 4461 2044 4513 ee·
2108 4479 2110 4554 p

276 4550 395 4630 clesie
423 4554 464 4630 in
497 4548 635 4642 srdial,
665 4547 802 4657 predia
834 4551 1010 4631 valencia
1040 4549 1174 4631 decem
1219 4548 1400 4628 marchas
1442 4569 1601 4631 monete
1627 4553 1839 4634 currentis.
1879 4543 2044 4630 sacerdoti

275 4661 446 4758 ibidem,
481 4661 693 4742 marcham.
750 4665 853 4744 ltem
884 4660 1084 4743 sacerdoti
1113 4678 1154 4740 et
1182 4659 1346 4740 ecclesie
1376 4663 1415 4740 in
1446 4659 1579 4758 liioem
1611 4662 1825 4745 marcham.
1879 4665 1972 4740 ltem
1995 4681 2042 4734 sa·

276 4772 430 4854 cerdoti
459 4790 500 4852 et
528 4772 692 4853 ecclesie
727 4775 768 4854 in
805 4773 880 4870 flo,
923 4771 1136 4854 marcham.
1181 4774 1285 4850 ltem
1325 4770 1523 4852 sacerdoti
1565 4790 1604 4853 et
1646 4774 1813 4855 ecclesie
1841 4775 1881 4854 in
1909 4788 2042 4864 estana.

274 4885 491 4967 marcham.
521 4887 621 4965 Jtem
651 4884 848 4966 sacerdoti
878 4887 918 4964 in
948 4892 1024 4965 ebe
1052 4899 1094 4964 et
1122 4883 1285 4964 ecclesie
1315 4881 1524 4963 marcham.
1568 4887 1670 4966 Jtem
1712 4882 1910 4968 sacerdoti
1935 4899 1969 4962 et
1993 4903 2043 4957 eo.

203 5036 206 5040 ⁴
274 4997 392 5082 clesie
421 5000 461 5078 in
491 4995 641 5096 salaebir
686 4996 899 5083 marcham.
949 4999 1054 5078 Jtem
1089 4993 1288 5077 sacerdoti
1320 4993 1364 5103 jn
1406 4993 1587 5077 markom
1616 5013 1657 5077 et
1685 4999 1851 5098 ecclesie
1890 5015 2040 5077 marcam.
