4317 5975
828 405 1245 488 -553-

99 699 103 706 .
134 624 352 736 posterum,
370 623 557 725 dubietas
585 593 783 720 suboriri,
811 604 984 734 sigillum
1013 586 1197 727 nostrum
1225 641 1266 720 et
1288 625 1470 733 ,sigillum
1487 625 1655 738 capituli
1671 629 1809 726 nostri,
1830 609 1947 738 *pre-s
1991 621 1993 631 ’

130 736 314 818 sentibus
341 737 530 817 duximus
559 733 821 844 apponenda,
855 738 898 817 in
928 740 1199 819 testimonium
1228 754 1268 819 et
1297 737 1548 819 euidenciam
1581 737 1930 848 pleniorem,·Da·

49 853 70 889 ’·
131 865 218 930 tum
244 849 378 949 scaris,
408 845 708 928 Anuodumini.
738 847 1105 932 M⁰.CCC0.V111·.
1134 849 1185 928 Ju
1213 848 1281 929 die
1307 852 1599 959 assumpoionis
1620 849 1735 933 beate
1753 853 1931 959 virginis.

569 989 620 1053 Pal
629 989 825 1072 frinsidan:
851 989 890 1050 dc
911 993 1155 1052 commutacione
1177 991 1259 1052 lacte
1281 989 1319 1052 de
1341 990 1491 1074 gdlalum.

720 1104 846 1185 Sigillen
868 1101 1054 1183 borrtattna,
1076 1125 1233 1166 remsorna
1255 1125 1342 1188 quar.

140 1522 308 1675 1594.
470 1499 474 1504 ⁴
573 1549 595 1603 κ
659 1596 662 1603 ψ
729 1515 1351 1662 .1308d.15·aug.*
1549 1537 1554 1548 ’
1737 1431 1935 1626 ΙΒΙςεῑΓαρ
2021 1523 2025 1532 ’
2083 1669 2090 1676 .
2147 1543 2149 1550 ’

211 1739 325 1822 Bialop
346 1741 500 1802 Brauours
522 1738 530 1797 i
554 1739 651 1800 Siara
673 1735 897 1800 Fdrordnande
920 1736 968 1797 lde
988 1735 1112 1812 Halae,
1134 1747 1180 1806 att
1202 1759 1272 1798 vara
1285 1739 1502 1820 Domprosten,
1515 1737 1662 1817 Magister
1674 1735 1785 1814 Bengts
1807 1737 1930 1798 bestt’n·

263 1824 334 1902 diga
357 1824 486 1883 vicarius
508 1825 515 1881 i
539 1821 724 1902 Edsteslsogs
745 1821 942 1900 lb'rsanrling,
965 1820 1035 1881 med
1056 1821 1271 1884 bestdmmelsc
1292 1822 1329 1882 as
1345 1820 1429 1884 brad
1452 1819 1567 1883 bouem
1601 1819 1709 1882 derrid
1731 1822 1790 1882 bb'r
1812 1821 1931 1900 drligen

261 1908 447 1967 tilllromma.
1627 1973 1630 1978 Ι

1721 1983 1755 2039 A.
1773 1999 1796 2042 a.

238 2122 440 2202 Omnibus
469 2149 631 2228 presens
658 2123 852 2231 scripturn
883 2121 1162 2221 cernentibus,
1192 2123 1472 2216 Bnrttwuruus
1499 2120 1575 2230 Dej
1603 2121 1737 2228 gracia
1766 2145 1930 2200 scaren·

128 2237 181 2316 sis
211 2235 451 2340 Episcopus,
478 2232 655 2312 Salutem
684 2235 726 2312 in
756 2232 921 2312 domino
955 2237 1249 2340 sempiternam,
1306 2235 1459 2314 Notum
1502 2231 1667 2313 facimus
1709 2231 1928 2328 uniuersis,

126 2373 202 2426 nos
225 2345 414 2426 dilectum
441 2345 484 2422 iu
512 2345 663 2424 christo
692 2344 839 2440 filiurn,
877 2342 1086 2425 dominum
1117 2344 1351 2454 haquinum.
1398 2345 1596 2450 presentis
1643 2343 1928 2442 exhibitorem,

128 2457 180 2538 ad
211 2456 551 2564 presentacionem
582 2454 734 2550 domini
762 2455 948 2561 magistri·
980 2452 1183 2546 benedicti
1225 2455 1421 2565 prepositi
1462 2455 1658 2536 soanensis
1686 2468 1927 2562 perpetuum
1985 2483 1989 2494 ·

125 2569 316 2648 vicariurn
348 2567 487 2648 fecisse
515 2583 557 2645 et
585 2568 775 2648 canonice
802 2567 1021 2648 instituisse
1061 2569 1104 2647 in
1133 2565 1298 2648 ecclesia
1325 2564 1588 2672 etlarschogb‚
1629 2593 1750 2674 quam
1780 2589 1940 2673 propo--

121 2681 250 2782 ‚siture
277 2679 472 2773 scarensi,
499 2675 550 2758 de
579 2704 774 2758 consensu
805 2679 1140 2784 parochianorum
1182 2675 1350 2776 ibidem,
1391 2679 1629 2760 anneximus
1654 2695 1696 2757 et
1724 2677 1951 2756 vniuimus‘

124 2792 249 2900 pleno.
274 2791 383 2887 iure,
412 2789 600 2870 facientes
626 2791 733 2871 inter
762 2790 870 2896 ipsos
898 2788 1096 2870 dominos.
1140 2786 1395 2884 benedictum
1437 2790 1686 2896 prepositum
1714 2805 1755 2869 et
1783 2785 1927 2896 baqui·

13 3005 14 3010 Ἰ
124 2930 220 2982 num
251 2928 374 3011 super
403 2901 668 3010 percepcione
713 2899 946 2982 reddituum
989 2899 1098 2984 dicte
1138 2899 1326 3003 ecclesie,
1366 2901 1684 2982 conuencioneru
1726 2913 1943 3009 perpetuo'

123 3013 358 3111 valituram,
392 3041 464 3122 per
492 3012 602 3093 bunc
630 3013 805 3096 modum.
833 3013 1043 3109 videlicet,
1084 3008 1198 3123 quod
1233 3012 1366 3095 dictus
1394 3011 1581 3106 dominus
1609 3011 1666 3107 .Β.
1695 3012 1928 3121 prepositus

124 3144 165 3207 et
194 3126 343 3233 singuli
371 3124 436 3233 suj
463 3150 732 3218 successores,
760 3123 910 3206 habere
938 3122 1090 3207 debent
1118 3121 1169 3205 de
1199 3122 1425 3207 redditibus
1451 3124 1577 3231 ipsius
1591 3121 1773 3219 ecclesie,
1801 3118 1926 3202 dena·

123 3240 206 3318 rios
234 3242 305 3347 qui
340 3236 531 3317 dicuntur
560 3234 666 3318 beati
694 3234 889 3343 nicholaj,
926 3252 1009 3317 tam
1034 3238 1078 3315 in
1105 3237 1305 3342 wesgocia
1333 3262 1455 3344 quam
1474 3234 1525 3317 ‘in
1554 3227 1636 3329 dal,
1664 3248 1705 3313 et
1735 3231 1927 3314 medieta·
2045 3254 2054 3263 ··
2121 3227 2129 3237 ’

76 3445 82 3450 ,
123 3367 202 3429 tem
233 3349 455 3429 oblacionis
483 3348 526 3425 in
554 3346 656 3427 festo
684 3346 795 3427 beati
823 3346 1010 3429 iohannis
1037 3348 1214 3455 baptiste
1241 3346 1286 3453 jn
1316 3364 1470 3454 partem
1507 3372 1618 3427 suam
1648 3342 1928 3453 prouenieutis

122 3460 166 3568 jn
193 3460 313 3539 rebus
342 3458 676 3567 quibuscunque,
704 3474 747 3537 et
774 3474 927 3565 septem
955 3458 1115 3539 naualia
1137 3457 1287 3539 talenta
1304 3448 1441 3537 butiri¹
1458 3452 1509 3536 de
1537 3454 1703 3551 colonis,
1732 3456 1827 3563 lpse
1855 3480 1924 3535 ve·

122 3598 170 3650 ro
199 3569 387 3650 dominus
416 3570 635 3678 haquinus,
669 3586 711 3649 et
737 3569 886 3677 singuli
915 3569 977 3649 sui
1004 3595 1274 3665 successores,
1307 3567 1458 3649 habere
1485 3565 1637 3649 debent
1664 3590 1743 3676 pro
1771 3564 1926 3645 l'abrica
1963 3600 1969 3615 ·

121 3697 162 3762 et
190 3682 480 3789 procuracioue
509 3683 711 3787 episcopi,
738 3708 786 3759 ac
813 3679 903 3787 aliJ‘s
931 3680 1123 3760 oneribus
1151 3675 1459 3795 supportandis,
1502 3674 1682 3759 modium
1725 3674 1925 3785 prepositi
2014 3727 2017 3735 ·

121 3793 171 3874 de
200 3793 345 3898 thyssi,
373 3807 415 3871 et
441 3818 579 3869 omnes
607 3790 880 3872 obuenciones
908 3790 1027 3885 alias,
1057 3803 1099 3869 et
1126 3806 1666 3897 prouentusquoseunque,
1694 3786 1922 3877 addictam

121 3904 327 3984 ecclesiam
355 3906 398 3980 in
428 3901 618 4008 parocbia
646 3900 709 3980 vel
739 3900 838 3981 alias
865 3900 1099 4008 ubicunque
1128 3899 1395 4006 pertinentes,
1424 3916 1563 4005 preter
1580 3897 1762 3980 colonias
1787 3896 1832 4003 jn
1861 3918 1941 3975 sa··
2071 3898 2077 3913 '

72 4095 76 4098 ,
120 4014 226 4121 laeby
267 4030 307 4093 et
344 4012 566 4105 wazerrdae,
605 4010 799 4092 facultate
826 4009 1008 4120 qualibet
1049 4011 1211 4120 vtrique
1247 4009 1355 4119 parti
1383 4006 1564 4106 sublata,
1604 4009 1922 4090 conueucionern

119 4124 341 4235 predictam
371 4121 613 4230 reuocandj,
641 4138 713 4202 aut
740 4121 970 4231 aliqualiter
983 4117 1231 4243 'jurmutandj
1241 4181 1252 4217 ,
1278 4121 1359 4241 nisi
1388 4116 1440 4199 de
1455 4122 1663 4201 ¹voluntate
1692 4137 1732 4199 et
1760 4144 1922 4227 assensu
2008 4184 2012 4199 ι
2094 4124 2099 4131 ’

120 4237 245 4345 partis
274 4236 513 4343 processerit
540 4232 762 4344 utriusque.¹
791 4232 852 4313 Ne
879 4233 1006 4341 igitur
1033 4260 1157 4341 super
1186 4232 1386 4341 premissis
1409 4230 1543 4340 aliqua
1560 4232 1686 4341 possit
1716 4228 1767 4310 in'
1786 4242 1922 4339 poste·
1955 4277 1959 4287 ·

119 4376 208 4427 rum
236 4344 421 4429 dubietas
459 4344 658 4443 suboriri,
699 4344 876 4452 sigillum
911 4359 1097 4425 nostram
1136 4361 1178 4425 et
1205 4342 1381 4451 sigillum
1423 4342 1591 4451 capituli
1631 4342 1781 4435 nostri,
1829 4366 1926 4446 pre·

101 4458 300 4547 sentibus
329 4474 424 4538 suut
438 4484 634 4565 appensa,
663 4455 708 4563 jn
736 4456 1066 4537 testimoniumet
1087 4452 1337 4535 euidenciam
1355 4454 1587 4562 pleniorem,
1617 4452 1764 4533 Datum
1786 4451 1925 4547 scaris,
1994 4534 1998 4539 ,

118 4574 240 4652 Anno
269 4567 433 4677 dominj.
463 4568 700 4651 M⁹.·CCC⁰.
727 4564 860 4648 Vlll‘.
888 4566 933 4673 jn
962 4566 1240 4675 assumpcione
1270 4566 1384 4646 beate
1412 4566 1593 4671 virginis.
1968 4604 1971 4613 ,

315 4706 322 4714 ’
505 4691 758 4797 Ριξῇἅηείἅως
785 4709 941 4771 institucio
967 4707 1084 4769 domiui
1105 4706 1230 4791 haquini
1251 4706 1290 4771 de
1312 4706 1534 4788 bb'dtlaescogb.

606 4812 611 4824 ,
867 4822 995 4904 Sigilleo
1025 4820 1170 4885 skadadc.
