4317 5975
726 388 1206 488 &2333-

100 618 182 701 Nos
200 615 335 724 'igitur
364 612 556 721 peticioni
585 639 726 693 eornm
753 636 876 722 quam
903 638 957 696 ex
999 612 1101 693 iusta
1130 628 1174 695 ct
1201 611 1382 711 euidenti
1421 615 1664 697 ‚necessitate
1705 620 1906 704 nouimus·

100 723 335 840 processisse
364 723 646 806 fauorabiliter
673 738 900 810 annuentes
929 752 977 805 ex
1007 750 1207 805 consensu
1235 742 1275 805 et
1304 724 1513 807 voluntate
1555 729 1722 835 capituli
1767 736 1895 813 nostri

99 840 271 924 decimas
312 831 564 947 episcopales
603 862 650 917 su
683 831 857 915 radietas
900 834 1119 942 prebendis
1153 836 1331 945 ipsorum
1374 862 1537 917 exnunc
1581 839 1771 922 duximus
1806 844 1896 951 jure

100 966 298 1063 perpetuo
327 944 596 1028 annectendas
623 864 685 1028 biti
713 944 805 1057 q'uls
833 972 930 1053 ergo
958 946 1068 1052 ipsos
1097 964 1169 1027 aut
1195 972 1444 1029 successores
1480 950 1660 1056 ipsorum
1704 960 1897 1037 canonice
1979 1046 1981 1051 ,

100 1057 370 1173 justituendos
398 1086 521 1170 super
549 1055 667 1140 dictis
695 1054 859 1138 decimis
903 1057 1132 1156 molestare,
1175 1074 1246 1137 aut
1288 1055 1542 1167 ordinacionj
1584 1078 1719 1173 nostre
1747 1065 1792 1173 jn
1821 1064 1898 1147 hac
2006 1060 2017 1067 '⁴

103 1192 217 1285 parte
247 1173 451 1253 contraire
478 1185 693 1279 attemptet
710 1166 887 1277 sigillum
915 1185 1099 1249 nostrum
1131 1196 1207 1249 rna
1236 1196 1326 1250 cum
1362 1172 1494 1281 sigillo
1536 1173 1704 1280 capituli
1734 1186 1917 1285 presen·'
2034 1250 2042 1259 .

100 1288 209 1367 tibus
238 1285 383 1364 litteris
410 1281 783 1475 appendifeeimus
810 1278 861 1360 ad
885 1280 1084 1409 ‘maiore-m
1128 1280 1375 1409 euidepciam
1420 1285 1704 1393 premissorum
1749 1291 1898 1371 Datum

100 1398 274 1505 lincopie
301 1398 422 1475 Arrno
479 1419 606 1473 ommi
633 1390 819 1474 M⁰ccc⁰
851 1390 918 1473 dre
948 1390 1054 1472 beati
1083 1389 1290 1501 dyonyer.

113 1788 280 1934 1329.
689 1894 695 1907 ,
765 1783 915 1891 1300
972 1783 1019 1889 d.
1067 1824 1100 1929 9
1147 1780 1261 1889 Oct
1599 1786 1932 1934 Liulrdpiug„

184 2002 336 2085 Bislopeu
358 2002 368 2062 i
390 1999 563 2089 Liuhdping
585 2003 668 2067 Laus
688 2004 745 2068 llts
766 2003 935 2068 Sirilvelse
956 2004 1004 2066 till
1026 2002 1119 2082 Kisa,
1151 2004 1310 2069 Tirsernm
1342 2004 1402 2069 och
1435 2002 1571 2089 Oppeby
1602 2006 1818 2090 lb'rsamlingar
1850 2012 1903 2070 rb·-

237 2084 334 2147 rande
353 2104 473 2147 samue
495 2094 593 2153 turne.
1548 2174 1551 2183 Ι
1576 2166 1607 2223 Β.
1625 2174 1648 2227 3.
1670 2172 1725 2226 ὼ.
1745 2191 1769 2227 ν.

18 2408 19 2411 p
218 2304 478 2386 Lnoauuctus
505 2302 571 2385 dei
600 2306 735 2414 gracia
764 2305 978 2414 episcopus
1007 2305 1264 2414 lyneopensis
1292 2305 1450 2388 dilectis
1479 2302 1569 2385 filiis
1598 2305 1833 2413 presbiteris
1863 2324 1905 2387 et

107 2414 382 2525 parrochianis
424 2413 475 2497 de
502 2412 615 2527 hysa.
642 2415 871 2527 tydhisrum
900 2418 1131 2525 etvppeby.
1161 2418 1330 2498 salutem
1360 2418 1401 2497 in
1425 2415 1592 2499 domino
1620 2422 1905 2527 sempiternam

105 2528 232 2607 Vobis
259 2542 446 2608 constare
474 2528 659 2608 volumus
687 2526 900 2608 euidenter
926 2526 1038 2637 quod
1071 2555 1143 2609 nos
1185 2528 1342 2609 dilectis
1385 2530 1589 2609 canonicis
1632 2532 1790 2610 nostris.
1831 2527 1905 2610 do·

105 2640 223 2719 minis
250 2637 407 2721 kanuto
435 2654 476 2719 et
503 2638 648 2748 jngonj
691 2667 738 2720 ac
779 2639 1076 2721 suecessoribus
1118 2640 1298 2747 ipsorum
1343 2638 1516 2721 decimas
1565 2641 1811 2750 episcopales
1854 2640 1905 2721 de

106 2750 330 2859 parrochiis
346 2754 487 2831 vestris
511 2748 749 2833 dederamus
764 2750 853 2857 jure
875 2766 1074 2859 perpetuo
1092 2749 1355 2859 possidendas
1385 2750 1502 2831 Vnde
1523 2751 1709 2832 volumus
1724 2770 1764 2833 et
1793 2780 1905 2831 man·

104 2858 245 2942 damus
272 2880 471 2971 qnatenus
492 2862 588 2970 ipsis
620 2889 744 2970 super
772 2859 935 2941 decimis
958 2862 1199 2969 supradietis
1218 2864 1417 2969 justiciam
1448 2878 1487 2941 et
1516 2854 1790 2943 obedienciam
1821 2890 1905 2942 om-

107 2974 310 3057 nimodam
340 2973 493 3055 faciatis
521 2974 670 3055 Datum
701 2970 890 3084 lyncopie
919 2999 1026 3052 anno
1054 2970 1207 3054 domini
1238 2973 1435 3056 M'CCC‘.
1465 2972 1531 3054 die
1560 2973 1668 3054 beati
1697 2974 1885 3086 dyonisij.

110 3347 288 3475 itte.
749 3362 894 3471 1300
940 3362 988 3467 d.
1042 3379 1109 3492 14
1158 3365 1284 3471 Nov.
1402 3289 1404 3294 v
1514 3447 1525 3462 ..

191 3584 478 3731 Konupeggtppas
498 3585 676 3648 Gllvobref
696 3583 738 3671 pt
759 3583 780 3646 5
800 3580 944 3648 dresland
964 3583 1074 3646 saldra
1095 3584 1171 3666 gods
1193 3589 1201 3647 i
1222 3585 1342 3668 Jnreby
1358 3579 1373 3646 'i
1395 3577 1665 3666 tistenasocten,
1689 3587 1735 3650 till
1757 3587 1822 3650 dess
1844 3587 1909 3650 Fo-

244 3689 282 3751 ga
385 3688 410 3728 n
438 3689 515 3730 reru.

1627 3749 1656 3804 Β.
1675 3767 1698 3806 a:
1722 3771 1776 3822 ¹⁰9·

223 3887 437 3967 Brncusus
465 3884 530 3966 dei
560 3887 695 3995 gracia
721 3910 919 3964 sweorum
943 3886 1243 3994 gothorumque
1274 3913 1343 3966 rex
1366 3885 1572 3968 ‘Omnibus
1604 3904 1808 3994 presentes
1847 3887 1912 3968 lit·
2013 3975 2024 3984 ,

109 4015 219 4078 teras
247 3998 489 4105 inspecturis
516 3998 685 4077 salutem
715 3995 757 4073 in
787 3994 953 4078 domino
998 3997 1159 4078 Tenore
1203 4003 1453 4105 presencium
1498 4015 1684 4078 constare
1728 3998 1938 4077 volumus-

107 4111 310 4190 vuiuersis
339 4135 413 4187 uos
441 4111 622 4218 quinque
651 4133 744 4187 oras
773 4121 881 4186 terre
909 4107 952 4187 in
979 4105 1127 4214 jnrehy
1159 4104 1199 4187 in
1232 4106 1418 4214 parochia
1460 4107 1594 4186 litleue
1623 4137 1722 4218 quas
1753 4109 1913 4189 racione

108 4219 282 4303 emeude
314 4221 601 4329 acquisiuimus
635 4219 849 4299 cristiarno
893 4217 1094 4318 aduocato
1124 4234 1265 4300 nostro
1295 4220 1442 4301 dilecto
1470 4216 1629 4298 dedisse
1671 4240 1841 4300 scotasse
1872 4237 1913 4298 et

108 4329 366 4440 corporalem
397 4331 438 4410 iu
468 4331 756 4440 possessionem
781 4327 993 4411 tradidisse
1020 4328 1099 4412 sibi
1130 4345 1172 4410 et
1206 4330 1287 4410 suis
1317 4329 1532 4410 heredibus
1563 4348 1756 4439 perpetue
1786 4333 1913 4440 possi-

110 4441 269 4524 dendas
296 4439 586 4522 transferentes
614 4443 657 4521 iu
687 4443 817 4549 ipsum
845 4457 886 4521 et
913 4462 1007 4521 suos
1035 4439 1202 4522 heredes
1232 4441 1397 4548 plenum
1416 4439 1638 4522 dominium
1668 4459 1709 4522 et
1739 4445 1915 4549 potesta-
1940 4453 1942 4456 ’

112 4571 196 4636 tem
227 4551 447 4663 predictam
485 4571 633 4634 terram
676 4549 911 4662 possideudj
954 4552 1156 4660 vendendj
1205 4579 1272 4631 seu
1303 4579 1559 4661 quocumque
1591 4553 1710 4634 modo
1740 4555 1914 4634 voluerit

111 4663 337 4772 ordinandi
366 4690 442 4772 pro
470 4692 542 4746 sue
571 4664 687 4746 libito
714 4663 936 4743 voluntatis
966 4666 1018 4743 ln
1038 4667 1153 4745 euius
1170 4665 1227 4743 rei
1249 4660 1498 4742 euidenciam
1528 4664 1700 4770 sigillum
1724 4682 1914 4744 nostrum
2028 4713 2036 4727 ·

116 4805 198 4858 vira
227 4805 318 4857 cum
347 4775 480 4886 sigillo
522 4773 657 4857 dilecti
693 4772 927 4855 marscalchi
957 4777 1087 4856 nostri
1116 4773 1370 4881 presentibus
1410 4772 1598 4857 duximus
1627 4774 1916 4885 apponendum

114 4889 268 4970 Datum
298 4915 404 4968 anno
433 4886 587 4987 domini
614 4885 799 4971 M⁰CCC⁴
837 4883 902 4966 die
932 4883 1027 4966 lune
1059 4900 1153 4996 post
1182 4885 1342 4966 martini
1386 4884 1565 4993 episcopi
1593 4904 1634 4968 et
1662 4887 1915 5073 congesseris.

259 5013 304 5070 Su.
321 5013 441 5086 Dipiom.
458 5013 500 5069 11.
