4317 5975
704 309 1522 483 '·-'⁵ts÷-

129 617 237 683 stare
264 595 377 709 quod
404 625 427 678 a
456 595 577 683 dictis
603 593 848 680 dominabus
878 597 1087 680 licenciam
1122 595 1254 678 habeo
1298 599 1349 676 Ju
1378 573 1604 708 suilerskog
1629 594 1736 706 lign'a
1764 627 1844 710 que
1873 598 1933 682 di·
2016 690 2021 698 ,

128 727 279 794 cuntur
309 709 464 804 doftret
491 709 696 800 succidere
726 727 911 818 tempore
940 711 1020 790 vite
1050 737 1136 790 mee
1165 708 1270 790 vnde
1299 735 1349 790 ne
1379 705 1547 788 heredes
1577 710 1653 790 mei
1675 709 1780 796 hane
1811 711 1933 792 licen·

132 827 234 905 ciam
265 823 342 903 sibi
372 823 460 903 iure
490 822 736 904 hereditario
769 836 983 928 vsurpent‚
1011 817 1184 928 sigillum
1202 838 1379 902 nostrum
1412 819 1666 926 presentibus
1693 841 1753 903 est
1781 851 1936 932 appen-

129 963 237 1032 sum,
267 936 416 1016 Datum
446 961 557 1016 auno
584 932 738 1020 domiui
763 934 841 1014 Μ’.
870 933 1005 1014 CCC⁰.
1035 931 1143 1012 VIll.
1915 949 1922 958 ·

472 1111 495 1132 ··
576 1075 626 1140 Pt
635 1075 835 1158 friaredus:
862 1094 955 1160 supra
976 1069 1189 1153 willeburgba
1212 1072 1220 1152 i
1242 1069 1497 1134 skobobtsredhe.

396 1229 400 1236 ›
476 1191 615 1274 sigillet,
637 1193 677 1278 pt
698 1180 736 1255 e⁵n
753 1214 795 1252 ur
816 1191 939 1254 brelvet
962 1191 1064 1274 llippt
1086 1205 1202 1267 remu,
1223 1184 1338 1268 adligt,
1365 1209 1435 1250 men
1456 1188 1595 1252 sladadt.
1616 1203 1630 1236 ²

148 1561 314 1700 1572.
609 1637 612 1645 .
782 1555 931 1670 1308
979 1553 1028 1660 <l
1084 1543 1104 1658 i
1157 1551 1306 1660 Febr.

217 1779 385 1857 lnceosnn,
407 1775 559 1859 Holmger
579 1777 720 1840 Ulissous
741 1756 839 1838 enias
859 1776 950 1856 gilas
973 1774 1019 1836 till
1041 1774 1185 1838 Alcestra
1206 1775 1321 1837 kloster
1343 1776 1378 1835 al
1394 1775 1601 1859 gordenBerg
1624 1779 1633 1838 i
1656 1775 1940 1860 Westergb‘thland‚

269 1863 340 1924 med
363 1862 532 1940 lbreslrill,
554 1872 602 1923 att
623 1862 837 1942 allestniugen
859 1859 938 1922 ester
960 1856 1075 1921 hernes
1096 1857 1271 1940 dtdtagges
1291 1859 1339 1919 till
1361 1861 1411 1922 det
1433 1863 1539 1941 enslag
1552 1859 1747 1922 bennesmen
1759 1859 1943 1942 gilvitssm·

269 1966 321 2008 ms
345 1946 468 2008 kloster.

1635 2025 1808 2092 bonu

249 2163 450 2244 Omnibus
478 2179 685 2274 presentes
714 2164 867 2247 litteras
895 2140 1152 2272 inspecturis,
1182 2164 1420 2242 lucrosams
1448 2160 1585 2241 relicta
1602 2157 1756 2242 domini
1785 2161 1942 2270 bolgeri

138 2275 216 2355 wlf
239 2303 327 2372 son,
354 2267 523 2357 salutem
551 2291 592 2359 et
620 2299 865 2383 cognoscere
881 2279 1090 2356 veritatem
1117 2273 1355 2355 Condeeens
1380 2288 1440 2352 est
1468 2289 1509 2353 et
1538 2282 1849 2354 cousentaneum
1880 2303 1943 2354 ra·
2040 2305 2081 2374 χ

137 2388 247 2496 cionj
277 2401 320 2467 vt
348 2416 453 2497 quos
479 2406 593 2468 amor
620 2403 660 2466 et
693 2385 856 2469 dilectio
900 2386 1144 2468 matrimonii
1189 2386 1229 2466 in
1260 2385 1446 2468 bannita
1490 2374 1816 2492 inseparabiliter
1845 2382 1945 2464 adu·
2014 2405 2018 2416 '

87 2542 90 2549 ·
139 2498 340 2579 canthos
369 2498 491 2579 eciam
534 2513 625 2606 post
655 2517 823 2580 mortem
861 2527 946 2579 non
990 2492 1150 2606 separet
1181 2495 1412 2605 sepultura,
1441 2494 1580 2576 Wnde
1609 2511 1751 2577 tenore
1780 2523 1944 2604 presen-

137 2613 244 2692 cium
274 2625 460 2690 constare
507 2610 602 2691 volo
638 2611 826 2691 omnibus
870 2609 1082 2692 euidenter
1123 2609 1235 2720 quod
1264 2635 1357 2687 sana
1405 2623 1537 2688 mente
1565 2620 1605 2686 et
1634 2634 1807 2714 corpore
1835 2608 1945 2717 apud
2066 2649 2068 2655 v

139 2721 357 2803 monachos
386 2721 428 2800 in
457 2719 677 2801 aluastrum
706 2721 778 2803 rbi
807 2719 1050 2830 predileetus
1094 2718 1281 2800 dominus
1309 2747 1419 2801 meus
1448 2736 1488 2799 et
1518 2719 1683 2798 maritus
1712 2717 1944 2826 holmgerus

138 2833 218 2913 wlf
238 2860 327 2928 son,
356 2833 539 2941 sepultus
567 2847 627 2914 est
657 2832 790 2913 locum
819 2833 925 2939 eligo
940 2831 1167 2940 sepulture,
1203 2833 1254 2912 Et
1282 2832 1432 2912 citriam
1449 2855 1576 2909 meam
1602 2827 1757 2938 byergh
1786 2833 1945 2931 inwesg

139 2945 252 3055 gocia
284 2945 471 3025 situatam
500 2972 592 3024 cum
621 2944 809 3025 omnibus
836 2945 918 3024 suis
941 2940 1201 3053 pertinenciis
1231 2969 1360 3051 prope
1390 2957 1430 3021 et
1459 2941 1604 3049 alonge
1620 2943 1760 3049 positis
1782 2943 1945 3023 nomine

140 3058 368 3139 testamenti
397 3054 565 3137 confero
595 3057 801 3137 monacbis
831 3058 1058 3136 memoratis
1081 3054 1167 3135 ‘hac
1195 3055 1435 3135 condicione
1463 3051 1677 3151 mediante,
1704 3053 1819 3164 ¹quod
1850 3083 1945 3162 pro·

141 3185 292 3248 uentus
322 3166 429 3247 illius
462 3169 574 3249 curie
601 3184 694 3278 post
722 3168 878 3248 obitum
909 3195 1040 3248 meum
1069 3166 1233 3247 venient
1261 3167 1310 3247 ad
1342 3182 1572 3274 agmentum
1588 3166 1765 3275 pitancia
1794 3164 1846 3257 de
1862 3194 1946 3277 qua
2005 3207 2014 3271 γ

78 3327 82 3331 -
141 3279 328 3360 dominus
357 3306 467 3359 meus
496 3277 719 3387 prelibatus
761 3296 1010 3359 conuentum
1052 3277 1280 3385 predictum
1308 3295 1347 3357 et
1376 3306 1466 3358 cum
1496 3278 1552 3357 eis
1584 3334 1594 3355 .
1624 3335 1634 3355 .
1665 3286 1674 3355 ζ
1706 3338 1716 3358 .
1748 3304 1947 3387 pauperes

143 3394 185 3471 in
213 3418 289 3471 suo
332 3406 575 3472 testamento
616 3392 821 3471 annuatim
847 3390 1079 3470 *constituit
1121 3388 1403 3469 sustentandos
1446 3391 1596 3470 Datum
1640 3414 1751 3469 anno
1793 3387 1949 3472 domini
2046 3382 2048 3392 ἱ

143 3502 369 3583 M⁰C⁰C⁰C⁰
401 3502 501 3583 Vlll
528 3503 570 3581 in
601 3502 738 3611 vigilia
766 3494 1074 3611 purificacio'nis.
1545 3510 1547 3514 ’
1626 3519 1627 3523 ‘

577 3643 697 3727 sigillet
719 3644 829 3724 borts,
850 3644 942 3727 jemte
963 3641 1023 3704 deu
1045 3663 1083 3703 ur
1107 3641 1226 3705 brelvet
1250 3644 1369 3730 klippte
1391 3662 1522 3707 remen.

159 3886 325 4032 1573.
782 3889 924 4000 1308
972 3887 1021 3993 d.
1070 3924 1144 3995 20
1191 3824 1341 3993 Mars.
1681 4020 1684 4027 Ι
1735 3890 1949 4035 Bergen.
2131 3879 2137 3892 ’

230 4110 366 4187 lionung
389 4099 516 4169 iliacus
537 4109 546 4167 i
570 4108 700 4187 Nurrige
721 4111 824 4193 lippus
856 4106 1027 4189 Leidebrel
1054 4106 1114 4169 ocb
1147 4106 1304 4170 lbrsfilren
1333 4107 1381 4169 lb'r
1413 4106 1546 4191 Konung
1568 4108 1660 4171 Erils
1681 4110 1690 4170 i
1711 4108 1952 4189 Dsnmsrkxoch

198 4240 202 4245 -
280 4190 350 4254 (less
370 4190 496 4267 broder,
516 4189 624 4271 Hestig
645 4190 864 4276 Cbrist'cpbers
884 4192 1016 4273 tillgilne
1038 4191 1155 4253 Her-rar
1181 4190 1240 4252 orb
1259 4194 1342 4271 Mtn,
1364 4190 1471 4253 bailia
1493 4192 1566 4254 ville
1598 4192 1713 4255 inlinna
1734 4194 1778 4272 sig
1802 4195 1811 4252 i
1834 4194 1956 4257 Wiken

282 4274 427 4353 omkring
447 4273 479 4334 d.
500 4292 539 4334 aa
563 4275 643 4357 Mai,
664 4276 704 4335 do
727 4274 917 4355 Konuugens
939 4277 1010 4337 trist
1032 4275 1102 4336 med
1124 4275 1241 4337 Junler
1263 4276 1328 4337 Nile
1350 4275 1568 4354 ffirelommer,
1590 4285 1636 4339 att
1657 4277 1724 4338 lritt
1739 4275 1799 4339 ocb
1818 4276 1952 4341 obebin-
1987 4312 1996 4321 ε

282 4358 375 4419 dradt
396 4356 587 4435 ditlomma,
609 4357 765 4437 dea-stfides
787 4362 880 4421 sistas
902 4360 912 4420 i
933 4375 974 4419 so
995 4358 1091 4438 dages
1105 4356 1173 4455 ⁸<reb
1196 4358 1258 4419 tila
1279 4360 1379 4421 stlert
1400 4356 1562 4423 bemfara.=
1689 4438 1721 4494 L

261 4573 464 4657 Omnibus
492 4581 566 4657 &c
604 4574 655 4657 H.
685 4576 762 4659 Dei
781 4542 923 4685 ⁸gracia
952 4576 1039 4657 Rex
1069 4574 1272 4685 Norvegie
1301 4580 1373 4657 &c
1407 4592 1552 4657 notum
1592 4577 1760 4659 facimus
1788 4578 1952 4659 univer·
1996 4607 1999 4615 ¹

149 4692 223 4786 sis,
251 4685 466 4799 qvodlnos
493 4684 635 4767 damus
663 4703 703 4767 et
738 4686 994 4771 concedimus
1023 4715 1098 4797 per
1129 4702 1345 4797 praesentes
1390 4687 1543 4769 salvum
1574 4704 1614 4769 et
1642 4714 1825 4773 securum
1857 4719 1953 4770 con·

150 4800 317 4882 ductum
349 4796 658 4909 quibuscunqve
701 4798 877 4908 praelatis
920 4795 1115 4880 militibus
1151 4825 1201 4878 ex
1230 4814 1345 4907 parte
1373 4799 1677 4907 magnificorum
1721 4802 1953 4911 principum

150 4946 424 4967 m

192 5012 219 5086 *l
241 5006 364 5071 Brelvet
385 5004 516 5070 tladsdt
533 5006 573 5069 el
587 5004 666 5089 lugt.
