4317 5975
771 453 873 511 ...·
940 403 1190 551 295f..

86 666 246 747 maiores
281 665 345 746 vel
385 662 558 775 equales.
589 663 768 771 poterint
803 668 1019 773 prouenire
1060 662 1160 774 jtem
1196 668 1363 747 confero
1391 666 1543 747 fabrice
1572 664 1738 749 ecclesie
1767 667 1878 750 beati

85 773 268 885 laurencij
313 793 403 871 sex',
425 803 578 855 marcas
603 772 742 856 denar.
772 776 880 883 apud
909 806 1029 887 quam
1059 778 1300 859 intenciouis
1325 806 1410 858 mee
1440 794 1500 858 est
1527 779 1688 885 sepeliri
1718 780 1751 858 si
1778 776 1877 861 deus
1969 820 1973 835 ·

86 886 233 969 dederit
261 904 357 969 autc
388 903 554 967 mortem
585 914 710 966 meam
760 886 1016 968 interdictum
1047 889 1220 969 relaxari
1276 889 1354 969 Sed
1396 892 1430 968 si
1469 917 1577 969 uunc
1613 891 1788 970 durante
1817 892 1881 971 in·

83 1000 248 1080 terdicto
280 1026 341 1077 me
370 1000 471 1077 mori
499 1001 718 1105 contingat.
748 998 856 1105 apud
888 1001 1061 1079 minores
1090 1000 1206 1106 eligo
1225 1000 1472 1108 sepulturam
1512 999 1661 1110 quibus
1690 1018 1787 1082 tunc
1810 1001 1880 1083 seu¹

87 1140 226 1195 marcas
269 1108 406 1191 denar.
450 1108 626 1189 confero.
658 1114 698 1189 8(
727 1108 923 1191 fratribus
958 1113 1060 1193 duas
1090 1139 1242 1191 marcas
1270 1107 1320 1190 ad
1349 1140 1486 1192 eorum
1518 1113 1809 1193 recreaciouem
1838 1130 1880 1193 et
1990 1207 1993 1212 ἱ
2097 1178 2104 1185 .

87 1222 240 1307 ecclesie
273 1220 378 1301 beati
408 1220 603 1328 laureueij
634 1221 672 1299 ll
703 1249 854 1301 marcas
882 1223 1019 1301 denar.
1050 1222 1148 1329 jtem
1178 1222 1346 1301 confero
1375 1227 1415 1301 8(
1443 1223 1534 1330 lego
1563 1227 1804 1305 monasterio
1825 1220 1877 1305 de
1941 1311 1943 1316 ,

89 1331 270 1415 beriuado
299 1334 338 1411 ll
368 1358 519 1411 mareas
548 1330 685 1410 denar.
743 1332 989 1412 Monasterio
1022 1334 1200 1412 omnium
1230 1350 1463 1413 sauctorum
1494 1332 1627 1413 lundis
1657 1335 1695 1413 ΙΙ
1716 1362 1878 1430 ,mareas
1966 1420 1969 1424 ,
2013 1371 2015 1383 ·

87 1444 214 1533 denar.
290 1434 533 1523 lllonasterio
575 1441 699 1551 dalby
734 1443 772 1520 Il
804 1434 957 1523 marcas
985 1444 1123 1525 denar.
1183 1445 1428 1524 Monasterio
1456 1447 1498 1523 in
1521 1444 1626 1525 asilo
1655 1445 1694 1524 ll
1723 1470 1878 1527 marces

91 1556 215 1640 denar.
244 1555 340 1663 jtem
371 1554 538 1635 cuilibet
569 1555 810 1659 monasterio
840 1560 1267 1663 premonstratensium
1296 1558 1339 1635 iu
1366 1558 1500 1634 scania
1537 1554 1741 1636 dimidiam
1772 1584 1878 1636 mar·

87 1695 162 1750 cam
191 1666 327 1747 denar.
355 1664 451 1771 jteru
494 1665 688 1745 fratrib‘us
719 1663 1039 1772 predicatoribus
1071 1666 1204 1747 lundis
1235 1668 1273 1745 ll
1303 1693 1456 1746 marcas
1487 1663 1624 1746 denar.
1660 1666 1755 1774 jtem
1798 1668 1878 1747 sra-

88 1780 206 1861 tribus
236 1774 558 1887 predicatoribus
587 1778 629 1855 in
658 1775 898 1856 helmstathe
942 1796 982 1858 et
1017 1778 1289 1884 haelsiuborgh
1317 1776 1487 1857 cuilibet
1515 1776 1694 1857 claustro
1736 1804 1878 1858 eorum

89 1918 249 1971 marcam
296 1887 432 1969 denar.
475 1886 591 1967 fratri
634 1888 817 1967 sweuoni
846 1896 1010 1997 ciucopa
1053 1892 1163 1971 socio
1206 1915 1294 1968 meo
1337 1886 1508 1967 condam
1538 1886 1744 1968 dimidiam
1773 1914 1879 1969 mar·
1984 1951 1990 1957 .
2073 1881 2108 1945 ἶ

87 2030 165 2083 caru
207 2001 343 2081 denar.
387 2000 483 2106 jtetu
514 1999 707 2079 fratribus
736 2000 958 2081 minoribus
988 2002 1029 2079 in
1059 2000 1192 2107 ystath
1222 2006 1263 2080 8(
1291 1998 1535 2106 traeleborglr
1564 1999 1732 2080 cuilibet
1767 2000 1878 2079 clau·

17 2140 22 2149 ·
88 2131 328 2193 urceorum
358 2138 529 2191 marcam
569 2111 706 2191 denar.
750 2107 1054 2217 jtem'claustro
1086 2112 1320 2192 monialium
1350 2109 1485 2189 lundis
1514 2116 1555 2191 8(
1582 2112 1761 2191 claustro
1791 2137 1878 2192 mo·

9 2236 10 2245 ’
91 2224 246 2304 nialium
276 2224 316 2302 in
349 2221 578 2329 byrthiuge.
608 2220 777 2301 cuilibet
807 2234 978 2302 marcam
1007 2221 1269 2331 denar..jtem
1299 2223 1476 2304 claustro
1511 2222 1878 2319 sanctimonialium

85 2338 125 2415 ,in
151 2337 249 2426 boso
283 2360 455 2413 marcam
486 2333 622 2413 denar.
651 2332 747 2441 jtenr
779 2335 966 2439 priorisse
995 2339 1035 2413 8(
1064 2336 1306 2414 monialibus
1335 2334 1482 2417 ibidem
1514 2333 1563 2413 ad
1599 2362 1710 2413 suam
1753 2332 1879 2413 colla·
1950 2321 1954 2336 '

9 2471 13 2546 ζ
62 2448 233 2527 'cionem
281 2472 451 2524 marcam
497 2442 634 2523 denar.
680 2443 775 2551 jtem
812 2444 999 2553 hospitali
1028 2448 1157 2526 sancti
1193 2447 1359 2556 spiritus
1387 2440 1521 2526 lundis
1549 2444 1710 2526 Horas
1738 2442 1878 2525 denar.
1928 2497 1931 2502 <
2033 2448 2047 2465 ”

10 2551 13 2562 ’
88 2557 255 2638 Cuilibet
282 2556 473 2663 hospitali
503 2556 752 2663 leprosorum
782 2557 824 2635 in
852 2557 998 2638 scania.
1026 2558 1063 2635 ll
1101 2585 1190 2637 oras
1218 2555 1355 2638 denar.
1391 2558 1489 2666 jtem
1518 2553 1684 2657 confero
1711 2551 1907 2637 ecclesie..

88 2669 194 2751 beate
220 2670 389 2776 virginis
419 2668 460 2746 iu
488 2665 786 2775 haelsingborgh
816 2670 967 2748 ouriarn
997 2695 1125 2747 meam
1155 2696 1276 2777 quam
1313 2672 1391 2749 emi
1425 2674 1466 2748 8(
1501 2668 1712 2749 construxi
1740 2665 1879 2747 fundi·

87 2800 155 2863 tus.
179 2783 254 2862 sub
284 2780 359 2860 hae
388 2777 516 2857 forma
547 2778 586 2857 ll
614 2806 705 2857 oras
732 2776 801 2857 det
829 2779 978 2859 fabrice
1008 2784 1046 2859 8(
1075 2780 1114 2858 Il
1141 2807 1233 2859 oras
1256 2780 1503 2889 pauperibus
1530 2796 1571 2859 et
1597 2795 1734 2859 teneat
1761 2779 1878 2858 anni

77 2887 299 2975 ¹uersarium
330 2918 461 2971 meum
491 2892 696 2971 aunuatim
726 2891 795 2969 sed
825 2891 857 2969 si
889 2917 1060 2998 persona
1088 2891 1152 2971 vel
1182 2893 1354 2972 vicarius
1383 2893 1425 2972 in
1455 2889 1563 2970 dicta
1592 2891 1704 2970 curia
1727 2886 1878 2969 reside·

89 3031 124 3086 re
152 3005 337 3086 noluerit.
368 3020 525 3082 tutores
553 3002 717 3081 ecclesie
747 3001 1048 3082 ordinacionem
1080 3002 1259 3112 predicte
1287 3007 1399 3085 curie
1429 3002 1603 3082 habeant
1631 2999 1877 3082 cumcondi·

88 3119 264 3200 cionibus
293 3113 532 3221 supradictis
559 3113 653 3221 jtenr
685 3113 775 3219 lego
804 3115 966 3194 ecclesie
996 3114 1271 3224 withiugsloff
1294 3117 1333 3194 ΙΙ
1362 3140 1515 3194 marces
1543 3111 1678 3193 denar.
1700 3112 1878 3221 jtemec-

89 3228 197 3310 clesie
224 3225 466 3318 retherslpll.
498 3251 667 3303 marcam
698 3221 834 3304 denar.
864 3226 958 3334 jtem
988 3227 1153 3306 ecclesie
1183 3227 1291 3308 beati
1320 3223 1432 3334 pauli
1453 3222 1598 3304 lundis.
1620 3251 1792 3306 marcam
1808 3222 1879 3304 de·

91 3369 163 3420 aar.
192 3337 288 3447 jtem
319 3338 484 3418 cuilibet
517 3335 678 3417 ecclesie
712 3337 954 3443 parrochiali
985 3335 1133 3420 ibidem
1164 3365 1275 3418 orem
1306 3337 1443 3418 denar.
1484 3334 1761 3417 sacerdotibus
1811 3361 1882 3415 ea·

91 3479 170 3531 rum
207 3449 374 3530 cuilibet
414 3462 568 3528 tautum
611 3446 706 3554 jtem
739 3449 928 3528 ministris
957 3449 1211 3529 ecclesiarum
1243 3478 1319 3558 pro
1349 3449 1582 3555 pulsaeione
1610 3462 1788 3527 cessante
1817 3447 1880 3524 in-

87 3561 249 3644 terdicto
279 3561 445 3641 cuilibet
473 3557 674 3640 dimidiam
706 3585 817 3638 oram
848 3560 986 3639 denar.
1043 3561 1257 3641 Constitu‘o
1286 3579 1524 3670 exeqntores
1552 3558 1778 3639 testamenti
1802 3559 1881 3638 mei

90 3671 276 3754 dominos.
313 3671 385 3779 jon'
414 3669 508 3751 litle.
538 3672 770 3774 magistrum
802 3667 1062 3750 laurencium.
1095 3671 1283 3756 aslonem.
1312 3671 1606 3750 concanonicos
1636 3697 1744 3749 meos
1772 3666 1806 3777 *J
1835 3684 1879 3747 vt

89 3787 154 3892 ipsi
182 3783 233 3866 de
262 3783 384 3862 rebus
415 3784 507 3862 meis
528 3780 717 3862 ordinent
746 3782 849 3863 bene
878 3798 917 3860 et
947 3784 1122 3863 honeste.
1152 3786 1256 3862 sicut
1284 3785 1413 3862 anime
1443 3809 1526 3859 mee
1555 3777 1729 3859 viderint
1758 3806 1879 3887 expe·

22 3908 29 3932 ⁹
90 3896 165 3977 dire
200 3895 265 3975 Ad
297 3923 376 4004 que
405 3893 609 3974 soluenda.
641 3890 792 4000 deputo
811 3892 1030 3973 decretales
1060 3922 1166 3974 meas
1184 3894 1392 4001 proprias.
1422 3889 1659 3972 &denarios
1689 3891 1880 3998 quosnri·

90 4006 125 4086 bi
150 4023 311 4088 tenetur
339 4003 524 4085 dominus
542 4002 736 4110 johannes
750 4003 881 4084 hwith
910 4006 1080 4122 ripensis
1109 4006 1325 4085 canonicus
1355 4032 1430 4111 pro
1464 4002 1627 4082 decreto
1649 4004 1881 4110 inpiguera-

89 4135 125 4198 to
151 4125 189 4198 8(
222 4147 299 4226 pro
329 4118 416 4196 aliis
446 4116 486 4195 Si
516 4117 607 4226 quis
637 4132 768 4194 autem
801 4114 1045 4197 voluntatem
1080 4143 1201 4194 meam
1232 4117 1333 4194 banc
1363 4113 1540 4192 vltimanr
1571 4112 1789 4220 infringere
1815 4109 1879 4192 vel

90 4231 281 4329 contraire
327 4227 624 4337 presumpserit.
669 4255 788 4306 causa
816 4225 896 4306 odii
927 4225 987 4306 vel
1020 4230 1165 4306 amoris
1194 4231 1291 4306 iram
1321 4223 1385 4306 dei
1404 4227 1690 4334 omnipotentis
1726 4228 1764 4302 8(
1786 4251 1877 4301 san·

92 4358 237 4422 uturum
271 4339 545 4448 apostolorum
578 4338 682 4444 petri
711 4343 751 4416 8(
782 4339 890 4445 pauli
918 4367 958 4418 se
989 4342 1149 4418 nouerit
1179 4340 1433 4418 incursurum
1463 4340 1512 4416 ln
1537 4338 1652 4415 cuius
1678 4335 1736 4414 rei
1769 4334 1881 4413 testi·

93 4457 260 4534 mouiurn
293 4467 517 4559 presentem
547 4448 728 4528 litteram.
759 4448 897 4556 sigillis
927 4449 1094 4558 capituli
1124 4449 1331 4530 lundensis
1359 4449 1519 4528 abbatis
1550 4447 1776 4526 monasterii
1794 4472 1880 4523 om·

60 4567 189 4650 „nium
219 4579 464 4644 sanctorum.
493 4562 640 4667 prioris
670 4558 824 4640 ordinis
854 4561 1149 4667 predicatorum
1179 4561 1361 4669 gurdiani
1392 4560 1544 4641 ordinis
1562 4556 1730 4637 fratrum
1750 4552 1880 4638 minoss
1939 4596 1944 4600 ·

94 4703 169 4756 rum
197 4683 239 4758 8(
285 4671 554 4782 predictorum
587 4675 884 4780 texsequtorum
927 4702 1003 4754 vna
1048 4702 1140 4754 cum
1183 4700 1271 4752 meo
1307 4672 1474 4780 proprio
1503 4669 1608 4750 facio
1637 4668 1879 4751 conrmuuiri

94 4813 188 4868 auno
216 4784 374 4892 domiuj
403 4783 645 4866 MCCXCIX
674 4784 985 4866 terciodecimo
1014 4783 1174 4865 kalend.
1205 4781 1457 4892 septembris.

95 4967 354 4989 *—

128 5031 150 5108 ‘l
170 5030 233 5091 Har
255 5030 347 5116 lb'ljer
368 5041 413 5094 ett
435 5031 504 5092 litet
527 5038 606 5090 tamt
633 5047 705 5090 rum
728 5012 737 5087 i
760 5025 877 5088 Codex.
