4317 5975
969 324 1231 441 ⁴67⁴
1329 372 1453 447 “·.

287 582 329 649 et
357 550 551 653 oneribus
591 550 831 671 procurata,
861 549 935 634 sed
975 550 1219 636 diuersis‘et
1245 551 1429 637 aduersis
1453 554 1674 639 eueubbus
1699 553 1860 641 diucius
1884 558 2055 670 inpedita,

284 665 445 777 diuina,
467 690 532 756 ·rt
558 666 756 780 supponit
773 662 932 747 dauon
960 664 1203 767 credulitas,
1238 666 1477 776 promisione
1504 665 1698 777 dirigitur
1723 685 1764 750 et
1790 666 1846 751 ad
1871 674 2056 781 expianda

282 806 402 874 terre·
422 786 548 897 ipsius
576 780 799 891 angustias,
826 788 999 894 eamque
1024 776 1076 860 de
1104 777 1309 888 inpiorum
1324 779 1975 885 manibuseruendameffieaciteri
1996 785 2055 871 sub

285 930 304 985 s
336 897 519 983 ediuini
548 886 724 976 numinis
751 907 1004 1001 preparatur.
1066 888 1274 1001 Siquidem
1304 890 1535 973 karimimus
1561 893 1606 972 in
1633 893 1787 975 cbristo
1815 892 1922 975 filius
1946 914 2055 981 noster

285 930 638 1098 clitiiiintssimus
667 1004 875 1114 princeps,
903 999 1147 1100 Eduardus,
1175 1003 1307 1111 anglie
1334 1003 1640 1099 Rexillitstris,
1676 1021 1770 1114 post
1796 1020 1983 1089 trientes
2003 1033 2057 1091 ia·
2131 995 2132 1008 Ν

281 1128 370 1208 rios
398 1148 522 1233 super
550 1106 729 1229 generali
756 1130 797 1195 et
825 1138 900 1195 suo
928 1114 1111 1223 passagio
1138 1116 1181 1202 in
1209 1115 1337 1222 ipsius
1362 1112 1482 1195 terre
1500 1114 1724 1197 subsidium
1745 1115 2057 1203 facimidodiuni·

281 1264 424 1319 sorum
441 1232 692 1316 ··Pontillcum
721 1229 1015 1321 Romanorum,
1054 1222 1309 1339 temporibus
1334 1221 1515 1324 liabitas,
1556 1228 1984 1339 ucu'nsimetauqnam
2006 1232 2059 1312 be·

286 1343 538 1431 nediccionis
551 1342 669 1439 lilius,
693 1340 841 1419 nostris
858 1337 1121 1446 beneplacitis
1134 1338 1350 1449 nequierit,
1365 1353 1515 1447 etpost
1534 1332 1737 1419 ⁸christum
1750 1340 1868 1421 iuxta
1882 1341 2058 1425 comiliuu

191 1465 194 1473 ’
286 1461 373 1545 eius
399 1474 488 1559 cat,
515 1482 558 1538 se
587 1455 720 1563 ipsum
749 1449 954 1559 abnegans
981 1474 1031 1531 ec
1052 1448 1218 1546 tollens,
1239 1467 1296 1546 ut
1322 1452 1495 1533 eundem
1522 1468 1716 1561 aeqiiatur
1743 1450 1963 1551 domiuum,
1986 1481 2056 1536 cm·

286 1598 375 1657 cem
412 1589 546 1665 suam,
587 1563 824 1659 terminum,
867 1558 1014 1641 festum
1050 1556 1248 1643 videlicet,
1279 1562 1504 1645 natiuitatis
1540 1561 1646 1643 beati
1679 1562 1872 1671 joliannis
1899 1563 2057 1673 baptiste,

318 1681 403 1767 uod
431 1680 531 1775 erit,
576 1700 685 1756 anno
719 1672 883 1755 domini.
912 1662 981 1754 tlt
1010 1672 1106 1756 CC-‘t
1128 1674 1396 1781 'nonagesimo
1429 1674 1574 1771 tercio,
1613 1690 1656 1755 et
1681 1676 1720 1755 ei
1746 1673 2059 1759 aasumensi»

285 1712 386 1879 dum
413 1786 699 1902 personaliter,
741 1808 902 1865 necnon
932 1783 984 1865 ad
1026 1782 1180 1866 dietum
1209 1784 1399 1890 generale
1440 1785 1667 1895 passagium
1701 1812 1825 1867 cruce
1861 1788 2011 1895 signatis
2028 1808 2061 1869 et

288 1931 410 1993 cruce
438 1894 663 2009 signandis,
690 1896 882 2003 omnibus
909 1892 1100 1976 duximus
1126 1891 1425 2005 prefigendum,
1447 1896 1667 1977 -liumiliter
1694 1900 1939 2007 acceptabit,
1963 1926 2057 2010 seque

287 2018 423 2127 ipsum
450 2040 497 2093 ex
531 2036 655 2091 onere
682 2009 746 2089 sui
774 2006 1056 2115 Redemptoris
1084 2008 1309 2116 obsequiis,
1331 2018 1445 2087 'terre
1479 2008 1637 2117 prefate
1656 2009 1925 2117 personaliter
1942 2010 2057 2092 subse·

286 2124 461 2221 iiiendo,
489 2042 710 2231 disposuit,
740 2118 946 2229 negligens
975 2117 1121 2201 natalis
1146 2119 1223 2199 soli
1251 2113 1519 2217 dulcedinem,
1558 2119 1860 2229 pretermittens
1888 2123 1990 2231 regui
2011 2124 2056 2203 sui

286 2256 573 2348 terrarumque
616 2231 802 2324 diuicias,
843 2244 1039 2338 spernens
1066 2227 1232 2312 delicias
1263 2244 1306 2310 et
1341 2230 1512 2339 gloriam
1548 2230 1651 2313 inibi
1679 2230 1929 2319 dominandi,
1988 2232 2056 2315 Noa

290 2352 418 2459 igitur
445 2345 694 2430 cunctemini
724 2340 896 2451 amplius
924 2339 1099 2449 predicti
1127 2341 1295 2451 gloriosi
1320 2341 1458 2423 vexilli
1485 2338 1676 2424 dominici
1703 2360 1910 2425 camctere
1927 2339 2058 2452 insigni

287 2464 343 2559 ri,
371 2472 596 2541 mercantes
623 2452 730 2535 felici
761 2453 1014 2550 commercio,
1042 2468 1294 2563 perpetuam,
1323 2470 1416 2563 post
1441 2450 1740 2535 defunctionem
1767 2457 1977 2565 corporis,¹
1995 2456 2058 2537 eii·

288 2597 392 2685 gun,
420 2566 581 2650 necnon
610 2564 894 2677 perpetuitatis
919 2566 1212 2673 cooperacione
1246 2565 1316 2646 vix
1343 2583 1625 2647 momentaneo
1659 2564 1802 2649 labore
1829 2568 2057 2678 quietemct

287 2683 593 2795 permutacione
629 2677 812 2759 consulta
852 2690 1012 2757 terrena
1057 2701 1135 2785 pro
1163 2674 1379 2759 celestibus
1413 2691 1729 2775 commutantes,
1755 2680 1979 2763 transitoria
2000 2702 2057 2787 pm

287 2793 506 2888 mansuris,
533 2787 771 2898 temporalia
801 2810 878 2895 pro
893 2786 1065 2891 eternis.
1134 2788 1326 2869 Ceterum
1360 2787 1455 2870 licet
1489 2786 1540 2871 ad
1574 2789 1799 2897 expiandos
1827 2808 1974 2873 vestrm
1993 2788 2057 2869 ini·

174 2974 179 2983 .
277 2932 377 3002 ,mos
402 2907 445 2986 in
475 2919 582 2984 terre
611 2912 829 2984 memorate
868 2920 1123 2998 succursum,
1166 2898 1352 2981 sufficere
1389 2898 1537 2983 debeat
1562 2899 1691 2983 solers
1716 2902 1899 2983 atteucio
1924 2900 2056 3011 premis·

288 3045 445 3116 sorum,
472 3027 517 3097 vt
545 3029 678 3094 tamen
706 3008 883 3093 eiusdem
912 3025 1027 3100 terre'
1041 3014 1255 3121 negocium
1281 3035 1335 3092 *eo
1362 3010 1561 3093 libencius
1587 3037 1720 3123 eoque
1740 3012 1969 3096 ferucncius
1987 3036 2057 3122 pro

288 3130 404 3242 sequi
439 3123 653 3222 studeatis,
695 3147 781 3316 apio
824 3111 1025 3232 potiorem
1062 3121 1242 3206 fructum
1276 3151 1327 3204 ex
1362 3125 1504 3204 vestris
1538 3123 1755 3214 laboribus
1777 3151 1859 3209 vos
1897 3123 2059 3206 nonalis

270 3253 573 3353 .·percepturos,
602 3261 675 3317 nos
732 3233 1068 3342 comnipotentis
1095 3234 1165 3318 dei
1192 3231 1464 3316 misericordia
1491 3249 1534 3316 et
1560 3233 1770 3319 beatorum
1800 3237 1912 3320 Petri
1922 3253 1964 3323 ct
1973 3231 2059 3317 nit
2131 3310 2132 3313 i

255 3405 259 3414 ·
288 3351 565 3464 apostolorum
595 3349 701 3444 eius,
732 3346 974 3427 auctoritate
1005 3347 1165 3443 conlisi,
1192 3363 1234 3428 et
1260 3345 1329 3426 illa
1357 3343 1488 3458 quam
1509 3344 1751 3448 uobis,licet
1770 3348 1962 3458 indiguis,
1982 3344 2057 3428 deus

287 3465 374 3576 ipse
403 3458 557 3572 ligandi
588 3477 630 3543 ct
658 3456 843 3540 soluendi
869 3456 1045 3538 contulit
1072 3473 1333 3567 potestatem,
1374 3458 1582 3557 omnibus,
1622 3461 1696 3572 qui
1731 3459 1874 3550 vexilli
1902 3455 2056 3544 dominici

288 3589 493 3657 caractere
534 3570 716 3678 insigniti
759 3567 1025 3677 personaliter
1057 3568 1237 3676 propriis
1274 3559 1505 3677 sumptibus
1526 3572 1590 3653 'iu
1619 3567 1803 3681 predicte
1825 3587 1936 3658 terre
1957 3566 2080 3652 suhti'

288 3682 401 3768 dium
439 3679 641 3794 proficisci
667 3679 922 3774 curauerint,
966 3677 1138 3788 plenam¹
1153 3703 1319 3760 suorum
1348 3681 1647 3790 peccaminum,
1681 3680 1734 3764 da
1760 3681 1916 3794 quibos
1939 3676 2057 3761 senei·

286 3813 351 3879 ter
379 3795 534 3879 fuerint
562 3790 684 3878 corde
714 3791 879 3878 contriti
907 3805 948 3872 et
977 3815 1047 3872 ore
1073 3791 1275 3889 confessi,
1314 3789 1477 3872 reniam
1511 3791 1790 3904 indulgemus,
1833 3810 1883 3877 ct·
1903 3795 1945 3875 in
1967 3786 2058 3874 tetri·
2122 3830 2127 3842 ·

285 3908 463 3991 bucione
504 3907 721 4000 iustorum,
762 3901 900 3984 salutis
942 3917 1081 3984 eterne
1123 3902 1363 4012 pollicemur
1397 3921 1667 4011 augmentum.
1737 3905 1810 3987 Eis
1837 3921 1984 4002 autem,
1997 3894 2059 4093 ff

136 4103 141 4108 .
287 4020 381 4102 licet
408 4020 452 4100 in
481 4017 621 4102 alienis
649 4013 854 4124 expensis,
883 4013 923 4095 in
953 4013 1131 4124 propriis
1157 4028 1293 4094 tamen
1327 4013 1423 4098 illuc
1438 4017 1623 4123 masonis
1647 4019 1909 4115 accuserint,
1940 4031 1978 4097 et

286 4129 489 4227 simi-liter,
519 4130 591 4240 qui
621 4127 733 4208 iuxta
761 4122 1008 4234 qualitatem,
1036 4139 1077 4206 et
1121 4123 1353 4207 facultatem
1380 4149 1493 4207 suam
1525 4154 1725 4235 personas
1738 4127 1925 4229 idoneas
1949 4128 2058 4214 inm·

285 4243 423 4356 pensis
452 4239 631 4354 propriis
664 4233 944 4333 destinabunt,
977 4235 1164 4346 quamuis
1198 4235 1465 4346 personaliter
1491 4233 1573 4346 ipsi
1603 4266 1685 4321 riou
1714 4237 1887 4336 uadunt,
1926 4238 2058 4349 pissia

286 4381 452 4438 suorum
481 4347 738 4433 concedimus
773 4343 930 4428 veniam
967 4359 1238 4456 peccatorum.
1309 4347 1561 4430 Huiusmodi·
1584 4369 1754 4463 qimque
1778 4348 2059 4435 remissioniset

285 4464 544 4574 indulgencie
570 4458 758 4543 volumus
775 4471 829 4538 et
855 4455 1113 4539 concedimus
1139 4483 1225 4542 csse
1252 4459 1490 4568 participes,
1524 4461 1637 4546 iuxta
1655 4465 1928 4574 ‘quantitatem
1955 4451 2059 4539 sobri·

287 4574 345 4658 dii
373 4591 414 4659 et
442 4571 680 4658 deuocionis
706 4566 915 4665 affectum,
943 4591 1030 4667 eos,
1059 4570 1132 4680 qui
1160 4569 1256 4652 lieet
1282 4593 1366 4649 non
1394 4569 1508 4650 iuxta
1524 4572 1763 4683 qualitatem
1788 4592 1832 4658 et
1856 4569 2059 4654 facultatem

288 4707 419 4786 suam,
447 4686 622 4797 aliquam
651 4697 788 4764 tamen
814 4707 883 4761 seu
919 4677 1076 4792 aliquas
1103 4705 1299 4790 personas
1324 4680 1369 4762 in
1395 4681 1618 4768 subsidium
1637 4685 1757 4774 ¹dicte
1776 4701 1892 4768 terra
1916 4681 1959 4762 in
1981 4695 2059 4788 pia·

246 4881 253 4886 ,
287 4798 387 4906 priis
414 4796 643 4906 sumptibus
673 4789 956 4889 destinabunt,
970 4792 1046 4872 ¹rel
1074 4793 1158 4877 suis
1184 4789 1478 4899 temporalibus
1503 4794 1623 4878 bonis
1647 4797 1911 4879 contribuerit
1928 4789 1979 4874 ad
2000 4783 2058 4866 eli

156 4965 158 4968 -
277 4935 391 5018 ¹qiias
419 4903 720 5002 destinandum,
762 4919 921 4984 necnon
941 4927 1101 5002 omnes,
1132 4902 1206 5014 qui
1233 4900 1286 4985 ad
1325 4898 1798 5018 saibudncioneuiipsius
1824 4925 1928 4992 terre
1948 4895 2058 4984 eido!
