4317 5975
994 348 1242 444 -688
1355 389 1411 412 -

290 571 451 656 domino
478 574 567 652 meo
594 569 893 678 archiepiscopo
921 565 1147 677 supradicto
1175 593 1250 677 pro
1277 595 1338 664 se,
1378 565 1540 648 ecclesia
1567 565 1780 673 vpsalensi‚
1818 581 1858 648 et
1879 573 1945 654 mis
1964 605 2024 662 sm.

147 685 154 694 ’
289 684 504 768 cessoribus
537 683 744 789 recipienti
770 698 940 792 quatuor
968 677 1113 760 solidos
1142 697 1362 760 terracon
1390 674 1553 758 dimidio
1582 675 1744 758 invilla
1774 679 1915 764 soffia
1932 685 2024 772 larin-

289 800 402 904 giao,
426 813 467 876 et
495 791 701 874 duodecim
729 789 911 897 denarios
937 808 1041 872 terre
1069 793 1113 872 in
1139 791 1232 870 villa
1259 808 1415 869 saetrvnn
1443 790 1485 870 in
1513 788 1804 892 wingru,‚eum
1829 798 1935 896 agris,
1961 827 2025 906 pm.

288 910 350 1003 tis,
379 907 550 1015 pascuis,
579 905 706 999 siluis,
746 903 1028 984 venacionibus
1054 920 1096 982 et
1124 900 1310 982 omnibus
1334 901 1417 1009 alijs
1451 896 1598 980 eisdem
1633 896 1779 1008 predijs
1804 905 2027 1010 attinentilvm,

287 1017 438 1100 iuribus
465 1033 506 1096 et
533 1014 752 1096 actionibus
779 1041 857 1124 que
883 1016 947 1094 vel
975 1042 1075 1123 quas
1101 1013 1252 1094 habent
1293 1011 1397 1094 infra
1438 1038 1479 1092 se
1513 1010 1576 1090 vel
1603 1039 1724 1120 supra
1750 1039 1807 1107 sc,
1846 1011 1892 1092 ad
1920 1017 2028 1102 haben.

289 1126 401 1225 dum,
443 1125 676 1222 tenendum,
719 1121 1016 1234 possidendum,
1055 1141 1096 1204 et
1139 1122 1331 1235 quidquid
1361 1123 1452 1217 sibi,
1496 1120 1654 1202 ecclesie
1682 1123 1888 1230 vpsalensi‚
1921 1147 1954 1208 et
1975 1134 2054 1216 su'n.

288 1237 572 1322 successoribus
612 1235 797 1345 deinceps
839 1238 1031 1346 placuerit
1065 1232 1297 1316 faciendum.
1341 1230 1444 1314 datis
1477 1234 1553 1342 ipsi
1588 1230 1748 1314 domino
1776 1263 1859 1315 meo
1884 1242 2030 1350 archiepi-

201 1427 212 1452 ,
289 1380 410 1461 scopo
438 1350 716 1431 nichilominus
750 1349 932 1456 firmarijs
959 1373 1077 1455 super
1105 1347 1200 1442 hoc,
1235 1348 1305 1456 qui
1333 1361 1377 1425 vt
1405 1341 1636 1452 supradixi
1665 1344 1785 1425 fastor
1812 1343 2030 1446 dicmrtmet

288 1465 331 1544 in
358 1464 556 1544 communi
575 1461 722 1569 placito
749 1454 926 1539 attundie
953 1454 1060 1537 dicto
1088 1453 1383 1562 folclanztlring.
1439 1458 1491 1535 ln
1519 1457 1628 1536 cuius
1655 1460 1712 1536 rei
1739 1455 1954 1542 euidentiam
1975 1465 2030 1572 ple·

288 1576 441 1655 niorem
482 1590 523 1650 et
557 1570 608 1652 ad
642 1586 871 1679 perpetuam
903 1570 961 1649 rei
997 1569 1246 1664 memoriam!
1271 1569 1471 1677 presentes
1499 1568 1649 1647 litteras
1675 1568 1758 1648 lieri
1786 1569 1856 1649 leci
1881 1588 1916 1649 et
1939 1602 2031 1654 mmn
2097 1651 2098 1662 ,

289 1683 434 1766 eisdem
462 1686 611 1792 apponi
639 1681 819 1788 sigillum.
855 1682 998 1760 Actum
1033 1683 1075 1760 in
1110 1675 1490 1786 folklanzthingstad
1525 1674 1589 1758 die
1626 1683 1761 1760 martis
1791 1682 1948 1786 proxima
1970 1703 2033 1793 post
2096 1671 2098 1724 l

289 1797 386 1878 lucie
414 1796 586 1900 virginis.

292 1940 548 2028 Peisrcinsidan:
578 1936 777 1998 Permutacio
804 1935 886 1995 facta
913 1953 970 2013 per
996 1931 1159 1994 dominum
1187 1935 1368 2017 philippum
1396 1933 1578 1995 lintridason
1607 1933 1645 1994 de
1669 1935 1721 1996 lll.
1746 1936 1854 1996 marcis
1877 1945 1905 1994 et
1924 1937 2036 1998 tonia

379 2024 452 2084 villo
475 2021 568 2102 saeby.
591 2021 619 2102 ju
642 2020 829 2080 baetaernuvn.
851 2015 935 2077 Vlll.
955 2015 1059 2076 solidis
1087 2028 1168 2078 terre
1195 2021 1226 2078 in
1256 2018 1392 2100 vppoby.
1414 2017 1455 2078 X.
1484 2017 1653 2077 solidis.in'
1680 2019 1737 2078 sko
1770 2017 1980 2095 tingabolstadlr.

510 2105 542 2164 ll
561 2101 667 2164 solidis
690 2104 720 2162 in
743 2099 848 2180 hagha
869 2099 934 2165 .lll.
955 2101 1027 2167 oris.
1050 2101 1080 2159 iu
1104 2113 1240 2168 saetrum.
1262 2103 1301 2170 ll.
1324 2105 1396 2166 oris.
1418 2111 1449 2159 et
1472 2100 1546 2160 villa
1570 2099 1692 2166 hurum.
1716 2101 1738 2168 l.
1761 2099 1884 2167 solido.-

705 2248 827 2331 sigillet
847 2248 1007 2312 bovtsallet
1029 2249 1098 2310 lrdn
1120 2249 1179 2312 den
1205 2272 1242 2311 ur
1264 2249 1388 2312 brcsvet
1409 2250 1532 2333 llippta
1555 2269 1690 2322 renasca,

306 2617 470 2762 ¹746·
742 2721 751 2737 s
889 2655 893 2660 ’
997 2617 1417 2759 1296-1314.

287 2788 290 2797 ’
373 2802 602 2888 lrkcbislopen
625 2803 751 2866 lins'si
772 2802 891 2888 Upsala
913 2803 1086 2885 ldrlrloriog
1107 2803 1195 2866 diver
1217 2803 1256 2866 de
1278 2805 1327 2866 [ὃν
1348 2803 1580 2888 Prosterslmpet
1604 2804 1655 2866 vid
1677 2801 1876 2887 lyrlomiitet
1893 2802 1902 2861 i
1917 2801 2037 2882 Telgeat·
2058 2811 2064 2820 '

417 2887 545 2950 itrdade
567 2887 702 2968 stadgan
1748 2967 1774 3021 L
1874 2967 1940 3033 w)

1776 3010 1786 3023 0
1807 2986 1871 3024 [Μ
1941 3006 1951 3021 .-

505 3150 758 3259 Modrflcatio
790 3168 829 3230 et
862 3153 1094 3233 Declaratio
1129 3149 1384 3232 Statutorum
1417 3180 1544 3263 supro
1563 3158 1787 3261 positorum
1816 3148 1876 3257 **).

403 3328 487 3407 Nos
524 3330 730 3409 chonaus
759 3325 892 3409 divina
928 3328 1174 3406 miseratione
1204 3330 1274 3405 &c
1339 3325 1473 3407 Officii
1509 3328 1633 3407 nostri
1668 3324 1847 3407 debitum
1880 3350 1944 3403 nos
1970 3320 2039 3400 soll·

293 3441 390 3519 citat
423 3455 463 3517 et
489 3441 688 3535 hortatur,
714 3456 758 3516 ut
785 3439 956 3543 gravatis
982 3454 1064 3516 tarn
1093 3436 1290 3533 Ecclesiis‚
1318 3466 1435 3547 quarn
1465 3440 1643 3545 personis
1678 3436 1961 3528 Ecclesiasticis,
1991 3429 2038 3509 svb

294 3549 433 3628 umbra
463 3552 587 3631 nostri
623 3551 823 3654 regiminis
859 3548 1157 3654 respirantilnm
1194 3548 1400 3627 salubriter
1434 3550 1691 3631 consulamus.
1763 3550 1888 3653 Igitur
1919 3570 1960 3624 ne
1980 3568 2039 3646 gn·

293 3676 436 3739 ventur
463 3659 505 3739 in
532 3677 734 3769 posterum
762 3656 1022 3738 sollicitudine
1050 3674 1214 3764 paterna
1243 3686 1457 3765 praecavere
1486 3688 1653 3739 avemus.
1710 3658 1870 3739 Dudum
1898 3650 2039 3765 siquiden
2096 3648 2098 3655 ⁴

295 3771 427 3877 Telgis
459 3772 502 3851 in
529 3770 695 3851 concilio
732 3770 963 3877 provinciali
1006 3797 1095 3849 cum
1139 3765 1290 3847 dilectis
1327 3768 1513 3849 fratribus
1540 3772 1801 3877 suffraganeis
1829 3770 1958 3849 nostris
1979 3791 2040 3843 con·

295 3883 421 3963 stituti
449 3879 666 3962 audivimus
693 3878 874 3991 quoedanr
905 3896 1050 3959 statuta
1079 3880 1330 3987 provincialia
1359 3878 1683 3989 praedecessorum
1719 3899 1951 3973 nostrorum,
1984 3900 2043 3985 qva

295 3993 387 4074 licet
414 3995 480 4101 pia
507 3994 761 4073 consensione
790 3989 840 4070 ad
867 3988 1144 4073 refrenandam
1172 3992 1357 4069 malitiam
1386 4018 1657 4099 perversorum
1688 3994 1962 4073 emanaverint:
1984 4002 2040 4065 tan

296 4107 347 4185 tis
376 4122 508 4184 tamen
529 4132 582 4185 ao
609 4102 752 4182 talibus
780 4121 871 4183 sunt
899 4130 1104 4210 poenarum
1139 4097 1420 4207 adjectionibus
1454 4104 1613 4199 vallata,
1656 4101 1766 4213 quod
1809 4101 1909 4183 unde
1944 4112 2040 4205 optata
2097 4174 2098 4199 χ

176 4254 187 4264 ·
296 4214 556 4324 sperabantur
584 4215 802 4295 levamenta
830 4230 872 4292 et
897 4210 1086 4308 emedio,
1114 4208 1205 4291 inde
1234 4211 1458 4317 gravamina
1485 4244 1591 4293 nunc
1619 4231 1658 4294 et
1685 4216 1860 4325 pericula
1884 4212 2042 4293 inaestina·
2097 4220 2098 4251 i

296 4325 390 4407 bilia
419 4326 658 4436 proveniunt
693 4343 734 4404 ct
770 4340 988 4431 emergunt.
1058 4324 1159 4425 Qvia
1195 4350 1290 4429 crgo
1313 4324 1423 4430 juxta
1458 4326 1685 4405 varietatem
1714 4344 1930 4435 temporum
1953 4321 2043 4402 solent

340 4641 365 4713 *l
387 4634 559 4697 Derstiides
578 4637 665 4716 eflcr
685 4635 808 4696 Statuta
828 4634 1036 4697 Provmcialiu
1057 4632 1246 4716 Upsoliensis
1268 4634 1454 4713 Provincia,
1483 4647 1526 4696 tr.
1543 4636 1619 4719 Ups.
1647 4637 1736 4701 1526.

344 4723 384 4794 “l
406 4718 476 4778 Med
500 4717 539 4778 de
560 4718 738 4797 lberopade
760 4718 962 4796 fiirutglende
980 4716 1169 4795 suidgerum,
1205 4738 1309 4777 menas
1340 4718 1394 4795 de,
1428 4718 1535 4779 hvilla
1558 4732 1684 4799 aratogos
1706 4720 1744 4805 pl
1768 4712 2045 4801 kyr-tomolatum

388 4819 474 4881 1279.
497 4800 546 4876 (Se
567 4800 618 4860 Sv.
642 4802 725 4883 Dipl.
748 4802 805 4862 tteo
826 4798 908 4885 692).
930 4834 971 4847 -
993 4803 1060 4860 Deo
1086 4799 1139 4859 lvos
1160 4799 1349 4873 Nettclblad,
1373 4802 1421 4860 liic
1451 4824 1534 4863 mera
1564 4802 1733 4884 tydlighet,
1761 4807 1801 4886 pai
1825 4806 1887 4862 sina
1906 4798 1992 4859 stalltu
2009 4794 2046 4852 te-

261 4920 265 4925 ‚
384 4882 524 4961 gagnndc
546 4886 667 4944 cursiva
690 4882 795 4958 stilcn,
819 4882 877 4942 har
900 4882 956 4943 latr
977 4882 1083 4943 blifvit
1106 4881 1296 4959 bibelnillcn,
1320 4882 1442 4945 siledcr
1461 4894 1533 4947 utun
1557 4898 1697 4964 attssom
1720 4906 1833 4948 aonam
1854 4895 1886 4945 tr
1907 4882 1986 4955 fallet,
2003 4873 2045 4936 till·

387 4965 574 5045 tannagifva
601 4967 700 5047 rigon
735 4966 829 5028 lalun
856 4964 933 5028 cller
954 4963 1131 5048 otydliglvct
1151 4968 1160 5025 i
1181 4966 1354 5047 originales
1420 5044 1424 5058 Ι
