4317 5975
978 484 1036 505 -
1147 434 1199 526 ts
1308 408 1412 508 -'

272 696 406 831 924.
492 790 495 799 ,
647 694 651 708 ’
911 670 1062 778 1286
1111 672 1159 779 d.
1184 748 1188 753 ·
1214 674 1280 782 13
1327 672 1443 782 Oct.
1654 689 1658 697 '
1898 681 2073 802 Diuo,

151 878 157 887 ⁸
350 901 486 985 Konung
507 902 637 964 Micam
657 892 698 955 les
718 890 898 957 vidimation
918 892 980 956 och
1001 892 1191 961 stadffistelse
1210 896 1252 982 pl
1274 897 1314 961 Κ.
1335 898 1443 963 Krurs
1462 896 1633 983 gtlvobref
1647 898 1695 959 till
1716 899 1817 982 wiuy
1837 899 1961 967 kloster.

1676 1046 1711 1101 n.
1729 1048 1752 1102 a.
1768 1048 1795 1101 s.
1814 1066 1843 1105 tt
1860 1050 1883 1105 s.
1900 1050 1935 1116 *).

378 1181 580 1265 Omnibus
600 1194 805 1290 presentes
819 1180 994 1261 Litteras
1024 1180 1285 1289 jnspecturis,
1313 1183 1491 1265 Mnouus
1518 1180 1586 1264 dei
1614 1185 1749 1289 gracia
1778 1214 1978 1281 sweorum
1995 1216 2069 1295 go·

173 1381 181 1389 ,
265 1297 512 1405 thorumque
539 1320 636 1388 rex,
661 1290 834 1375 salutem
863 1294 907 1372 in
935 1290 1101 1372 domino
1143 1295 1425 1401 sempiternam
1453 1295 1614 1375 Terrore
1645 1298 1895 1401 presencium
1924 1317 2068 1383 notum

263 1406 431 1489 facimus
460 1404 674 1500 uniuersis,
701 1401 825 1506 Quod
847 1430 932 1484 nos.
961 1403 1164 1511 Magnifici
1193 1406 1389 1514 principis
1404 1406 1568 1489 Domini
1595 1403 1740 1487 kanuti
1768 1409 1974 1518 quondam
2003 1441 2068 1493 re·

263 1520 323 1630 gis
350 1544 554 1599 sweorum
581 1514 748 1594 illustris
776 1516 951 1598 Litteras
979 1516 1054 1595 sub
1075 1516 1208 1623 sigillo
1233 1543 1320 1598 suo.
1352 1516 1525 1598 vidimus
1545 1521 1589 1597 Sc
1601 1522 1888 1628 perspeximus.
1919 1525 1969 1601 ln
1992 1523 2068 1607 hee

260 1630 400 1726 verba,
428 1630 516 1736 Ego
531 1628 734 1709 Ksrturus
764 1631 827 1708 &c
855 1626 907 1706 Se
922 1629 1183 1733 soregciencie
1211 1627 1372 1723 Νεοθά.
1403 1632 1487 1710 Nos
1503 1632 1626 1737 igitur
1641 1630 1821 1739 Magnus.
1851 1660 2067 1719 rexsweo·

134 1844 139 1849 Ι
261 1770 350 1825 rum
378 1766 502 1849 supra
530 1739 725 1846 scriptus,
764 1738 954 1848 premissa
996 1741 1131 1819 omnia
1159 1739 1379 1821 seeundum
1408 1741 1521 1850 quod
1548 1757 1638 1822 acta
1665 1758 1762 1822 sunt
1788 1744 2066 1847 Ratilicamus,

262 1856 384 1964 atque
412 1854 455 1933 in
485 1850 766 1933 ratificaciouis
794 1850 1089 1947 testimonium,
1119 1852 1295 1958 sigillum
1324 1870 1509 1933 nostrum
1526 1856 1794 1967 presentibus
1822 1860 1976 1964 apponi
2006 1858 2066 1938 le·

263 1966 389 2047 cimus
418 1962 471 2045 ad
499 1962 748 2045 euidentiam
777 1962 1021 2071 pleniorem,
1054 1964 1203 2042 Datum
1246 1967 1378 2045 Dawo
1406 1992 1515 2046 antro
1544 1966 1697 2047 domini
1725 1966 2065 2067 M·⁰‚cc⁰‚t.xxx

262 2093 390 2175 sexto,
418 2075 491 2163 ΙΙΙ.
520 2072 621 2157 Jdus
649 2074 846 2169 octubris,
875 2074 997 2153 Anno
1020 2076 1137 2180 regni
1165 2077 1294 2156 nostri
1325 2075 1587 2159 Duodecimo.

820 2217 875 2287 Ett
895 2218 993 2287 ttt‘irre
1008 2216 1120 2301 ,stycke
1139 2217 1176 2279 af
1191 2219 1308 2301 sigillet
1325 2216 1503 2301 vidhsnger.

174 2680 176 2689 .
253 2588 399 2737 9²5·
906 2586 1059 2695 1286
1106 2588 1154 2694 d.
1205 2626 1271 2695 21
1309 2586 1439 2693 ¹Oct
1477 2675 1481 2682 <
1806 2584 2063 2696 Baldtaehi.

342 2810 463 2873 lenrn
484 2805 653 2872 Srsrrrocs
673 2804 789 2869 dotters
809 2816 991 2871 testamenta
1013 2808 1051 2869 af
1066 2810 1117 2871 sitt
1139 2807 1215 2892 gods
1235 2807 1374 2891 isperyd
1407 2808 1455 2869 till
1486 2804 1647 2885 Gudbem,
1667 2804 1728 2867 ocb
1750 2808 1920 2892 penningar
1939 2809 1987 2872 till
2009 2810 2065 2873 tt·

391 2894 518 2971 slilliga¹
535 2892 632 2954 andra
654 2890 784 2969 kloster,
806 2891 877 2955 med
899 2893 1070 2971 anordning
1101 2892 1140 2954 al
1165 2894 1231 2953 sina
1253 2893 1355 2971 tili-iga
1377 2891 1454 2971 gods
1483 2891 1531 2952 till
1562 2910 1656 2953 conen
1678 2892 1780 2953 Beros
1800 2903 1879 2954 samt
1899 2892 2062 2960 diittrarue

389 2972 630 3058 Raorrsrnoch
652 2974 828 3054 Cursrtns,
850 2974 885 3039 st
905 2976 964 3038 ock
987 2974 1123 3037 friheten
1145 2974 1178 3037 it
1201 2975 1297 3038 trtlen
1320 2974 1407 3038 Tovs
1428 2972 1489 3038 orb
1509 2972 1577 3038 dees
1599 2995 1617 3038 a
1639 2974 1705 3038 stul
1726 2973 1815 3037 barn.

1757 3085 1923 3156 naeu

365 3222 576 3304 Vniuersis
604 3247 769 3330 presens
796 3221 991 3330 scriptum
1031 3221 1285 3329 inspecturis.
1313 3217 1511 3304 Harnrnrs
1536 3220 1700 3302 Stratos
1727 3222 1933 3333 quondam
1966 3223 2059 3306 filia.

255 3363 392 3448 pacem
422 3337 464 3416 in
493 3333 560 3442 dej
590 3332 674 3412 lilio
702 3334 935 3414 continuam
963 3361 1054 3412 cum
1084 3333 1225 3417 salute.
1282 3332 1385 3415 Cum
1414 3333 1520 3442 uarij
1549 3337 1590 3412 8(
1618 3334 1945 3440 inexcogitabiles
1977 3339 2062 3419 sint

252 3444 680 3554 humane'fragilitatis
709 3463 878 3526 euentus
909 3473 983 3524 nee
998 3445 1211 3554 quisquam
1233 3445 1309 3524 nisi
1328 3443 1551 3526 illustratus
1580 3443 1775 3526 diuinitus
1791 3447 1967 3555 prescire
1983 3477 2061 3558 po·

256 3561 355 3640 terit
383 3586 467 3669 quo
496 3559 574 3662 fine
589 3557 655 3638 uel
683 3555 851 3666 quando
869 3556 974 3636 diem
992 3556 1180 3640 claudere
1193 3555 1337 3638 debeat
1358 3574 1588 3640 extremam.
1617 3557 1724 3640 Hinc
1752 3573 1813 3639 est
1840 3559 1951 3669 quod
1974 3575 2003 3640 'e
2032 3585 2061 3640 o

254 3667 585 3780 Hafridlissalutj
614 3669 746 3749 anime
776 3695 862 3748 mee
891 3669 1105 3776 preuidere
1134 3668 1274 3748 volens
1303 3684 1586 3750 testamentum
1617 3697 1748 3748 meum
1790 3668 1966 3750 condere
1994 3587 2060 3752 ‹li-

252 3783 392 3892 sposui
419 3783 461 3862 in
489 3780 600 3860 hunc
628 3778 805 3861 modum.-
833 3782 897 3859 Do
926 3781 1049 3887 igitur
1071 3781 1204 3888 primo
1219 3779 1391 3860 cenobio
1405 3779 1771 3888 sanetjmonialium
1800 3782 1842 3860 in
1871 3780 2063 3888 gudbaem

253 3892 396 4006 predia
425 3917 512 3972 mea
539 3893 615 3971 sita
638 3889 958 4000 Haespirydcum
975 3893 1161 3973 omnibus
1183 3889 1675 4000 attinencijs&oapellam
1692 3918 1820 3971 meam
1849 3891 1902 3972 ad
1931 3891 2060 3975 altare

251 4000 599 4087 sanet'eKaterine
622 4002 772 4084 ibidem
794 4001 865 4083 ubi
881 4005 1000 4084 etiam
1016 4005 1123 4112 eligo
1137 4003 1397 4111 sepulturam.
1411 4003 1614 4084 ·Glaustro
1638 4030 1802 4082 uarnem
1816 4033 1938 4085 unam
1955 4031 2062 4086 mar·

251 4143 339 4222 cam
365 4116 474 4226 ‘purj.
494 4160 510 4193 ·.
533 4114 633 4195 Item
662 4113 829 4196 cuilibet
864 4118 1105 4195 monasterio
1148 4118 1333 4224 uesgocie
1376 4143 1499 4195 unam
1527 4142 1699 4197 marcam
1729 4114 1825 4224 purj
1852 4107 1957 4197 Jtem
1985 4117 2067 4198 ho·v

251 4229 389 4338 spitali
415 4224 661 4308 lodhosiensi
692 4227 810 4307 .I:am.
840 4229 1013 4310 marcam
1042 4226 1150 4337 purj.
1180 4226 1381 4334 Hospitali
1421 4228 1598 4308 scarensi
1624 4227 1743 4308 .I:am.
1778 4253 1953 4308 marcam
1981 4255 2061 4338 pu·

251 4343 301 4422 ri.
330 4343 435 4420 Jtem
464 4337 666 4448 sacerdotj
693 4340 913 4448 unicuique
942 4337 1187 4446 parrochiali
1203 4337 1274 4416 ubi
1291 4338 1395 4418 bona
1410 4365 1499 4418 mea
1526 4339 1789 4420 continentur
1801 4367 1924 4420 unam
1952 4335 2059 4420 mer·
2118 4344 2124 4359 “

252 4457 340 4534 cam
358 4449 638 4550 ,denariorum
667 4449 842 4530 Ecclesia
869 4451 1106 4558 anguthorp
1136 4476 1262 4527 unum
1291 4476 1443 4556 agrum.
1471 4449 1591 4532 Touo
1618 4478 1711 4534 cum
1733 4449 1893 4536 duobus
1923 4447 2058 4534 infan-

252 4562 348 4644 tulis
378 4561 617 4645 libertatem.
668 4555 941 4643 nonnionem
984 4590 1106 4673 quam
1134 4561 1334 4666 assignavi
1376 4560 1521 4643 dilecte
1562 4561 1642 4643 filie
1681 4589 1767 4644 mee
1811 4564 1975 4645 cristine
2003 4564 2061 4647 de

252 4670 439 4782 gudh'aem
468 4703 541 4783 per
569 4675 720 4755 litteras
749 4680 789 4755 δι
817 4674 991 4782 sigillum
1021 4701 1153 4754 meum
1183 4672 1462 4781 approbatam.
1501 4673 1672 4756 eandem
1702 4676 1849 4756 iterato
1877 4672 2061 4785 presenti

251 4785 404 4894 scripto
450 4788 679 4868 communio
717 4792 759 4868 &
800 4784 1006 4868 confirmo.
1023 4787 1031 4800 “’
1063 4789 1239 4894 Jnsupe'r
1280 4783 1431 4869 clareat
1467 4788 1666 4868 uniuersis
1708 4787 1821 4902 quod
1849 4785 2058 4896 quandam

1740 4924 1921 4982 commu·

288 5075 315 5151 ‘t
335 5072 448 5138 Finnes
469 5075 559 5142 alren
581 5076 591 5141 i
612 5074 795 5142 vidimation
817 5073 856 5139 al
872 5073 1008 5162 Konung
1028 5075 1160 5144 Mrem
1180 5073 1211 5142 ll
1230 5075 1412 5145 Bnomsor
1436 5075 1565 5158 134οά
1589 5095 1627 5165 ¹9
1646 5076 1742 5142 Mers.
