4317 5975
980 352 1074 482 -·=
1153 418 1230 537 ¹3⁶.
1339 462 1458 506 -,

260 624 403 721 ·extra
434 643 610 743 claustro
638 637 813 746 gudhem
843 640 885 719 in
913 666 996 751 quo
1024 639 1208 723 habitum
1236 638 1604 721 sanctimonialium
1632 638 1846 747 assumpsit
1880 638 1957 718 rite
1988 666 2077 722 con·

282 753 381 833 :tulit
411 756 496 833 iure
527 766 722 862 perpetuo
748 750 1008 859 possidendas
1037 754 1340 861 possessionem,
1371 752 1672 859 proprietatem,
1702 746 1925 829 dominium
1941 755 1980 829 8(
1999 777 2077 829 om-

286 892 338 942 ne
367 866 429 943 ius
460 861 571 975 quod
601 862 678 941 sibi
708 862 772 943 uel
801 861 1018 944 heredibus
1046 866 1129 944 suis
1157 865 1199 943 in
1228 862 1346 944 dictis
1375 863 1498 941 curiis
1526 869 1565 942 8(
1592 858 1778 970 qualibet
1814 859 2078 967 predictarum

239 1073 242 1078 ,
287 978 501 1083 compeciit
531 973 597 1055 uel
626 992 855 1083 competere
883 994 1039 1083 posset,
1082 978 1124 1053 in
1162 974 1316 1055 dictum
1336 993 1340 1003 '
1361 975 1580 1053 claustrum
1621 972 1850 1052 scotacione
1879 971 2115 1077 'legittima'

287 1084 507 1166 secundnm
537 1076 868 1165 consuetudinem
898 1101 1005 1164 terre
1020 1114 1134 1194 pure,
1155 1084 1402 1195 simpliciter,
1418 1089 1458 1164 8(
1472 1082 1793 1166 irreuoeabiliter
1808 1081 2082 1163 transferendo

238 1194 243 1215 ¹
285 1199 541 1305 presentibus
569 1199 739 1278 testibus
768 1195 874 1275 infra
903 1198 1095 1307 scriptis,¹
1114 1197 1176 1276 Ne
1205 1199 1329 1304 igitur
1365 1224 1488 1303 super
1524 1196 1751 1277 donacione
1786 1199 1825 1273 8(
1859 1196 2080 1276 scotacionc
2131 1194 2136 1209 '

285 1305 489 1417 predictis,
512 1308 646 1435 a'lipua
668 1309 795 1416 possit
817 1312 857 1387 in
881 1324 1088 1414 posterum
1102 1303 1287 1390 dubietas
1302 1303 1492 1404 suboriri,
1510 1306 1686 1417 sigillum
1703 1322 1887 1387 nostrum
1904 1333 1981 1384 vna
1996 1334 2077 1387 cum

286 1419 426 1526 sigillis
455 1418 652 1500 nobilium
681 1416 934 1499 dominorum
972 1418 1166 1499 laurencii
1202 1419 1388 1526 bobergh
1423 1418 1627 1527 Thyrneri
1667 1417 1840 1499 botildir
1875 1444 1961 1511 sun,
1995 1416 2079 1497 tho·

284 1530 421 1610 luonis
450 1530 701 1611 cannumuloe
731 1528 989 1637 presentibus
1018 1547 1078 1609 est
1106 1556 1342 1639 appensum,
1367 1547 1489 1619 testes
1516 1547 1648 1610 autem
1687 1531 1758 1639 qui
1805 1526 2019 1607 donacioni
2045 1536 2079 1609 8(

118 1622 125 1635 ¹
235 1666 242 1675 ‘
286 1643 506 1722 scotacioni
542 1642 787 1748 suprataetis
829 1640 1105 1721 interfuerunt
1144 1660 1239 1723 sunt
1283 1643 1346 1720 isti
1376 1642 1574 1722 Dominus
1619 1640 1846 1720 laurencius
1890 1638 2079 1749 bobergh,

286 1754 506 1859 thyrnerus
539 1749 717 1831 botilder
745 1780 844 1863 sun,
864 1751 1006 1830 tholuo
1036 1751 1271 1835 cannumuli
1301 1754 1523 1847 memorati,
1552 1757 1593 1832 8(
1628 1752 1807 1857 religiosi
1842 1752 1919 1831 viri
1952 1751 2079 1829 Domi·

285 1892 365 1943 nus
398 1865 623 1943 arnbernus
652 1862 777 1942 abbas
806 1861 855 1941 de
885 1862 1106 1958 warnhem,
1135 1862 1432 1958 fraterolauus
1460 1864 1574 1971 prior
1602 1861 1906 1972 predicatorum
1944 1858 2079 1957 skaris,

288 1972 415 2053 frater
443 1974 604 2069 aluerus
635 1972 762 2051 lector
790 1973 957 2052 fratrum
989 1975 1187 2053 minorum
1224 1974 1371 2071 skaris,
1417 1974 1605 2055 dominus
1649 1975 1884 2056 benedictus
1927 1976 2079 2052 canoni·

237 2086 241 2127 ³
287 2113 357 2166 cus
385 2084 584 2165 skarensis
612 2111 686 2192 per
715 2082 860 2163 dictam
891 2079 1091 2163 dominam
1136 2084 1359 2163 katerinam
1404 2086 1455 2165 ad
1497 2085 1575 2165 hoc
1603 2086 1738 2166 vocati
1779 2084 2007 2193 specialiter
2045 2089 2079 2163 8(

288 2198 420 2304 rogati
448 2192 799 2306 Datumugudhem
829 2221 936 2273 anno
966 2196 1119 2274 domini
1149 2196 1392 2297 M⁰Cc⁰xc⁰
1424 2194 1603 2277 secundo
1641 2215 1790 2306 quarto
1825 2193 1904 2276 kal.
1932 2195 2077 2275 marcii

730 2336 855 2419 Sigillen
878 2338 938 2398 lito
966 2358 991 2415 r,
1014 2338 1031 2397 3
1054 2338 1198 2400 skadade.
1238 2341 1299 2401 Nto
1320 2356 1350 2418 a,
1372 2338 1403 2416 4,
1425 2338 1446 2399 5
1466 2338 1645 2402 bortlallne.
1705 2412 1710 2419 Ι

298 2702 465 2811 1063..
515 2827 518 2835 ἢ
933 2744 1081 2851 1292
1131 2703 1180 2807 d
1229 2706 1259 2809 3
1305 2708 1455 2811 Mars.-

367 2922 514 2986 Abboten
533 2924 546 2982 i
568 2920 689 3006 Nydala
712 2924 877 3004 leonins,
901 2946 941 2988 m.
961 2924 992 2988 ft
1013 2928 1101 3010 intyg
1121 2946 1174 2988 om
1197 2925 1294 3008 Gjurd
1314 2926 1494 2987 Peterssons
1512 2926 1626 3071 ntbpte
1646 2924 1683 2988 al
1694 2922 1914 2987 Fellandefors
1924 2924 1971 2989 till
1981 2922 2076 2987 Thor-

288 3027 292 3043 ’
337 3044 341 3053 s
419 3017 486 3067 sten
508 3007 697 3088 Wigolssson
720 3021 802 3071 enrot
825 3011 1044 3092 Wigolsstorp,
1067 3011 1167 3070 tillika
1190 3011 1260 3070 med
1283 3007 1461 3081 Svenshult,
1484 3013 1575 3072 Wete
1600 3009 1748 3090 crgshult,
1770 3007 1830 3069 och
1843 3009 1965 3071 liisiiren
1986 3007 2077 3069 imel·
2114 3022 2118 3030 ’

422 3090 544 3188 langiss,
567 3099 646 3152 sumt
667 3101 712 3152 att
733 3092 816 3154 detta
833 3093 913 3175 tbyte
936 3092 987 3152 vid
1010 3095 1048 3154 30
1071 3094 1176 3154 marks
1197 3095 1258 3152 vite
1280 3091 1348 3152 ieke
1370 3091 1428 3152 fick
1450 3092 1568 3153 dodras.
1787 3173 1858 3229 Η
1931 3175 1947 3230 3

1857 3190 1913 3228 .a.
1949 3213 1955 3226 .

397 3303 610 3385 Uniuersis
638 3322 843 3412 presentes
872 3309 1114 3414 inspecturis
1150 3308 1276 3405 frater
1312 3311 1542 3389 lueruanus
1579 3309 1705 3388 abbas
1742 3310 1982 3391 nouewallis
2000 3308 2076 3400 ba·

233 3477 236 3484 .
287 3418 437 3528 quinus
466 3418 680 3498 canonicus
710 3418 953 3527 lincopensis
982 3419 1177 3500 ormolfus
1215 3437 1351 3498 rector.
1384 3418 1549 3500 ecclesie
1584 3417 1634 3500 de
1674 3421 1839 3501 malbaec
1868 3427 1911 3502 8(
1938 3419 2074 3501 culsta·

288 3559 366 3610 nus
395 3527 594 3636 presbiter
623 3525 674 3607 de
704 3529 884 3636 linogum
912 3530 1082 3610 salutem
1122 3531 1165 3609 in
1202 3529 1366 3611 domino
1407 3532 1690 3638 sempiternam
1725 3531 1886 3613 Tenore
1923 3558 2072 3641 presen·
2114 3567 2121 3573 ·

288 3645 395 3722 cium
431 3639 678 3720 declaramus
712 3639 824 3749 quod
864 3641 905 3719 in
944 3643 1156 3748 precencia
1194 3658 1332 3720 nostra
1370 3643 1579 3722 constituti
1612 3641 1868 3724 Thorstanus
1904 3638 2072 3750 wigbolli

211 3775 213 3782 ·
288 3781 364 3834 sun
391 3756 432 3836 8(
461 3747 622 3858 giurdo
651 3753 758 3858 petri
785 3779 861 3830 sun
892 3755 997 3830 inter
1025 3779 1066 3830 se
1097 3750 1297 3832 cambium
1333 3751 1514 3832 fecerunt
1543 3751 1776 3860 prediorum
1806 3757 1847 3832 in
1877 3756 2072 3835 hun'emo·

288 3861 386 3943 dum
415 3861 607 3942 uidelicet
636 3861 767 3942 dictus
795 3861 958 3968 girardo
984 3861 1127 3969 predia
1168 3891 1241 3943 sua
1283 3862 1551 3944 fallandafors
1594 3892 1672 3944 vna
1711 3894 1805 3945 cum
1833 3863 2072 3956 molendino
2126 3948 2131 3954 ,

211 4003 220 4010 ·
287 4001 361 4055 suo
389 3973 538 4054 ibidem
563 3975 603 4050 8(
631 3973 817 4054 omnibus
845 3974 1088 4068 attinenciis,
1125 4001 1252 4082 prope
1288 3974 1353 4056 uel
1383 3977 1558 4070 remotis,
1598 3979 1638 4054 &
1672 3976 1851 4057 breuiter
1888 3974 2071 4088 quicquid

225 4091 228 4100 ’
289 4083 467 4194 possedit
497 4081 643 4171 ibidem
674 4085 761 4163 iure
789 4082 961 4192 dorninij
992 4083 1215 4164 indictum
1249 4085 1504 4165 thorstanum
1534 4087 1743 4167 transtulit
1780 4089 1835 4166 ita
1874 4086 1985 4197 quod
2017 4089 2091 4167 ni„

289 4194 369 4276 chil
403 4195 562 4301 penitus
591 4194 819 4301 excipiebat
846 4195 953 4300 jdem
980 4222 1080 4276 uero
1110 4196 1343 4276 thorstanus
1371 4197 1524 4276 curiam
1553 4225 1664 4277 suam
1692 4196 2072 4309 wigbolfstorpcum

289 4305 477 4396 omnihus
527 4305 753 4383 attinenciis
800 4304 1005 4412 giurdoni
1048 4305 1197 4387 dimisit
1238 4308 1315 4386 hoc
1354 4322 1524 4415 excepto
1571 4306 1684 4417 quod
1727 4335 1778 4388 ex
1814 4327 1931 4418 parte
1967 4309 2073 4420 aqui·

289 4416 420 4499 lonari
449 4415 581 4521 ipsum
610 4414 796 4522 predium
824 4419 942 4500 situm
971 4418 1077 4497 inter
1105 4419 1259 4501 curiam
1287 4423 1327 4498 8(
1364 4418 1565 4526 quendam
1601 4420 1764 4500 riwlum
1800 4421 2073 4503 decurrentem

288 4529 398 4607 iuxta
430 4525 630 4634 quendam
662 4543 827 4633 pontem
859 4525 1062 4635 lapideum
1092 4529 1161 4608 vbi
1190 4531 1321 4637 primo
1348 4533 1499 4610 siceum
1528 4529 1697 4612 humido
1724 4534 1916 4630 occurrit,
1944 4541 1982 4614 8(
2006 4555 2071 4611 ex-

289 4637 385 4718 inde
415 4635 468 4716 ad
497 4636 700 4745 quandam
731 4644 870 4744 pinum
901 4641 941 4718 in
971 4657 1087 4747 parte
1114 4666 1299 4747 suprema
1327 4641 1499 4722 decisam
1528 4670 1669 4723 uersus
1718 4644 1912 4725 orientem
1953 4640 2072 4724 eidem

289 4749 401 4830 curie
430 4748 611 4844 attineat,
641 4753 682 4826 8(
710 4749 767 4828 ibi
793 4750 1032 4830 terminetur
1061 4749 1283 4831 dominium
1310 4759 1351 4834 8(
1379 4753 1609 4864 proprietas
1636 4753 1759 4865 illius,
1794 4772 1976 4862 preterea
1993 4779 2072 4834 om·

289 4863 358 4941 nia
388 4857 551 4940 mobilia
576 4859 701 4939 ‘huius
733 4861 843 4944 curie
888 4863 973 4970 ipse
1014 4863 1246 4945 thorstanus
1288 4863 1418 4946 eidem
1462 4863 1647 4974 &udoni
1685 4864 1844 4948 addidit
1881 4866 1960 4947 hec
1999 4889 2071 4974 que

589 5011 592 5019 ,
1157 4990 1176 5007 ”
1883 5004 2022 5064 mun·
