4317 5975
775 457 867 526 -··
945 444 1024 544 'aas
1135 506 1193 525 -
1250 509 1255 518 ·
1311 401 1337 455 ⁵

95 674 254 759 tacimus
280 662 497 780 uniuersis,
525 678 637 793 quod
668 680 837 765 dilectus
859 672 1065 790 ⁴fratruelis
1105 700 1242 764 noster
1268 680 1504 763 domicellus
1534 680 1675 760 Erirns
1712 682 1752 760 in
1792 692 1881 791 pr‘e·
1967 758 1971 765 .

92 789 216 903 senefia
260 792 538 903 religiosorum
579 796 779 891 virorum,
826 794 1015 889 fratrum,
1057 794 1185 874 Olaui
1216 792 1399 902 gardiani
1427 791 1736 872 stoltholmensis
1766 795 1883 901 Jarp·

93 900 155 1019 ulli
190 898 351 985 terroris
392 904 562 1004 ibidem,
605 910 645 985 8ι
681 892 887 986 laurencii
918 906 1064 1011 prioris
1109 905 1321 984 arosiensis
1369 903 1523 984 ordinis
1566 901 1884 1012 predicatorum,

92 1040 159 1095 nee
184 1039 267 1095 non
320 1014 708 1125 saxonis'aduocati
750 1013 1078 1112 stahholmensis,
1124 1042 1205 1096 non
1240 1018 1411 1111 inuitus,
1450 1041 1531 1093 non
1582 1014 1758 1112 illectus,
1801 1031 1884 1098 non

85 1143 264 1237 coactus,
296 1150 376 1207 non
413 1126 702 1210 inductusset
737 1153 842 1210 mera
873 1134 912 1208 &
949 1126 1419 1237 spontaneavoluntate
1455 1124 1629 1207 discreto
1680 1128 1768 1205 viro
1805 1129 1885 1233 siga·

92 1234 247 1347 mundo·
270 1238 507 1320 lteldorsson
547 1241 706 1322 racione
751 1240 912 1347 seruicij
940 1237 1051 1349 quod
1082 1237 1260 1341 domitio¹
1285 1234 1546 1317 Waldemaro
1580 1235 1785 1346 quondam
1817 1243 1886 1317 ress
1979 1286 1982 1291 -

90 1352 127 1458 gi
166 1347 489 1459 patriciusdem
525 1351 726 1433 domicelli
764 1354 871 1433 Erici
910 1350 1083 1430 fideliter
1124 1348 1395 1456 impenderat,
1448 1346 1560 1428 dedit
1595 1361 1635 1425 et
1669 1344 1887 1456 assignauit'

91 1488 133 1540 ue
161 1458 466 1570 appropriando
495 1462 664 1543 tradidit
694 1478 824 1544 totum
855 1460 1038 1571 predium
1069 1459 1179 1571 qnod
1212 1457 1434 1571 possedisse
1462 1458 1687 1537 dinoscitur
1715 1461 1755 1538 in
1786 1478 1886 1551 arna

91 1575 127 1652 in
169 1572 294 1668 villis,
323 1570 424 1677 sebi
460 1576 498 1653 &
536 1573 774 1655 radhabolni
815 1601 905 1654 cum
949 1570 1137 1652 omnibus
1171 1574 1253 1652 suis
1287 1570 1569 1680 pertinenciis,
1610 1570 1650 1647 iri
1706 1573 1888 1681 pisearljs

92 1682 206 1763 siluis.
269 1685 429 1778 insulis,
455 1684 567 1790 agris
592 1700 633 1763 et
671 1689 795 1793 pratis
833 1680 936 1767 infra
974 1689 1156 1792 sepes&
1200 1698 1314 1761 extra
1357 1682 1435 1762 sibi
1465 1687 1504 1761 8(
1548 1681 1650 1760 suis·
1673 1680 1888 1763 heredibus

72 1799 284 1905 'perpetuo
312 1793 610 1903 possidendum.
668 1799 842 1907 lnsuper
872 1794 1075 1904 predictus
1112 1793 1348 1876 domicellus
1384 1793 1536 1871 *Ericus
1563 1792 1688 1871 eclam
1709 1807 1775 1875 ex
1809 1802 1890 1873 ine³

16 1975 19 1983 ,
93 1925 131 1987 ta
176 1912 230 2011 &⁶
263 1907 390 1987 libera
433 1906 661 2011 voluntate,
703 1934 939 1990 consensum
980 1912 1267 2015 &assensum
1305 1902 1493 1984 adhibuit
1535 1902 1647 2012 quod
1690 1901 1888 2014 quicquid

95 2016 265 2127 prelatus
293 2016 770 2117 dominusvaldemarus
812 2036 927 2129 pater
957 2046 1054 2099 suns
1099 2019 1215 2097 uxori
1259 2016 1457 2096 thurstani
1502 2013 1611 2121 longi
1655 2014 1699 2093 in
1739 2013 1889 2096 eisdem

98 2128 192 2209 villis
220 2131 319 2228 sebir
350 2134 388 2209 8ι
418 2130 658 2211 vadhaholm
705 2132 900 2225 contulit,
944 2136 982 2210 8(
1013 2119 1103 2239 ipse
1132 2126 1367 2235 sigmundus
1395 2130 1447 2207 ab
1477 2126 1565 2233 ipso
1608 2126 1821 2206 thorstano
1850 2134 1891 2207 8<
2003 2171 2006 2176 ·
2106 2167 2110 2175 ’

96 2266 210 2320 uxore
238 2268 310 2321 sua
346 2239 470 2320 titulo
497 2243 718 2349 empcionis
760 2241 1030 2352 acquisiuerat
1075 2240 1199 2322 libere
1229 2237 1498 2347 possideat&
1541 2237 1700 2347 quiete,
1742 2237 1890 2346 ipsam·

95 2378 168 2461 que
211 2350 476 2431 donacionem
522 2368 648 2432 ratam
707 2352 849 2433 habuit
893 2358 932 2431 &
978 2370 1174 2460 perpetuo
1211 2379 1258 2428 ac
1307 2349 1628 2429 irreuocabiliter
1668 2346 1892 2429 stabilitam

95 2462 349 2543 Transferens
379 2464 419 2542 in
450 2460 619 2543 eundern
662 2462 916 2572 sigmundum
953 2470 991 2543 St
1033 2492 1128 2543 suos
1169 2457 1335 2542 heredes
1381 2459 1547 2541 liberam
1585 2457 1889 2567 &plenariam
2001 2461 2008 2467 ’

99 2575 315 2655 facultatem
347 2572 544 2682 predictas
573 2576 843 2683 possessiones
870 2571 1091 2667 vendendi,
1118 2571 1394 2680 commutandi
1421 2597 1491 2670 seu
1521 2596 1780 2681 quocumque
1808 2597 1889 2649 mo·

95 2680 143 2765 do
181 2686 354 2766 voluerit
395 2684 631 2781 ordinandi,
661 2712 737 2794 pro
772 2710 842 2766 sue
873 2683 989 2766 libito
1010 2685 1261 2777 uoluntatis,
1291 2684 1480 2762 Ceterum
1507 2707 1747 2771 consensum
1775 2705 1892 2760 suum

96 2796 255 2877 liberum
286 2810 329 2877 tt
357 2794 602 2903 prediximus
631 2797 818 2878 adhibuit
846 2798 1062 2878 donacioni
1095 2797 1197 2875 lacte
1227 2792 1411 2901 predicta
1459 2790 1673 2899 sigmuodo
1716 2816 1794 2898 per.
1828 2818 1892 2870 se·
1975 2889 1977 2892 Ι
2107 2786 2113 2797 ’

96 2907 288 3016 pedictum
319 2924 475 3016 patrem
505 2936 621 2990 suurn
664 2910 870 2990 dominum
900 2906 1172 2989 valdemarum
1216 2908 1266 2986 de
1295 2904 1406 2983 curia
1435 2904 1477 2983 in
1506 2902 1658 2981 thiulta
1694 2903 1770 2979 sita
1799 2930 1891 2980 cum
2009 2925 2012 2932 ’

96 3022 272 3102 omnibus
314 3023 396 3100 suis
437 3019 711 3130 pertinenciis,
751 3017 987 3100 &eandem
1021 3019 1288 3099 donacionem
1323 3033 1471 3109 ratam,
1515 3019 1690 3122 gratans,
1719 3011 1892 3108 firmam,

97 3131 479 3240 &irremeabiliter
515 3133 751 3234 ratificatam
778 3131 942 3226 habuit,
971 3144 1095 3239 lirant
1123 3132 1163 3209 in
1194 3129 1338 3207 litteris
1366 3126 1449 3207 suis
1477 3153 1600 3234 super
1619 3123 1703 3208 -hoc
1730 3122 1894 3204 conlec-

95 3246 138 3332 tis
167 3245 326 3354 plenius
353 3246 593 3332 continetur.
650 3247 699 3324 Jn
731 3245 845 3332 cuius
874 3245 931 3323 rei
960 3241 1233 3321 testimonium
1258 3239 1442 3346 Sigillum
1478 3253 1662 3317 nostrum
1693 3237 1893 3344 presentis

15 3354 21 3368 “
97 3355 165 3434 bus
195 3373 253 3436 est
282 3381 505 3464 appensum
542 3384 618 3436 rna
648 3379 738 3436 curn
776 3353 916 3463 sigillis
951 3351 1191 3435 dilectorum
1220 3349 1539 3438 consiliariorum
1578 3362 1810 3428 nostrorum
1845 3373 1893 3426 ac

97 3465 256 3547 fratrum
295 3469 579 3576 premissorum
610 3494 785 3575 quorum
815 3464 945 3576 sigilla
976 3463 1124 3546 eisdem
1161 3461 1418 3570 presentibus
1449 3476 1546 3540 sunt
1582 3483 1800 3566 appensa,
1823 3459 1894 3536 Ju-

97 3605 212 3686 super
249 3581 435 3686 promisit
467 3578 670 3686 predictus
702 3577 939 3659 domicellus
967 3577 1098 3656 ericus
1135 3589 1179 3651 vt
1215 3601 1305 3653 cum
1343 3573 1475 3682 primo
1519 3569 1697 3678 sigillum
1733 3570 1895 3677 propri·

97 3717 155 3768 un
193 3689 400 3788 habuerit,
444 3690 515 3770 has
549 3688 703 3769 litteras
748 3687 889 3778 eodem
932 3687 1064 3798 sigillo
1105 3685 1202 3765 velit
1246 3685 1385 3795 vtique
1429 3682 1697 3775 communire,
1741 3681 1890 3759 Datum
1996 3739 2000 3747 ,

3 3801 12 3890 l
94 3825 193 3880 anno
220 3797 374 3883 domini
402 3801 476 3882 Μ’.
498 3801 576 3883 CC.
604 3800 689 3882 XC.
718 3795 828 3880 VII‘.
858 3797 967 3880 xvi.
998 3795 1075 3878 kal.
1106 3797 1230 3878 lunii.

3 3891 6 4020 i
95 3943 232 4026 sigillent
257 3944 331 4028 r„4
352 3943 507 4020 shadade,
526 3963 544 4006 2
560 3941 746 4022 'bortlallet‚
770 3943 789 4005 3
811 3939 1024 4022 lullsttndigt3
1037 3939 1101 4002 alls
1114 3938 1155 4026 pa
1171 3932 1385 4010 silkestrddar3
1406 3931 1563 3994 dessutom
1581 3931 1636 3992 hat
1653 3930 1702 3993 ldr
1715 3927 1791 3994 llere
1802 3932 1893 4014 sigili.
1917 3937 1921 3945 ’
1999 3919 2004 3926 ’

3 3477 5 3544 l

3 3549 8 3628 l

27 4277 30 4280 ’
109 4281 260 4352 1200.
756 4277 911 4396 ‚1297
961 4232 1009 4344 d.
1061 4275 1127 4343 21
1179 4237 1309 4340 Juni.
1352 4333 1354 4337 .
1781 4229 1886 4334 ldb.

168 4447 376 4598 Bisholptrnps
404 4470 421 4595 p
451 4445 646 4532 Linkdping,
679 4441 847 4526 Strengnts
878 4443 939 4508 och
972 4398 1100 4510 Wexid
1122 4403 1298 4504 nuenbret
1321 4436 1371 4499 llir
1401 4434 1490 4515 dem,
1522 4457 1587 4497 som
1621 4435 1734 4497 hessia
1768 4432 1889 4518 Upsala

250 4605 254 4615 .
306 4555 337 4596 ru
362 4554 401 4616 yr
425 4554 452 4594 a.
748 4589 753 4600 ‚

1465 4599 1500 4654 A.
1517 4601 1541 4652 3.
1559 4617 1583 4653 a.
1602 4600 1631 4668 4:
1652 4597 1689 4666 nl.

175 4805 178 4812 ,
220 4707 432 4796 Vniuersis
463 4728 665 4823 presentes
696 4709 850 4792 litteras
879 4707 1129 4817 inspecturis
1164 4701 1697 4809 Lauasncruslincopensis,
1722 4701 1887 4782 Ysaaus
1947 4777 1953 4783 .

100 4827 415 4935 strengiaueusis,
439 4831 478 4905 &
501 4823 681 4930 Misenus
707 4823 960 4906 vexioaensis
988 4817 1052 4900 dei
1073 4819 1206 4927 gracia
1223 4815 1432 4925 Episcopi,
1463 4813 1633 4892 salutem
1659 4815 1701 4891 in
1722 4811 1886 4892 domino

100 4939 385 5048 sempiternam,
398 4935 514 5019 Licet
527 4936 561 5046 js
577 4941 641 5016 &c
654 4935 877 5044 scisomsslllto
894 4933 974 5028 435
990 4931 1055 5013 till
1067 4930 1263 5037 apciores,
1290 4928 1510 5034 Cupientes
1539 4925 1663 5031 igitur
1690 4941 1733 5001 vt
1760 4920 1886 5004 eccle·

79 5099 82 5111 ,
99 5043 148 5141 sia
161 5049 378 5158 upsalensis
394 5075 474 5165 qne
489 5049 665 5128 omnium
682 5043 812 5156 Regni
826 5045 946 5127 huius
963 5057 1090 5126 mater
1111 5055 1170 5119 est
1185 5045 1225 5120 8t
1241 5035 1566 5144 Metropolitana,
1581 5035 1711 5142 dignis
1723 5034 1886 5113 honori·

3 4955 6 5140 p
44 5049 48 5057 .

3 5447 6 5606 l
