4317 5975
326 470 341 487 ,
857 404 920 429 -·
1024 362 1107 471 489
1214 402 1274 429 ···
1715 469 1719 481 .

7 585 9 594 ’
144 596 372 723 4534.
459 570 469 579 ”
813 515 961 738 1'3o7
1010 591 1058 701 d.
1113 590 1182 700 13
1229 526 1403 703 Febr]
1495 624 1539 634 ''
1740 530 1990 745 ,Kepstad
2077 684 2082 699 .

272 817 379 881 Gtusn
400 816 539 879 nasson
558 810 709 877 salubres
726 812 767 899 pt
787 815 833 877 rin
854 815 915 877 ocis
936 817 981 877 sin
1002 824 1115 900 systers
1136 813 1228 879 sudel
1250 815 1289 879 sl
1305 812 1483 897 Triiiebods
1504 816 1514 877 i
1536 813 1691 881 Kolabult
1713 816 1761 881 till
1780 818 1891 901 ssiskop
1913 820 1991 883 Lsrs

322 903 334 961 i
356 899 530 987 Linko‘ping
554 899 604 961 so'r
629 916 686 960 ric
713 897 802 961 mark
823 900 1005 983 penningar.
1723 978 1745 1034 B
1772 982 1787 1035 3
1814 982 1829 1051 ⁴

1747 1022 1754 1037 .
1788 1000 1796 1037 s
1830 1000 1854 1052 9.

148 1127 165 1136 “
300 1114 502 1199 Omnibus
531 1132 736 1226 presentes
763 1116 916 1198 litteras
945 1116 1187 1225 inspecturis
1214 1114 1414 1197 ernnno
1442 1141 1646 1199 nrcursson
1661 1117 1828 1199 salutern
1856 1120 1898 1199 in
1915 1118 1988 1205 do·
2030 1152 2032 1161 ·

188 1230 300 1311 mino
327 1230 609 1337 sempiternam
639 1230 835 1309 Constare
862 1228 979 1309 vobis
1007 1227 1101 1309 volo
1128 1226 1340 1311 euidenter
1368 1228 1450 1335 'per
1494 1248 1698 1337 presentes
1727 1230 1793 1323 Mew
1821 1258 1988 1313 venera·

189 1342 262 1423 bili
292 1342 397 1449 patri
426 1338 592 1421 domino
619 1340 826 1424 laurencio
853 1338 919 1421 dei
947 1342 1083 1448 gracia
1114 1340 1317 1448 Episcopo
1361 1337 1583 1447 lincopensi
1611 1343 1764 1423 curiam
1793 1370 1919 1423 meam
1948 1364 1989 1427 ct

189 1453 338 1537 sororis
367 1478 454 1531 mee
501 1450 718 1560 predilecte
761 1467 918 1561 partem
960 1452 1037 1533 sibi
1065 1452 1108 1530 in
1138 1448 1275 1533 eadem
1317 1451 1428 1531 curia
1468 1453 1704 1533 attinentem
1733 1452 1776 1561 jn
1805 1452 1989 1543 lsolahult
2037 1532 2043 1540 ,
2086 1518 2092 1525 .

188 1563 335 1645 dictam
365 1561 622 1671 troyobodhe
650 1592 742 1644 cum
772 1562 979 1658 domibus,
1009 1561 1171 1673 ,prediis
1210 1560 1323 1643 siluis
1364 1561 1581 1671 pecoribus
1608 1590 1656 1643 ac
1684 1564 1871 1645 omnibus
1900 1567 1989 1648 aliis

189 1676 419 1757 attinenciis
449 1673 664 1755 mobilibus
679 1692 720 1756 et
736 1673 1009 1756 immobilibus
1037 1702 1113 1784 pro
1132 1692 1294 1757 centum
1323 1692 1364 1755 et
1390 1672 1526 1755 decem
1543 1665 1715 1755 marchis
1729 1674 1987 1759 denariorum
2074 1679 2076 1685 ’

183 1788 334 1867 rsualis
363 1803 523 1867 monete
551 1783 777 1869 vendidisse
806 1812 963 1867 necnon
992 1804 1033 1867 et
1064 1784 1143 1866 sibi
1170 1786 1333 1893 suisque
1360 1786 1657 1867 successoribus
1685 1806 1873 1895 exparte
1902 1816 1987 1883 mea
2065 1798 2070 1807 '

187 1915 229 1980 et
255 1899 406 1980 sororis
436 1925 520 1977 mee
548 1897 727 2005 Jngridis
754 1899 843 1979 sinc
869 1896 1052 2009 qualibet
1076 1896 1350 1978 diminucione
1390 1893 1573 2004 legaliter
1613 1898 1845 2006 assignasse.
1888 1899 1989 1981 dans

187 2010 314 2093 eidem
344 2010 508 2118 suisque
536 2004 832 2091 successoribus
860 2010 1019 2118 plenam
1050 2024 1288 2119 potestatem
1318 2004 1466 2108 dictam
1495 2011 1647 2093 curiam
1676 2036 1769 2105 cum
1798 2011 1988 2093 omnibus

188 2120 407 2202 mobilibus
435 2137 474 2198 et
489 2120 762 2227 immobilibus
791 2136 837 2201 ut
865 2120 1100 2228 premissum
1115 2138 1186 2200 est.
1213 2115 1404 2201 donandi.
1436 2116 1639 2200 vendendi
1654 2118 1848 2219 mutandi.
1878 2150 1988 2203 com·

13 2220 24 2235 “
78 2302 83 2307 .
187 2231 383 2313 mutandi.
412 2230 617 2311 alienandi
644 2260 716 2314 seu
743 2231 861 2320 aliter.
889 2258 965 2341 pro
992 2258 1064 2311 sue
1099 2231 1217 2311 libito
1245 2229 1466 2309 voluntatis
1507 2227 1749 2337 disponendi
1790 2232 1842 2312 Jn
1872 2234 1988 2313 cuius

185 2345 259 2425 Rei
287 2343 560 2423 testimonium
589 2344 761 2452 sigillum
789 2370 922 2425 meum
951 2370 1028 2422 vna
1058 2370 1149 2423 cum
1179 2341 1319 2448 sigillis
1349 2338 1613 2422 discretorum
1643 2344 1837 2423 virorum.
1875 2342 1987 2425 vide·

187 2457 292 2537 licet.
323 2452 480 2561 dominj
510 2453 626 2533 Elaui
655 2456 852 2564 prepositi
881 2455 933 2536 de
960 2451 1170 2534 alsidhum.
1200 2450 1355 2559 dominj
1378 2450 1470 2532 boo.
1499 2452 1696 2561 prepositi
1723 2451 1773 2535 dc
1801 2453 1987 2565 bierlrry·

185 2565 322 2647 dbum.
349 2563 548 2646 thorstani
575 2562 624 2645 de
653 2566 927 2649 falinndafors.
968 2564 1123 2673 dominj
1165 2562 1318 2645 henrici
1352 2558 1402 2642 de
1431 2559 1558 2669 Aluan.
1603 2561 1782 2645 folkonis
1810 2567 1985 2648 ionsson.
2023 2658 2028 2662 ,
2110 2620 2116 2630 =

185 2676 369 2785 grtzstaui
406 2676 624 2786 siggasson.
666 2696 727 2760 est
761 2705 997 2787 appensum¹
1017 2678 1167 2757 Datum
1197 2672 1463 2786 kepstadhum
1497 2702 1604 2757 anno
1632 2672 1785 2757 domini
1813 2678 1853 2760 M
1881 2678 1984 2760 CCC

136 2859 138 2862 .
185 2789 264 2879 Vll
296 2785 440 2870 Jdibus
468 2786 671 2870 februarii.

194 3260 360 3371 1535.
825 3265 966 3411 1307
1014 3265 1063 3372 d.
1113 3289 1140 3374 α’
1189 3263 1338 3374 Mars.
1531 3402 1535 3412 Ι
1604 3251 1999 3372 Hammarbem-

146 3562 149 3570 y
263 3487 449 3570 Hertigarnc
469 3487 553 3552 Eam
573 3468 637 3552 orb
656 3489 855 3556 wiennam
877 3487 1009 3572 skydds·
1029 3487 1091 3550 och
1114 3486 1316 3550 iubete-bref
1333 3485 1381 3550 scir
1402 3482 1564 3549 Crudbems
1584 3483 1710 3549 kloster.
1732 3567 1757 3623 Δ
1786 3567 1801 3622 3
1826 3562 1841 3619 Ι

290 3703 494 3786 Omnibus
521 3730 687 3814 presens
712 3707 910 3816 scriptum
937 3703 1211 3790 cernentibus.
1242 3702 1392 3786 Eamus
1412 3719 1453 3784 et
1482 3725 1768 3787 wstusnsntts
1797 3698 1862 3780 dei
1880 3701 1983 3809 'grai

182 3813 244 3892 cia
271 3811 404 3897 Duces
431 3844 632 3899 sweorum
661 3817 830 3898 salutem
861 3820 904 3898 in
933 3818 1110 3912 domino,
1139 3815 1335 3896 Constare
1363 3814 1551 3896 volumus
1565 3813 1754 3897 omnibus
1767 3810 1984 3894 euidenter

180 3923 292 4032 qnod
323 3953 395 4005 nos
424 3927 597 4008 nobilem
627 3927 831 4008 dominam
859 3955 906 4008 ac
933 3927 1159 4036 religiosam
1187 3925 1391 4006 dominam
1421 3924 1666 4007 abbatissam
1693 3923 1744 4006 dc
1771 3923 1983 4034 gutheem,

180 4049 394 4145 totumque
420 4055 666 4118 conuentum
696 4035 866 4134 ibidem,
895 4066 985 4119 cum
1015 4037 1205 4118 omnibus
1235 4033 1354 4117 bonis
1380 4037 1463 4116 suis
1492 4034 1712 4116 mobilibus
1739 4053 1780 4118 ct
1808 4034 1983 4116 inmobi-

180 4143 305 4242 libus,
335 4147 477 4229 villicis
503 4164 545 4226 et
572 4148 748 4246 colonis,
776 4177 824 4229 ae
853 4151 1036 4258 personis
1063 4167 1105 4230 et
1133 4147 1292 4256 familijs
1322 4149 1361 4227 in
1391 4145 1540 4230 eisdem
1584 4146 1702 4228 bbnis
1731 4171 1983 4228 commoran-

180 4255 308 4355 tibus,
344 4258 422 4338 sub
450 4275 589 4342 nostre
620 4260 887 4368 proteccionis
918 4264 1120 4342 munimen
1151 4275 1191 4339 et
1218 4257 1345 4340 tutele
1373 4259 1549 4366 graciam
1587 4258 1801 4366 recipimus
1829 4259 1983 4364 specia-

180 4366 277 4465 lem,
306 4367 449 4452 dantes
478 4387 518 4452 et
545 4369 793 4453 declarantes
835 4371 1004 4452 cundem
1045 4371 1308 4480 eiusdemque
1351 4387 1617 4465 conuentum,
1660 4397 1751 4450 cum
1782 4367 1983 4476 premissis

179 4479 318 4576 bonis,
346 4496 388 4562 et
417 4483 613 4590 personis,
630 4483 887 4564 abomnibus
899 4483 1060 4595 juribus
1089 4501 1129 4566 et
1157 4485 1285 4574 causis
1300 4481 1521 4589 regalibus,
1550 4479 1745 4576 videlicet,
1760 4477 1982 4586 gengaerth,

179 4587 536 4701 almaenningsrtrae,
562 4595 844 4702 spannaemaal.
873 4594 1214 4702 Letbungslnmre,
1242 4593 1428 4701 skipwist
1456 4608 1497 4672 et
1524 4591 1717 4686 saldene,
1745 4617 1792 4670 ac
1808 4585 1982 4695 alijsex·

179 4700 474 4802 bibicionibus,
502 4705 821 4815 inposicionibus
850 4721 889 4785 et
917 4707 1196 4789 solucionibus
1223 4704 1545 4815 quibuscumque
1575 4703 1727 4784 nomini
1745 4715 1885 4782 nostro
1911 4697 1983 4781 de·

154 4809 296 4909 bitis,
333 4813 499 4895 liberam
530 4821 690 4926 penitus
718 4831 760 4897 et
786 4833 1031 4925 exemptam,
1059 4817 1103 4900 Si
1131 4843 1229 4898 vero
1256 4812 1560 4922 expedicionem
1589 4833 1768 4898 nostram
1797 4815 1981 4910 euocari,

176 4940 247 5004 aut
276 4926 518 5033 generaliter
545 4927 768 5011 subsidium
797 4923 849 5010 de
877 4943 966 5010 toto
994 4931 1137 5039 Regno
1165 4927 1338 5038 requiri,
1376 4927 1444 5010 uel
1486 4953 1641 5010 corone
1684 4929 1981 5022 iuramentum,
