4317 5975
92 350 105 371 ό
157 364 173 389 ἱ
233 374 246 408 x

804 316 1540 485 ·.··339···.·‘¹

115 605 285 753 1339.
738 604 1306 757 1301d.24·April.
1576 690 1578 707 .
1706 603 1907 758 Upsala.
2010 547 2017 557 ¹

187 795 270 856 Canu
291 789 497 853 Gaaonassons
519 787 778 851 testamentarisha
801 792 972 868 anordning
994 794 1032 853 al
1047 795 1093 854 sin
1116 786 1369 883 qrarlitenshap‚
1393 786 1594 869 bvarigeaom
1617 786 1678 855 hau
1700 796 1799 876 gilver
1820 796 1910 857 Noa·

238 885 313 936 tuna
336 874 383 935 till
404 874 522 957 Upsala
545 872 744 953 Domlryrla,
767 872 823 933 der
845 873 906 933 han
928 875 1063 937 iinslade
1085 874 1183 937 blilva
1206 879 1295 958 jemte
1317 877 1454 956 Lsgmau
1488 874 1579 937 lsrael
1612 877 1798 957 begeafvcn,
1829 889 1909 940 sama

238 959 393 1036 dtskilliga
415 955 570 1018 hesttmda
592 976 731 1015 summor
753 956 800 1015 till
824 956 938 1017 kloster
957 958 1017 1017 och
1040 957 1157 1040 hyrlror
1179 960 1228 1020 lb'r
1250 959 1370 1019 hvillas
1390 959 1582 1040 utbetulniog
1604 958 1665 1021 ban
1683 960 1906 1044 upplsiterEl·

237 1045 281 1124 by
303 1043 314 1101 i
335 1039 571 1122 dstergdthland
593 1036 655 1101 ocb
675 1038 763 1099 Sclta
784 1040 794 1099 i
815 1036 926 1101 Tbeda
947 1041 1058 1103 sochen
1081 1040 1141 1103 och
1163 1040 1622 1105 stulteosve1·sk0ttertiufatta
1645 1042 1721 1105 hans
1743 1042 1800 1104 bar
1822 1030 1907 1129 app-¹

238 1127 322 1206 gisna
343 1124 512 1203 arivingar.
616 1155 619 1162 ,

568 1211 576 1219 ·
1652 1206 1771 1277 aar).

218 1312 269 1399 ln
299 1308 461 1391 nomine
490 1305 644 1388 domini
672 1334 808 1402 amen,
836 1306 1151 1389 Anrroeiusdem
1181 1310 1379 1393 hl⁸.CCC⁶
1411 1310 1554 1419 primo,
1584 1325 1729 1390 octauo
1746 1309 1904 1394 kalend.

105 1424 224 1532 Maij,
255 1422 341 1531 Ego
369 1442 554 1499 annosus
584 1440 840 1499 uatusnsson
883 1449 955 1528 per
1004 1424 1177 1528 graciam
1223 1423 1337 1503 ihesu
1379 1423 1518 1503 christi
1553 1440 1696 1525 mente,
1725 1439 1765 1503 et
1815 1450 1906 1503 sen·

102 1566 153 1617 su
181 1563 322 1628 sanus,
366 1532 460 1611 licet
497 1529 664 1639 aliquali
707 1532 890 1637 eorporis
932 1531 1141 1613 debilitate
1178 1546 1391 1639 grauatus,
1437 1532 1668 1613 desiderans
1711 1535 1905 1645 quamdiu
1972 1524 1974 1529 ⁵

104 1650 217 1727 racio
245 1646 349 1752 regit
365 1659 551 1736 mentem,
580 1641 910 1722 ordinacionibus
933 1649 1161 1751 oportunis,
1193 1664 1232 1726 et
1260 1642 1599 1755 disposicionibus
1627 1646 1745 1724 saluti
1774 1648 1904 1727 anime

106 1758 318 1867 proficuis,
353 1754 589 1833 ineuitablle
617 1752 867 1833 condicionis
885 1748 1071 1833 'humane
1114 1756 1296 1837 debitum
1325 1759 1560 1864 preuenire,
1602 1752 1904 1837 Testamentum
1996 1760 1998 1767 ’

103 1898 236 1950 meum
266 1867 388 1962 facin,
416 1865 571 1960 conde,
608 1879 649 1943 et
677 1864 822 1943 ordino
857 1866 897 1943 in
936 1865 1046 1945 hunc
1090 1868 1275 1964 modum,
1315 1870 1534 1975 inprimis
1579 1860 1746 1948 dilectos
1789 1870 1903 1967 mibi,

102 1983 269 2061 fratrem
299 2006 431 2057 meum
460 1977 677 2057 Dominum
722 1975 924 2082 Magnum,
954 1992 994 2054 et
1022 2005 1166 2085 greger
1211 1978 1407 2076 knutson,
1452 1996 1492 2063 et
1520 1970 1726 2059 dominum
1754 1979 1904 2093 philip·
1988 2000 1991 2009 ·

103 2120 199 2202 pum
229 2088 483 2198 ingiualdson
514 2089 680 2195 eiusque
710 2102 939 2166 consortem
967 2114 1146 2168 sororem
1181 2118 1320 2185 meam,
1348 2110 1388 2171 et
1416 2090 1564 2171 liberos
1583 2108 1770 2171 sororum
1798 2082 1915 2171 mea&

101 2232 214 2305 rum,
243 2198 472 2281 Dummodo
501 2197 658 2307 prolem
688 2197 920 2303 legittimam
951 2225 1033 2277 non
1064 2199 1244 2281 habuero
1274 2201 1370 2282 mihi
1398 2204 1674 2310 superstitem,
1706 2228 1813 2283 meos
1841 2204 1904 2281 in-

102 2318 229 2397 stituo
258 2314 475 2421 legittimos
504 2308 687 2405 heredes,
716 2312 817 2389 Jtem
837 2309 1087 2419 sepulturam
1118 2340 1244 2393 meam
1272 2313 1379 2420 eligo
1408 2312 1518 2421 apud
1547 2312 1751 2393 ecelesiam
1784 2340 1903 2422 vpsa·

102 2428 274 2521 lonssur,
311 2425 351 2503 in
381 2420 557 2531 capella,
586 2422 628 2499 in
657 2448 738 2529 qua
768 2419 955 2501 dominus
983 2422 1103 2528 jsrael
1141 2424 1246 2505 bone
1289 2426 1479 2503 memorie
1525 2424 1730 2535 quondam
1760 2410 1902 2531 legiler
2004 2504 2009 2515 ,

69 2555 161 2623 ,θεῖ
190 2533 392 2645 sepultus,
421 2534 496 2614 Cui
526 2532 689 2612 ecclesie
717 2530 808 2637 lego
829 2550 868 2611 et
897 2533 1064 2612 confero
1094 2538 1247 2616 curiam
1278 2563 1404 2615 meam
1421 2536 1661 2615 Nanaetunir
1676 2536 1901 2616 cambanis
1951 2582 1962 2593 ·

102 2649 291 2731 omnibus
315 2644 587 2729 immobilibus
603 2641 815 2723 addictam
832 2647 982 2722 curiam
999 2647 1275 2743 attinentibus,
1306 2662 1346 2727 ct
1364 2645 1580 2725 mobilibus
1597 2648 1792 2727 rniuersis
1820 2674 1902 2755 que
1976 2646 1981 2655 ’

13 2778 16 2785 ’
59 2802 64 2809 ·
100 2760 251 2843 ibidem
281 2758 432 2837 fuerint
460 2773 642 2863 tempore
673 2756 749 2833 mei
779 2755 933 2850 obitus,
964 2755 1011 2839 ad
1044 2784 1157 2852 vsus,
1184 2760 1234 2839 ad
1265 2786 1381 2867 quos,
1411 2756 1672 2837 Reuerendus
1690 2774 1803 2865 pater
1817 2760 1902 2840 Do·

103 2875 235 2954 minus
264 2870 453 2949 Nicolaus
484 2866 618 2946 diuina
659 2867 918 2945 miseracione
960 2868 1301 2977 Archiepiseopus
1345 2868 1583 2976 upsalensis,
1631 2884 1671 2948 et
1696 2898 1779 2948 vna
1808 2897 1903 2950 cum

102 3013 171 3083 e0,
201 2982 364 3064 discreti
391 2980 488 3074 viri,
518 2979 707 3086 Magister
735 2975 915 3058 Andreas
943 2976 1148 3087 quondam
1195 2982 1425 3090 prepositus
1453 2978 1617 3062 ecclesie
1660 3009 1684 3060 v
1717 2980 1900 3080 salensis,

100 3115 140 3181 et
171 3097 358 3177 dominus
386 3089 625 3172 Benedictus
653 3087 834 3184 Booson,
877 3107 917 3168 et
954 3089 1080 3170 frater
1109 3092 1227 3200 jsrael
1259 3093 1370 3200 prior
1400 3091 1571 3172 fratrum
1602 3011 1902 3198 predicatorum

102 3209 246 3291 domus
274 3205 530 3298 sictonensis,
569 3199 630 3279 vel
660 3199 718 3281 illi
747 3228 797 3280 ex
826 3199 923 3296 hiis,
952 3203 1023 3310 qui
1065 3219 1247 3312 tempore
1277 3205 1504 3282 vocacionis
1547 3231 1631 3286 mee
1660 3206 1901 3311 superstites

102 3321 276 3414 fuerint,
305 3314 453 3396 dictam
482 3314 632 3395 curiam
662 3339 752 3392 cum
782 3315 863 3390 suis
892 3313 1191 3419 pertinentibus
1219 3315 1409 3397 duxerint
1439 3314 1735 3422 deputandam,
1774 3332 1901 3424 prout

101 3431 221 3513 saluti
249 3430 380 3508 anime
425 3453 509 3506 mee
552 3424 677 3529 magis
718 3418 987 3503 iudicauerint
1034 3427 1244 3533 expedire,
1274 3425 1315 3503 Si
1345 3441 1475 3504 autem
1506 3425 1663 3505 eosdem
1694 3444 1784 3505 ante
1814 3428 1909 3513 exi·‚

100 3561 186 3623 tum
217 3568 303 3621 mee
333 3537 561 3619 vocacionis
588 3536 762 3642 migrare
786 3535 1019 3640 contigerit,
1048 3535 1165 3617 Tunc
1181 3535 1290 3644 apud
1314 3535 1521 3616 dominum
1538 3524 1905 3644 Archiepiscopum

95 3653 370 3764 vpsalensem,
398 3649 470 3759 qui
501 3675 576 3756 pro
604 3662 786 3753 tempore
817 3645 959 3742 fuerit,
1003 3647 1211 3730 ordinacio
1253 3665 1455 3727 remaneat
1498 3650 1750 3755 supradicta,
1794 3652 1900 3730 Jtem

100 3765 291 3848 fratribus
322 3757 542 3842 minoribus
571 3757 741 3864 vpsalie,
769 3755 880 3865 apud
910 3786 1013 3866 quos
1041 3776 1157 3866 pater
1189 3785 1315 3854 meus,
1345 3776 1383 3837 et
1414 3759 1547 3868 plures
1571 3761 1646 3837 mei
1678 3762 1900 3868 propinqui

100 3878 248 3988 sepulti
277 3891 391 3968 sunt,
429 3873 519 3978 lego
548 3869 692 3975 viginti
722 3868 901 3952 marchas
929 3866 1206 3966 denariorum,
1241 3873 1342 3950 Jtem
1385 3869 1549 3949 ecclesie
1578 3869 1696 3948 Beate
1732 3871 1899 3977 virginis

100 3991 253 4100 vpsalie
281 4003 459 4096 quatuor
489 3980 669 4061 marchas
704 3977 818 4073 den,
855 3981 958 4058 ltem
992 3982 1174 4088 cappelle
1209 3976 1316 4063 beati
1356 3981 1461 4059 Erici
1493 3979 1640 4059 ibidem
1671 3981 1779 4059 iuxta
1810 4009 1898 4060 seo·
1988 3985 1990 4002 ’

100 4104 159 4182 las
187 4103 261 4180 site
288 4115 370 4178 tres
400 4094 581 4175 marchas
608 4089 720 4185 dem,
749 4093 851 4169 Jtem
883 4092 1020 4170 domui
1049 4091 1114 4171 dei
1143 4092 1294 4200 vpsalie
1323 4106 1404 4171 tres
1433 4093 1611 4171 marchas
1657 4089 1762 4186 den,
1792 4093 1898 4173 ltem

93 4207 472 4301 ,sanctimonialibus
504 4209 546 4285 in
576 4203 650 4284 slro
678 4219 770 4281 tres·
787 4203 968 4283 marchas
997 4201 1108 4298 dem,
1139 4199 1375 4284 Conuentui¹
1399 4203 1566 4282 fratrum
1597 4202 1898 4310 predicatorum

99 4324 269 4405 sictonie
299 4337 392 4401 octo
421 4317 604 4397 Marchas
633 4312 745 4409 dem,
776 4312 971 4393 fratribus
986 4314 1210 4395 Minoribus
1234 4311 1473 4395 stokholmie
1496 4331 1577 4394 tres
1592 4309 1771 4393 marchas
1792 4312 1896 4414 den,

100 4437 347 4517 Monasterio
375 4445 509 4510 sancte
540 4428 657 4507 Clare
686 4425 832 4505 ibidem
863 4442 943 4504 tres
967 4425 1146 4506 marchas
1174 4423 1285 4516 den,
1313 4426 1464 4532 Domuj
1485 4428 1611 4505 saneti
1639 4426 1805 4533 spiritus
1821 4425 1898 4504 ibi·

101 4547 191 4629 dem
222 4566 301 4626 tres
333 4540 510 4622 marchas
539 4539 650 4634 den,
678 4536 889 4616 Fratribus
921 4534 1241 4643 predicatoribus
1271 4539 1311 4616 in
1342 4539 1691 4642 strengiaenestres
1714 4535 1898 4616 Marchas

101 4657 212 4754 den,
241 4656 450 4738 Fratribus
480 4652 702 4731 minoribus
733 4649 934 4755 Eneeopie
962 4667 1043 4728 tres
1073 4649 1252 4728 marchas
1282 4648 1393 4745 dem,
1420 4653 1520 4728 ltem
1544 4643 1733 4754 hospitali
1749 4644 1896 4728 ibidem
1930 4695 1935 4706 ·
2000 4741 2005 4748 ⁸

98 4787 183 4852 tres
211 4769 392 4850 marchas
421 4765 533 4860 den,
562 4762 772 4842 Fratribus
803 4758 1124 4866 predicatoribus
1153 4762 1193 4839 iu
1220 4777 1351 4840 vestra
1371 4787 1461 4840 aros
1480 4759 1580 4838 duas
1597 4759 1776 4840 marchas
1793 4759 1896 4856 den,

143 4986 168 5062 'J
189 4980 301 5042 Fianes
320 4981 409 5042 alren
430 4979 441 5038 i
462 4998 499 5039 en
523 4972 693 5035 vidimerad
716 4971 838 5034 afslrrist
858 4973 896 5033 al
912 4969 971 5031 dea
997 4989 1010 5032 ι
1036 4968 1099 5051 Mai
1126 4967 1211 5032 1308.
