4317 5975
692 424 1231 530 ...437-

120 644 340 745 luntatem,
368 663 609 759 exequtores
635 644 886 741 ordinamus,
921 660 963 729 et
990 642 1248 757 deputamus,
1291 644 1494 727 Discretos
1522 642 1650 741 viros,
1678 642 1914 758 Magistrum

120 760 338 857 Andream,
367 762 636 869 prepositum,
666 773 709 839 et
737 759 933 837 Dominos
962 756 1210 839 laurencium
1240 755 1457 855 decanum,
1486 772 1528 837 ct
1556 754 1751 837 Beronem
1782 757 1914 837 Cano·
2049 778 2053 789 ’

118 873 253 965 uicum
284 890 421 952 nostre
447 870 613 952 ecclesie
641 868 877 979 upsalensis,
905 868 1209 951 Tmnslcrentes
1236 870 1278 950 in
1309 872 1415 981 ipsos
1443 896 1604 950 exnunc
1633 868 1915 949 auctoritatem
2052 872 2057 879 '

121 998 164 1063 et
192 998 431 1091 potestatem
447 982 646 1063 bonorum
678 996 812 1061 nostre
827 976 1124 1089 dispensacioni
1152 1009 1173 1061 a
1202 980 1279 1063 deo
1294 978 1559 1080 creditorum,
1587 997 1780 1091 quantum
1810 1005 1916 1088 opus

117 1093 260 1193 luerit,
302 1089 357 1175 ad
386 1094 574 1203 premissa
617 1090 798 1174 totaliter
839 1089 1117 1201 adimplenda,
1159 1096 1352 1173 Premisse
1396 1109 1527 1173 autem
1570 1108 1706 1174 nostre
1753 1087 1916 1171 ordina·

116 1207 225 1287 cioni
256 1220 460 1315 presentes
488 1204 668 1299 luerunt,
696 1204 747 1286 ad
777 1202 855 1282 boc
881 1203 1110 1313 specialiter
1138 1205 1288 1301 vocati,
1318 1205 1481 1283 Domini
1504 1203 1694 1299 Mathias,
1724 1202 1915 1285 Nicolaus

115 1320 258 1415 marci,
297 1316 488 1397 Nicolaus
515 1314 765 1413 scolasticus,
800 1313 925 1410 Bero,
951 1330 994 1395 et
1021 1314 1225 1395 lohannes
1253 1314 1409 1423 Magnj,
1438 1324 1574 1395 nostre
1602 1314 1823 1423 upsalensis
1850 1340 1916 1395 ec·
1962 1385 1974 1397 .

114 1428 234 1510 clesie
253 1428 478 1522 (hunnici,
507 1442 550 1506 et
576 1430 721 1508 Joarus
750 1442 888 1507 noster
915 1424 1206 1536 Cappellanus,
1235 1428 1284 1508 Jn
1315 1430 1459 1507 horum
1483 1423 1729 1506 euideueiam
1759 1424 1915 1534 plenio-

116 1568 223 1638 rem,
254 1538 429 1645 sigillum
470 1556 674 1634 nostrum,
717 1554 759 1617 et
801 1535 1420 1649 predictorum-Canonicorum
1464 1535 1615 1644 sigilla,
1663 1535 1916 1644 presentibus

11 1726 16 1752 ,
113 1667 213 1731 sunt
240 1678 419 1760 appensa
448 1654 593 1731 Actum
621 1648 795 1760 upsalie,
825 1652 947 1729 Anno
974 1645 1130 1757 dominj
1173 1648 1382 1731 Millesimo
1420 1646 1719 1730 Trecentesimo
1747 1648 1915 1752 Quinto.
2015 1742 2018 1745 ,

113 1762 432 1864 Quintodecimo
461 1759 618 1843 kalend.
648 1760 855 1868 februm-ij.

481 1905 608 1988 Sigillea
629 1908 688 1969 Nto
714 1926 741 1983 r,
762 1900 844 1967 3-6
865 1924 932 1965 mer
952 1902 1031 1965 ellee
1051 1900 1171 1964 mindre
1192 1901 1342 1983 riadade,
1364 1905 1423 1967 Nto
1445 1925 1463 1967 a
1485 1902 1686 1988 iullsttndigt.

126 2168 297 2294 1455.
765 2165 916 2280 1305
962 2162 1011 2270 d.
1059 2164 1127 2269 31
1178 2164 1287 2269 lau.
1538 2158 1923 2312 Hyriugsholm.
2112 2194 2137 2271 ,·

195 2366 258 2450 'lou
279 2383 403 2449 losssou
425 2384 536 2453 eruas
556 2383 727 2450 Sirifrelse
759 2383 807 2446 till
838 2381 1067 2466 lrlebislopeu
1100 2383 1180 2469 Ysar
1201 2384 1211 2445 i
1233 2381 1340 2455 Luud,
1371 2402 1423 2465 om
1456 2383 1624 2447 liirenande
1655 2385 1692 2446 ai
1708 2386 1828 2469 thby
1849 2384 1919 2449 liir·

252 2469 399 2549 samling,
423 2468 469 2529 till
490 2464 617 2529 brillen
641 2466 701 2528 heu
725 2469 816 2549 jemtc
834 2464 1064 2550 ,ir-lebitbopen
1086 2464 1165 2547 egdc
1186 2466 1231 2549 jus
1252 2474 1449 2551 patronatus,
1472 2466 1543 2528 med
1564 2488 1602 2529 en
1624 2468 1792 2553 prebenda.

1636 2580 1667 2637 B.
1687 2598 1709 2639 ιε
1730 2585 1784 2639 ι3ι.

229 2716 474 2801 Reuerendo
501 2721 544 2800 in
576 2717 731 2802 christo
759 2719 865 2827 patri
893 2745 943 2803 ac
969 2717 1146 2801 domino.
1188 2714 1353 2800 domino
1395 2721 1538 2802 isarno
1580 2719 1718 2801 diuina
1756 2720 1919 2801 nusera·

115 2833 235 2913 cione
264 2829 450 2912 lundensi
478 2829 785 2939 archiepiscopo
811 2832 945 2913 suecie
973 2830 1147 2939 primati.
1163 2888 1166 2895 .
1184 2832 1289 2911 loon
1316 2854 1496 2913 soousou
1531 2829 1664 2914 dictus
1700 2854 1817 2913 mrsu
1847 2830 1919 2912 Sa·

114 2944 244 3024 -lutem
273 2959 316 3024 et
342 2970 500 3052 semper
529 2957 708 3052 paratam
747 2938 798 3022 ad
829 2943 954 3052 ipsius
995 2940 1249 3049 beneplacita
1289 2941 1550 3024 voluntatem.
1607 2942 1919 3026 Honorabilium

114 3057 295 3136 virorum
325 3053 585 3135 dominorum
613 3055 901 3134 canonicorum
930 3053 1200 3136 lundensium.
1229 3053 1302 3165 qui
1329 3055 1434 3135 sicut
1460 3055 1503 3135 in
1531 3052 1728 3166 dignitate
1765 3055 1919 3164 precel-

118 3167 211 3249 lunt
239 3166 409 3249 aliarum
438 3166 694 3247 ecclesiarum
724 3167 837 3274 regni
863 3163 979 3246 dacie
1006 3165 1223 3246 canonicos
1250 3183 1291 3246 ct
1318 3163 1485 3248 honore.
1511 3166 1568 3276 jta
1591 3168 1713 3248 eciam
1746 3193 1828 3247 non
1857 3168 1918 3248 in·

115 3276 259 3384 digne,
289 3275 447 3359 diuiciis
475 3294 516 3357 et
545 3304 679 3357 rerum
708 3275 991 3358 habundancia
1027 3274 1244 3384 precellere
1286 3289 1535 3358 tenerentur.
1579 3276 1802 3360 defectibus
1835 3305 1920 3388 non

116 3391 319 3470 immerito
347 3388 651 3497 compacientes.
678 3385 962 3498 feruoremque
991 3387 1230 3470 dilectionis.
1257 3415 1378 3498 quem
1405 3385 1456 3470 ad
1486 3415 1558 3470 vos
1586 3406 1701 3498 pater
1730 3415 1920 3470 reueren-

114 3499 169 3587 δε
196 3528 245 3580 ac
272 3517 448 3582 sanctam
479 3498 713 3582 lundensem
741 3498 949 3580 ecclesiam
983 3525 1142 3607 semper
1171 3499 1211 3578 in
1243 3517 1373 3580 mente
1413 3498 1626 3581 habuimus
1657 3518 1698 3582 et
1727 3499 1921 3582 babemus
2045 3496 2050 3511 “

118 3609 301 3700 volentes
328 3612 536 3720 quomodo
566 3637 777 3720 possumus
810 3607 1098 3694 demonstrare.
1141 3610 1373 3716 paternitati
1415 3626 1546 3693 vestre
1587 3628 1728 3692 tenore
1756 3639 1921 3720 presen-

113 3723 223 3802 cium
255 3725 494 3804 intimamus.
523 3719 636 3832 qnod
667 3751 752 3802 uos.
783 3748 866 3803 nou
896 3724 1026 3804 coacti
1057 3749 1132 3802 nec
1161 3723 1319 3830 decepti
1342 3717 1411 3800 sed
1435 3721 1559 3804 libere
1587 3738 1629 3802 et
1657 3739 1815 3832 sponte.
1848 3748 1920 3802 no·

117 3851 246 3914 stram
275 3828 524 3913 voluntatem
563 3831 812 3916 admittimus
839 3851 881 3913 et
906 3859 1145 3914 eonsensum
1175 3847 1219 3909 vt
1246 3831 1451 3913 ecclesiam
1493 3833 1646 3932 waesbtr
1675 3853 1804 3916 vestre
1832 3833 1921 3915 dio·

115 3947 231 4026 cesis.
259 3971 397 4025 curam
426 3947 650 4024 animarum
678 3944 891 4024 habentem
935 3945 1087 4051 inqua
1126 3942 1244 4022 nobis
1287 3969 1364 4023 vna
1402 3943 1606 4024 vobiscum
1636 3944 1700 4052 jus
1728 3945 1922 4052 competit
2053 3986 2065 4002 κ
2145 3959 2153 3978 ’

116 4073 369 4166 patronatus
399 4053 605 4162 prebende
633 4053 795 4137 discreti
834 4056 911 4135 viri
948 4051 1104 4160 dominj
1132 4053 1346 4136 Gwidonis
1374 4052 1425 4136 de
1455 4053 1668 4136 hallandia.
1713 4053 1920 4135 lundensis

115 4168 320 4249 matonici.
349 4166 518 4274 jllustris
547 4169 652 4274 regis
680 4165 835 4273 dominj
864 4167 992 4245 nostri
1021 4165 1126 4272 regis
1155 4164 1352 4246 danorum
1381 4165 1575 4275 capellam
1592 4192 1712 4276 quam
1742 4167 1782 4247 in
1812 4165 1921 4246 dicta

6 4299 20 4312 ·
116 4295 252 4359 vestra
283 4275 466 4358 lundensi
494 4277 673 4358 ecclesia·
691 4278 849 4358 obtinet
880 4305 971 4358 cum
1001 4278 1053 4358 sit
1082 4277 1251 4356 multum
1274 4277 1406 4358 tenuis
1434 4295 1473 4358 et
1501 4277 1626 4358 exilis.
1654 4275 1820 4387 quando
1850 4303 1922 4358 vo·
2036 4267 2039 4282 ’

114 4389 181 4470 bis
208 4390 420 4496 placuerit.
450 4404 666 4469 annectere
683 4390 867 4496 poteritis
895 4404 1096 4496 perpetuo
1124 4405 1164 4466 et
1194 4389 1317 4469 unire.
1347 4392 1397 4468 ln
1414 4389 1528 4470 cuius
1552 4391 1608 4469 rei
1637 4389 1922 4470 testimonium.

114 4500 297 4610 sigillum
327 4517 509 4580 nostrum
538 4500 798 4610 presentibus
826 4499 1015 4581 duximus
1043 4499 1342 4607 apponendum.
1374 4501 1520 4579 Datum
1546 4499 1822 4608 hyringsholm
1851 4527 1921 4578 an·

117 4640 178 4693 no
208 4611 365 4720 dominj
392 4612 538 4692 MCCC
567 4614 727 4722 quinto
756 4613 966 4691 [lominica
997 4613 1182 4721 proxima
1209 4626 1304 4694 ante
1334 4611 1658 4722 purilicacionem
1696 4613 1812 4693 beate
1841 4613 1922 4694 rir-

115 4723 227 4834 girus
255 4723 390 4804 marie.

162 4865 387 4952 koerstrerae:
407 4865 576 4928 &prensus
596 4867 643 4948 jus
663 4873 843 4952 patronatus
862 4861 1049 5010 bapteptgr'rrrnm
1071 4862 1102 4958 ip
1124 4861 1205 4926 dicta
1226 4865 1355 4927 ecclesia
1376 4863 1525 4948 (Wcsby)
1546 4885 1605 4950 pro
1626 4865 1684 4929 bac
1705 4865 1881 4928 annexione.

934 4964 943 5006 l
1068 4965 1157 5010 rtmfl.

261 5047 310 5105 ὃν.
327 5047 447 5121 Duplam.
465 5048 506 5102 Il.
1044 4965 1068 5030 p
1185 5109 1188 5116 .
1750 5028 1790 5094 56
