<?xml version="1.0" encoding="UTF-8"?>
<!DOCTYPE html PUBLIC "-//W3C//DTD XHTML 1.0 Transitional//EN"
    "http://www.w3.org/TR/xhtml1/DTD/xhtml1-transitional.dtd">
<html xmlns="http://www.w3.org/1999/xhtml" xml:lang="en" lang="en">
 <head>
  <title>
</title>
<meta http-equiv="Content-Type" content="text/html;charset=utf-8" />
  <meta name='ocr-system' content='tesseract 3.04.00' />
  <meta name='ocr-capabilities' content='ocr_page ocr_carea ocr_par ocr_line ocrx_word'/>
</head>
<body>
  <div class='ocr_page' id='page_1' title='image "./svensktdiplomat01swegoog/svensktdiplomat01swegoog_0794.png"; bbox 0 0 4317 5975; ppageno 0'>
   <div class='ocr_carea' id='block_1_1' title="bbox 834 382 1250 491">
    <p class='ocr_par' dir='ltr' id='par_1_1' title="bbox 834 382 1250 491">
     <span class='ocr_line' id='line_1_1' title="bbox 834 382 1250 491; baseline 0.01 -45"><span class='ocrx_word' id='word_1_1' title='bbox 834 382 1250 491; x_wconf 50' lang='lat'>46⁰7-</span> 
     </span>
    </p>
   </div>
   <div class='ocr_carea' id='block_1_2' title="bbox 76 603 2058 1385">
    <p class='ocr_par' dir='ltr' id='par_1_2' title="bbox 76 603 2058 1385">
     <span class='ocr_line' id='line_1_2' title="bbox 76 603 1931 719; baseline 0.012 -41"><span class='ocrx_word' id='word_1_2' title='bbox 76 623 79 630; x_wconf 82' lang='grc'><strong>’</strong></span> <span class='ocrx_word' id='word_1_3' title='bbox 140 603 348 712; x_wconf 87' lang='lat' dir='ltr'>prouincia</span> <span class='ocrx_word' id='word_1_4' title='bbox 380 604 574 686; x_wconf 87' lang='lat' dir='ltr'>vllarakir</span> <span class='ocrx_word' id='word_1_5' title='bbox 602 604 918 712; x_wconf 87' lang='lat' dir='ltr'>permutacionis</span> <span class='ocrx_word' id='word_1_6' title='bbox 943 607 1065 688; x_wconf 83' lang='lat' dir='ltr'>titulo</span> <span class='ocrx_word' id='word_1_7' title='bbox 1092 608 1286 692; x_wconf 83' lang='lat' dir='ltr'>dimisisse</span> <span class='ocrx_word' id='word_1_8' title='bbox 1314 610 1402 690; x_wconf 87' lang='lat' dir='ltr'>iure</span> <span class='ocrx_word' id='word_1_9' title='bbox 1430 625 1627 718; x_wconf 89' lang='lat' dir='ltr'>perpetuo</span> <span class='ocrx_word' id='word_1_10' title='bbox 1655 611 1931 719; x_wconf 83' lang='lat' dir='ltr'>possidendas,</span> 
     </span>
     <span class='ocr_line' id='line_1_3' title="bbox 139 714 1931 836; baseline 0.008 -42"><span class='ocrx_word' id='word_1_11' title='bbox 139 714 372 821; x_wconf 90' lang='lat' dir='ltr'>recipiendo</span> <span class='ocrx_word' id='word_1_12' title='bbox 399 717 453 797; x_wconf 92' lang='lat' dir='ltr'>ab</span> <span class='ocrx_word' id='word_1_13' title='bbox 483 721 570 825; x_wconf 88' lang='lat' dir='ltr'>ipso</span> <span class='ocrx_word' id='word_1_14' title='bbox 598 719 640 796; x_wconf 92' lang='lat' dir='ltr'>in</span> <span class='ocrx_word' id='word_1_15' title='bbox 668 743 912 825; x_wconf 81' lang='lat' dir='ltr'>somaraeng,</span> <span class='ocrx_word' id='word_1_16' title='bbox 943 717 1130 827; x_wconf 85' lang='lat' dir='ltr'>parbcbia</span> <span class='ocrx_word' id='word_1_17' title='bbox 1167 719 1395 816; x_wconf 81' lang='lat' dir='ltr'>vixstadhe,</span> <span class='ocrx_word' id='word_1_18' title='bbox 1437 718 1537 801; x_wconf 86' lang='lat' dir='ltr'>duas</span> <span class='ocrx_word' id='word_1_19' title='bbox 1578 749 1668 802; x_wconf 91' lang='lat' dir='ltr'>oras</span> <span class='ocrx_word' id='word_1_20' title='bbox 1710 740 1816 806; x_wconf 89' lang='lat' dir='ltr'>terre</span> <span class='ocrx_word' id='word_1_21' title='bbox 1853 756 1931 836; x_wconf 91' lang='lat' dir='ltr'>pro</span> 
     </span>
     <span class='ocr_line' id='line_1_4' title="bbox 139 826 1932 945; baseline 0.009 -42"><span class='ocrx_word' id='word_1_22' title='bbox 139 826 287 932; x_wconf 91' lang='lat' dir='ltr'>prediis</span> <span class='ocrx_word' id='word_1_23' title='bbox 317 831 566 924; x_wconf 89' lang='lat' dir='ltr'>memoratis,</span> <span class='ocrx_word' id='word_1_24' title='bbox 594 853 718 934; x_wconf 89' lang='lat' dir='ltr'>super</span> <span class='ocrx_word' id='word_1_25' title='bbox 746 826 824 907; x_wconf 87' lang='lat' dir='ltr'>hoc</span> <span class='ocrx_word' id='word_1_26' title='bbox 851 831 1023 910; x_wconf 88' lang='lat' dir='ltr'>testibus</span> <span class='ocrx_word' id='word_1_27' title='bbox 1050 831 1259 941; x_wconf 83' lang='lat' dir='ltr'>wlgariter</span> <span class='ocrx_word' id='word_1_28' title='bbox 1287 833 1405 914; x_wconf 87' lang='lat' dir='ltr'>dictis</span> <span class='ocrx_word' id='word_1_29' title='bbox 1436 831 1536 912; x_wconf 87' lang='lat' dir='ltr'>fasta</span> <span class='ocrx_word' id='word_1_30' title='bbox 1563 829 1668 914; x_wconf 89' lang='lat' dir='ltr'>datis</span> <span class='ocrx_word' id='word_1_31' title='bbox 1695 849 1737 924; x_wconf 89' lang='lat' dir='ltr'>et</span> <span class='ocrx_word' id='word_1_32' title='bbox 1759 841 1932 945; x_wconf 82' lang='lat' dir='ltr'>receptis</span> 
     </span>
     <span class='ocr_line' id='line_1_5' title="bbox 135 937 1967 1068; baseline 0.01 -52"><span class='ocrx_word' id='word_1_33' title='bbox 135 937 358 1018; x_wconf 85' lang='lat' dir='ltr'>secundum</span> <span class='ocrx_word' id='word_1_34' title='bbox 385 940 494 1048; x_wconf 87' lang='lat' dir='ltr'>leges</span> <span class='ocrx_word' id='word_1_35' title='bbox 530 939 659 1068; x_wconf 88' lang='lat' dir='ltr'>patrie</span> <span class='ocrx_word' id='word_1_36' title='bbox 692 952 734 1016; x_wconf 88' lang='lat' dir='ltr'>et</span> <span class='ocrx_word' id='word_1_37' title='bbox 767 942 1099 1022; x_wconf 81' lang='lat' dir='ltr'>consuetudinem</span> <span class='ocrx_word' id='word_1_38' title='bbox 1143 947 1408 1053; x_wconf 83' lang='lat' dir='ltr'><strong>approbatam</strong></span> <span class='ocrx_word' id='word_1_39' title='bbox 1448 943 1492 1053; x_wconf 88' lang='lat' dir='ltr'>jn</span> <span class='ocrx_word' id='word_1_40' title='bbox 1535 945 1648 1024; x_wconf 85' lang='lat' dir='ltr'>cuins</span> <span class='ocrx_word' id='word_1_41' title='bbox 1688 945 1834 1028; x_wconf 89' lang='lat' dir='ltr'>cambii</span> <span class='ocrx_word' id='word_1_42' title='bbox 1861 975 1967 1034; x_wconf 45' lang='lat' dir='ltr'>seu*</span> 
     </span>
     <span class='ocr_line' id='line_1_6' title="bbox 138 1049 1932 1168; baseline 0.009 -43"><span class='ocrx_word' id='word_1_43' title='bbox 138 1051 451 1154; x_wconf 87' lang='lat' dir='ltr'>permutacionis</span> <span class='ocrx_word' id='word_1_44' title='bbox 479 1049 725 1131; x_wconf 76' lang='lat' dir='ltr'>euideneiam</span> <span class='ocrx_word' id='word_1_45' title='bbox 758 1050 985 1157; x_wconf 85' lang='lat' dir='ltr'>pleniorem</span> <span class='ocrx_word' id='word_1_46' title='bbox 1006 1053 1181 1159; x_wconf 87' lang='lat' dir='ltr'>sigillum</span> <span class='ocrx_word' id='word_1_47' title='bbox 1219 1085 1347 1135; x_wconf 91' lang='lat' dir='ltr'>meum</span> <span class='ocrx_word' id='word_1_48' title='bbox 1386 1053 1640 1164; x_wconf 83' lang='lat' dir='ltr'>presentibus</span> <span class='ocrx_word' id='word_1_49' title='bbox 1672 1072 1745 1136; x_wconf 79' lang='lat' dir='ltr'>est.</span> <span class='ocrx_word' id='word_1_50' title='bbox 1777 1086 1932 1168; x_wconf 88' lang='lat' dir='ltr'>appen-</span> 
     </span>
     <span class='ocr_line' id='line_1_7' title="bbox 136 1151 2058 1270; baseline 0.009 -32"><span class='ocrx_word' id='word_1_51' title='bbox 136 1178 231 1238; x_wconf 72' lang='lat' dir='ltr'>sum·</span> <span class='ocrx_word' id='word_1_52' title='bbox 254 1158 391 1242; x_wconf 90' lang='lat' dir='ltr'>datum</span> <span class='ocrx_word' id='word_1_53' title='bbox 420 1161 532 1270; x_wconf 89' lang='lat' dir='ltr'>apud</span> <span class='ocrx_word' id='word_1_54' title='bbox 567 1160 775 1240; x_wconf 87' lang='lat' dir='ltr'>ecelesiam</span> <span class='ocrx_word' id='word_1_55' title='bbox 817 1161 1020 1244; x_wconf 89' lang='lat' dir='ltr'>ebobered</span> <span class='ocrx_word' id='word_1_56' title='bbox 1063 1190 1172 1244; x_wconf 92' lang='lat' dir='ltr'>anno</span> <span class='ocrx_word' id='word_1_57' title='bbox 1210 1163 1362 1246; x_wconf 90' lang='lat' dir='ltr'>domini</span> <span class='ocrx_word' id='word_1_58' title='bbox 1393 1167 1452 1248; x_wconf 82' lang='grc' dir='ltr'>Μο</span> <span class='ocrx_word' id='word_1_59' title='bbox 1482 1163 1604 1248; x_wconf 90' lang='lat' dir='ltr'>CCC⁰</span> <span class='ocrx_word' id='word_1_60' title='bbox 1632 1165 1691 1246; x_wconf 92' lang='lat' dir='ltr'>X⁰</span> <span class='ocrx_word' id='word_1_61' title='bbox 1723 1167 1765 1248; x_wconf 91' lang='lat' dir='ltr'>in</span> <span class='ocrx_word' id='word_1_62' title='bbox 1804 1161 1933 1253; x_wconf 68' lang='lat' dir='ltr'>&#39;tercia</span> <span class='ocrx_word' id='word_1_63' title='bbox 1997 1151 2001 1162; x_wconf 28' lang='lat' dir='ltr'>i</span> <span class='ocrx_word' id='word_1_64' title='bbox 2053 1157 2058 1168; x_wconf 45' lang='lat'><strong><em>⁴</em></strong></span> 
     </span>
     <span class='ocr_line' id='line_1_8' title="bbox 137 1269 951 1385; baseline 0.001 -34"><span class='ocrx_word' id='word_1_65' title='bbox 137 1269 337 1352; x_wconf 92' lang='lat' dir='ltr'>dominica</span> <span class='ocrx_word' id='word_1_66' title='bbox 364 1273 682 1385; x_wconf 84' lang='lat' dir='ltr'>quadragesime.</span> <span class='ocrx_word' id='word_1_67' title='bbox 948 1281 951 1287; x_wconf 80' lang='grc'><strong>’</strong></span> 
     </span>
    </p>
   </div>
   <div class='ocr_carea' id='block_1_3' title="bbox 217 1367 1771 1586">
    <p class='ocr_par' dir='ltr' id='par_1_3' title="bbox 217 1367 1771 1586">
     <span class='ocr_line' id='line_1_9' title="bbox 292 1367 1771 1504; baseline 0.003 -24"><span class='ocrx_word' id='word_1_68' title='bbox 292 1397 509 1500; x_wconf 72' lang='lat' dir='ltr'>(lsverslrrlftr</span> <span class='ocrx_word' id='word_1_69' title='bbox 526 1417 637 1480; x_wconf 79' lang='lat' dir='ltr'>Tenon</span> <span class='ocrx_word' id='word_1_70' title='bbox 654 1435 753 1502; x_wconf 85' lang='lat' dir='ltr'>super</span> <span class='ocrx_word' id='word_1_71' title='bbox 772 1413 803 1476; x_wconf 84' lang='lat'>11</span> <span class='ocrx_word' id='word_1_72' title='bbox 824 1416 889 1477; x_wconf 89' lang='lat' dir='ltr'>oris</span> <span class='ocrx_word' id='word_1_73' title='bbox 907 1414 1051 1500; x_wconf 79' lang='lat' dir='ltr'>quinque</span> <span class='ocrx_word' id='word_1_74' title='bbox 1069 1415 1208 1478; x_wconf 84' lang='lat' dir='ltr'>denariis</span> <span class='ocrx_word' id='word_1_75' title='bbox 1228 1417 1332 1482; x_wconf 85' lang='lat' dir='ltr'>minus</span> <span class='ocrx_word' id='word_1_76' title='bbox 1351 1419 1387 1484; x_wconf 89' lang='lat' dir='ltr'>in</span> <span class='ocrx_word' id='word_1_77' title='bbox 1407 1437 1563 1504; x_wconf 74' lang='lat' dir='ltr'>spangam</span> <span class='ocrx_word' id='word_1_78' title='bbox 1583 1429 1617 1483; x_wconf 86' lang='lat' dir='ltr'>et</span> <span class='ocrx_word' id='word_1_79' title='bbox 1637 1367 1771 1487; x_wconf 77' lang='lat' dir='ltr'>dimidio</span> 
     </span>
     <span class='ocr_line' id='line_1_10' title="bbox 217 1497 1293 1586; baseline 0.009 -32"><span class='ocrx_word' id='word_1_80' title='bbox 217 1538 220 1542; x_wconf 27' lang='grc' dir='ltr'><em>ι</em></span> <span class='ocrx_word' id='word_1_81' title='bbox 779 1497 886 1560; x_wconf 82' lang='lat' dir='ltr'>solido</span> <span class='ocrx_word' id='word_1_82' title='bbox 907 1508 992 1562; x_wconf 85' lang='lat' dir='ltr'>terre</span> <span class='ocrx_word' id='word_1_83' title='bbox 1014 1501 1047 1562; x_wconf 91' lang='lat' dir='ltr'>in</span> <span class='ocrx_word' id='word_1_84' title='bbox 1059 1499 1146 1564; x_wconf 71' lang='lat' dir='ltr'>‘villa</span> <span class='ocrx_word' id='word_1_85' title='bbox 1165 1500 1293 1586; x_wconf 72' lang='lat' dir='ltr'>stabby.</span> 
     </span>
    </p>
   </div>
   <div class='ocr_carea' id='block_1_4' title="bbox 22 1938 1343 2145">
    <p class='ocr_par' dir='ltr' id='par_1_4' title="bbox 22 1938 1343 2145">
     <span class='ocr_line' id='line_1_11' title="bbox 22 1938 1343 2145; baseline 0.002 -44"><span class='ocrx_word' id='word_1_86' title='bbox 22 2123 25 2126; x_wconf 9' lang='lat'><strong>⁴</strong></span> <span class='ocrx_word' id='word_1_87' title='bbox 150 1996 310 2108; x_wconf 80' lang='lat'><strong>1662.</strong></span> <span class='ocrx_word' id='word_1_88' title='bbox 772 1998 938 2138; x_wconf 29' lang='lat'>,1310</span> <span class='ocrx_word' id='word_1_89' title='bbox 984 1998 1032 2103; x_wconf 91' lang='lat' dir='ltr'>d.</span> <span class='ocrx_word' id='word_1_90' title='bbox 1083 2037 1150 2145; x_wconf 87' lang='lat'>29</span> <span class='ocrx_word' id='word_1_91' title='bbox 1194 1938 1343 2108; x_wconf 84' lang='lat' dir='ltr'>Mars.</span> 
     </span>
    </p>
   </div>
   <div class='ocr_carea' id='block_1_5' title="bbox 217 2170 2010 2520">
    <p class='ocr_par' dir='ltr' id='par_1_5' title="bbox 217 2170 2010 2520">
     <span class='ocr_line' id='line_1_12' title="bbox 217 2170 2010 2276; baseline 0.001 -24"><span class='ocrx_word' id='word_1_92' title='bbox 217 2187 298 2252; x_wconf 78' lang='lat' dir='ltr'>Vice</span> <span class='ocrx_word' id='word_1_93' title='bbox 328 2191 532 2270; x_wconf 78' lang='lat' dir='ltr'>Lagmsnnen</span> <span class='ocrx_word' id='word_1_94' title='bbox 555 2191 566 2250; x_wconf 95' lang='lat' dir='ltr'>i</span> <span class='ocrx_word' id='word_1_95' title='bbox 586 2184 676 2252; x_wconf 66' lang='lat' dir='ltr'>&amp;ster</span> <span class='ocrx_word' id='word_1_96' title='bbox 698 2189 808 2253; x_wconf 81' lang='lat' dir='ltr'>dtland</span> <span class='ocrx_word' id='word_1_97' title='bbox 838 2189 1037 2252; x_wconf 61' lang='lat' dir='ltr'>wemma</span> <span class='ocrx_word' id='word_1_98' title='bbox 1065 2187 1176 2271; x_wconf 81' lang='lat' dir='ltr'>betyg‚</span> <span class='ocrx_word' id='word_1_99' title='bbox 1207 2199 1256 2251; x_wconf 82' lang='lat' dir='ltr'>att</span> <span class='ocrx_word' id='word_1_100' title='bbox 1286 2188 1444 2266; x_wconf 78' lang='lat' dir='ltr'>Andreas,</span> <span class='ocrx_word' id='word_1_101' title='bbox 1476 2189 1691 2276; x_wconf 88' lang='lat' dir='ltr'>Domprosten</span> <span class='ocrx_word' id='word_1_102' title='bbox 1722 2187 1894 2254; x_wconf 87' lang='lat' dir='ltr'>Wimunds</span> <span class='ocrx_word' id='word_1_103' title='bbox 1921 2191 1932 2253; x_wconf 94' lang='lat' dir='ltr'>i</span> <span class='ocrx_word' id='word_1_104' title='bbox 2008 2170 2010 2178; x_wconf 72' lang='lat'><em>,</em></span> 
     </span>
     <span class='ocr_line' id='line_1_13' title="bbox 255 2210 1931 2356; baseline 0.001 -23"><span class='ocrx_word' id='word_1_105' title='bbox 255 2272 438 2355; x_wconf 80' lang='lat' dir='ltr'>Linlrb&#39;ping</span> <span class='ocrx_word' id='word_1_106' title='bbox 459 2273 573 2354; x_wconf 76' lang='lat' dir='ltr'>andger</span> <span class='ocrx_word' id='word_1_107' title='bbox 594 2274 657 2334; x_wconf 86' lang='lat' dir='ltr'>och</span> <span class='ocrx_word' id='word_1_108' title='bbox 676 2210 758 2334; x_wconf 75' lang='lat' dir='ltr'>bans</span> <span class='ocrx_word' id='word_1_109' title='bbox 779 2271 895 2333; x_wconf 87' lang='lat' dir='ltr'>hustru</span> <span class='ocrx_word' id='word_1_110' title='bbox 916 2272 1002 2348; x_wconf 75' lang='lat' dir='ltr'>Oltis,</span> <span class='ocrx_word' id='word_1_111' title='bbox 1023 2273 1373 2355; x_wconf 86' lang='lat' dir='ltr'>Domprostenssyster,</span> <span class='ocrx_word' id='word_1_112' title='bbox 1386 2271 1569 2354; x_wconf 82' lang='lat' dir='ltr'>offentligen</span> <span class='ocrx_word' id='word_1_113' title='bbox 1581 2275 1746 2351; x_wconf 72' lang='lat' dir='ltr'>lbi-klarat,</span> <span class='ocrx_word' id='word_1_114' title='bbox 1758 2273 1813 2335; x_wconf 89' lang='lat' dir='ltr'>det</span> <span class='ocrx_word' id='word_1_115' title='bbox 1829 2275 1931 2356; x_wconf 75' lang='lat' dir='ltr'>Dum·-</span> 
     </span>
     <span class='ocr_line' id='line_1_14' title="bbox 257 2354 1931 2441; baseline 0.003 -27"><span class='ocrx_word' id='word_1_116' title='bbox 257 2364 389 2438; x_wconf 85' lang='lat' dir='ltr'>prosten</span> <span class='ocrx_word' id='word_1_117' title='bbox 411 2354 490 2435; x_wconf 79' lang='lat' dir='ltr'>egde</span> <span class='ocrx_word' id='word_1_118' title='bbox 511 2366 559 2416; x_wconf 87' lang='lat' dir='ltr'>att</span> <span class='ocrx_word' id='word_1_119' title='bbox 580 2357 617 2415; x_wconf 89' lang='lat' dir='ltr'>af</span> <span class='ocrx_word' id='word_1_120' title='bbox 635 2356 708 2419; x_wconf 90' lang='lat' dir='ltr'>dem</span> <span class='ocrx_word' id='word_1_121' title='bbox 729 2354 863 2441; x_wconf 85' lang='lat' dir='ltr'>oqvaldt</span> <span class='ocrx_word' id='word_1_122' title='bbox 882 2354 972 2438; x_wconf 80' lang='lat' dir='ltr'>gifva</span> <span class='ocrx_word' id='word_1_123' title='bbox 992 2354 1057 2417; x_wconf 90' lang='lat' dir='ltr'>och</span> <span class='ocrx_word' id='word_1_124' title='bbox 1077 2355 1248 2440; x_wconf 78' lang='lat' dir='ltr'>disponere</span> <span class='ocrx_word' id='word_1_125' title='bbox 1266 2356 1350 2418; x_wconf 81' lang='lat' dir='ltr'>efter</span> <span class='ocrx_word' id='word_1_126' title='bbox 1369 2356 1597 2437; x_wconf 80' lang='lat' dir='ltr'>godtfinnande</span> <span class='ocrx_word' id='word_1_127' title='bbox 1616 2357 1663 2420; x_wconf 84' lang='lat' dir='ltr'>all</span> <span class='ocrx_word' id='word_1_128' title='bbox 1693 2356 1730 2418; x_wconf 73' lang='lat' dir='ltr'>sle</span> <span class='ocrx_word' id='word_1_129' title='bbox 1759 2355 1812 2418; x_wconf 73' lang='lat' dir='ltr'>viil</span> <span class='ocrx_word' id='word_1_130' title='bbox 1843 2356 1931 2433; x_wconf 81' lang='lat' dir='ltr'>srrd,</span> 
     </span>
     <span class='ocr_line' id='line_1_15' title="bbox 256 2437 1942 2520; baseline 0.001 -24"><span class='ocrx_word' id='word_1_131' title='bbox 256 2458 328 2500; x_wconf 89' lang='lat' dir='ltr'>som</span> <span class='ocrx_word' id='word_1_132' title='bbox 346 2437 491 2499; x_wconf 75' lang='lat' dir='ltr'>ffirvsrffl</span> <span class='ocrx_word' id='word_1_133' title='bbox 511 2439 677 2520; x_wconf 78' lang='lat' dir='ltr'>egendum.</span> <span class='ocrx_word' id='word_1_134' title='bbox 1940 2492 1942 2498; x_wconf 75' lang='grc'>,</span> 
     </span>
    </p>
   </div>
   <div class='ocr_carea' id='block_1_6' title="bbox 1603 2517 1798 2578">
    <p class='ocr_par' dir='ltr' id='par_1_6' title="bbox 1603 2517 1798 2578">
     <span class='ocr_line' id='line_1_16' title="bbox 1603 2517 1798 2578; baseline 0.031 -6"><span class='ocrx_word' id='word_1_135' title='bbox 1603 2517 1632 2576; x_wconf 82' lang='grc' dir='ltr'>Β.</span> <span class='ocrx_word' id='word_1_136' title='bbox 1650 2519 1753 2576; x_wconf 55' lang='lat'>³:313.</span> <span class='ocrx_word' id='word_1_137' title='bbox 1771 2535 1798 2578; x_wconf 81' lang='lat' dir='ltr'>r.</span> 
     </span>
    </p>
   </div>
   <div class='ocr_carea' id='block_1_7' title="bbox 136 2616 1933 2955">
    <p class='ocr_par' dir='ltr' id='par_1_7' title="bbox 136 2616 1933 2955">
     <span class='ocr_line' id='line_1_17' title="bbox 248 2616 1933 2731; baseline 0.001 -31"><span class='ocrx_word' id='word_1_138' title='bbox 248 2616 449 2702; x_wconf 84' lang='lat' dir='ltr'>Omnibus</span> <span class='ocrx_word' id='word_1_139' title='bbox 478 2637 683 2730; x_wconf 85' lang='lat' dir='ltr'>presentes</span> <span class='ocrx_word' id='word_1_140' title='bbox 711 2622 868 2705; x_wconf 84' lang='lat' dir='ltr'>litteras</span> <span class='ocrx_word' id='word_1_141' title='bbox 909 2621 1150 2730; x_wconf 90' lang='lat' dir='ltr'>inspecturis</span> <span class='ocrx_word' id='word_1_142' title='bbox 1180 2621 1486 2712; x_wconf 67' lang='lat' dir='ltr'>,Wsnnnnnus</span> <span class='ocrx_word' id='word_1_143' title='bbox 1533 2623 1639 2702; x_wconf 87' lang='lat' dir='ltr'>vices</span> <span class='ocrx_word' id='word_1_144' title='bbox 1679 2622 1933 2731; x_wconf 82' lang='lat' dir='ltr'>Legileratus</span> 
     </span>
     <span class='ocr_line' id='line_1_18' title="bbox 136 2730 1932 2842; baseline 0.003 -33"><span class='ocrx_word' id='word_1_145' title='bbox 136 2758 279 2838; x_wconf 66' lang='lat' dir='ltr'>gerens</span> <span class='ocrx_word' id='word_1_146' title='bbox 308 2734 348 2811; x_wconf 95' lang='lat' dir='ltr'>in</span> <span class='ocrx_word' id='word_1_147' title='bbox 379 2735 540 2839; x_wconf 82' lang='lat' dir='ltr'>osgocia</span> <span class='ocrx_word' id='word_1_148' title='bbox 566 2733 735 2814; x_wconf 90' lang='lat' dir='ltr'>salutem</span> <span class='ocrx_word' id='word_1_149' title='bbox 765 2735 807 2812; x_wconf 93' lang='lat' dir='ltr'>in</span> <span class='ocrx_word' id='word_1_150' title='bbox 835 2730 1001 2813; x_wconf 92' lang='lat' dir='ltr'>domino</span> <span class='ocrx_word' id='word_1_151' title='bbox 1035 2732 1195 2813; x_wconf 86' lang='lat' dir='ltr'>Tenere</span> <span class='ocrx_word' id='word_1_152' title='bbox 1232 2733 1481 2842; x_wconf 89' lang='lat' dir='ltr'>presencium</span> <span class='ocrx_word' id='word_1_153' title='bbox 1515 2747 1700 2815; x_wconf 83' lang='lat' dir='ltr'>constare</span> <span class='ocrx_word' id='word_1_154' title='bbox 1743 2731 1932 2814; x_wconf 87' lang='lat' dir='ltr'>uolumus</span> 
     </span>
     <span class='ocr_line' id='line_1_19' title="bbox 141 2842 1932 2955; baseline 0.001 -33"><span class='ocrx_word' id='word_1_155' title='bbox 141 2842 330 2924; x_wconf 92' lang='lat' dir='ltr'>omnibus</span> <span class='ocrx_word' id='word_1_156' title='bbox 357 2845 569 2926; x_wconf 89' lang='lat' dir='ltr'>euidenter</span> <span class='ocrx_word' id='word_1_157' title='bbox 597 2845 709 2955; x_wconf 92' lang='lat' dir='ltr'>quod</span> <span class='ocrx_word' id='word_1_158' title='bbox 737 2843 804 2925; x_wconf 92' lang='lat' dir='ltr'>die</span> <span class='ocrx_word' id='word_1_159' title='bbox 832 2843 927 2923; x_wconf 88' lang='lat' dir='ltr'>lune</span> <span class='ocrx_word' id='word_1_160' title='bbox 956 2844 1131 2952; x_wconf 84' lang='lat' dir='ltr'>lincopia</span> <span class='ocrx_word' id='word_1_161' title='bbox 1160 2860 1253 2952; x_wconf 91' lang='lat' dir='ltr'>post</span> <span class='ocrx_word' id='word_1_162' title='bbox 1282 2845 1519 2925; x_wconf 90' lang='lat' dir='ltr'>dominicam</span> <span class='ocrx_word' id='word_1_163' title='bbox 1555 2845 1680 2925; x_wconf 91' lang='lat' dir='ltr'>letare</span> <span class='ocrx_word' id='word_1_164' title='bbox 1716 2872 1797 2955; x_wconf 90' lang='lat' dir='ltr'>que</span> <span class='ocrx_word' id='word_1_165' title='bbox 1833 2842 1932 2924; x_wconf 93' lang='lat' dir='ltr'>dici·</span> 
     </span>
    </p>
   </div>
   <div class='ocr_carea' id='block_1_8' title="bbox 23 2951 2062 4962">
    <p class='ocr_par' dir='ltr' id='par_1_8' title="bbox 46 2951 2062 4397">
     <span class='ocr_line' id='line_1_20' title="bbox 136 2951 1933 3065; baseline 0 -30"><span class='ocrx_word' id='word_1_166' title='bbox 136 2971 207 3035; x_wconf 84' lang='lat' dir='ltr'>tur</span> <span class='ocrx_word' id='word_1_167' title='bbox 235 2953 722 3065; x_wconf 84' lang='lat' dir='ltr'>legdhingsmanadagber</span> <span class='ocrx_word' id='word_1_168' title='bbox 759 2958 799 3035; x_wconf 97' lang='lat' dir='ltr'>in</span> <span class='ocrx_word' id='word_1_169' title='bbox 838 2956 1042 3065; x_wconf 89' lang='lat' dir='ltr'>presencia</span> <span class='ocrx_word' id='word_1_170' title='bbox 1081 2973 1217 3037; x_wconf 90' lang='lat' dir='ltr'>nostra</span> <span class='ocrx_word' id='word_1_171' title='bbox 1258 2955 1467 3038; x_wconf 88' lang='lat' dir='ltr'>constituti</span> <span class='ocrx_word' id='word_1_172' title='bbox 1508 2957 1680 3039; x_wconf 87' lang='lat' dir='ltr'>andreas</span> <span class='ocrx_word' id='word_1_173' title='bbox 1719 2983 1844 3063; x_wconf 80' lang='lat' dir='ltr'>gener</span> <span class='ocrx_word' id='word_1_174' title='bbox 1871 2951 1933 3035; x_wconf 90' lang='lat' dir='ltr'>di-</span> 
     </span>
     <span class='ocr_line' id='line_1_21' title="bbox 137 3066 2027 3179; baseline -0.001 -31"><span class='ocrx_word' id='word_1_175' title='bbox 137 3068 256 3148; x_wconf 85' lang='lat' dir='ltr'>screti</span> <span class='ocrx_word' id='word_1_176' title='bbox 288 3068 364 3146; x_wconf 88' lang='lat' dir='ltr'>viri</span> <span class='ocrx_word' id='word_1_177' title='bbox 393 3067 545 3176; x_wconf 90' lang='lat' dir='ltr'>dominj</span> <span class='ocrx_word' id='word_1_178' title='bbox 575 3069 644 3150; x_wconf 89' lang='lat' dir='ltr'>W.</span> <span class='ocrx_word' id='word_1_179' title='bbox 673 3068 870 3179; x_wconf 87' lang='lat' dir='ltr'>prepositi</span> <span class='ocrx_word' id='word_1_180' title='bbox 899 3068 1141 3176; x_wconf 89' lang='lat' dir='ltr'>lincopensis</span> <span class='ocrx_word' id='word_1_181' title='bbox 1169 3094 1244 3148; x_wconf 90' lang='lat' dir='ltr'>nee</span> <span class='ocrx_word' id='word_1_182' title='bbox 1272 3096 1355 3149; x_wconf 94' lang='lat' dir='ltr'>non</span> <span class='ocrx_word' id='word_1_183' title='bbox 1384 3084 1425 3147; x_wconf 85' lang='lat' dir='ltr'>et</span> <span class='ocrx_word' id='word_1_184' title='bbox 1454 3095 1556 3151; x_wconf 83' lang='lat' dir='ltr'>vxor</span> <span class='ocrx_word' id='word_1_185' title='bbox 1582 3096 1654 3149; x_wconf 88' lang='lat' dir='ltr'>sua</span> <span class='ocrx_word' id='word_1_186' title='bbox 1681 3066 1787 3165; x_wconf 80' lang='lat' dir='ltr'>elul,</span> <span class='ocrx_word' id='word_1_187' title='bbox 1815 3095 1932 3150; x_wconf 91' lang='lat' dir='ltr'>soror</span> <span class='ocrx_word' id='word_1_188' title='bbox 1984 3090 2027 3137; x_wconf 68' lang='lat'>2·</span> 
     </span>
     <span class='ocr_line' id='line_1_22' title="bbox 46 3178 1932 3287; baseline 0 -28"><span class='ocrx_word' id='word_1_189' title='bbox 46 3262 50 3267; x_wconf 73' lang='grc'><strong><em>,</em></strong></span> <span class='ocrx_word' id='word_1_190' title='bbox 139 3178 239 3286; x_wconf 86' lang='lat' dir='ltr'>dictj</span> <span class='ocrx_word' id='word_1_191' title='bbox 268 3178 423 3287; x_wconf 90' lang='lat' dir='ltr'>dominj</span> <span class='ocrx_word' id='word_1_192' title='bbox 452 3180 646 3287; x_wconf 90' lang='lat' dir='ltr'>prepositi</span> <span class='ocrx_word' id='word_1_193' title='bbox 682 3194 1008 3287; x_wconf 80' lang='lat' dir='ltr'>recognocerunt</span> <span class='ocrx_word' id='word_1_194' title='bbox 1051 3178 1213 3285; x_wconf 90' lang='lat' dir='ltr'>publice</span> <span class='ocrx_word' id='word_1_195' title='bbox 1240 3180 1282 3258; x_wconf 80' lang='lat' dir='ltr'>e&#39;t</span> <span class='ocrx_word' id='word_1_196' title='bbox 1311 3206 1495 3285; x_wconf 82' lang='lat' dir='ltr'>expresse</span> <span class='ocrx_word' id='word_1_197' title='bbox 1534 3207 1774 3261; x_wconf 89' lang='lat' dir='ltr'>consensum</span> <span class='ocrx_word' id='word_1_198' title='bbox 1800 3196 1932 3259; x_wconf 82' lang='lat' dir='ltr'>‘suum</span> 
     </span>
     <span class='ocr_line' id='line_1_23' title="bbox 138 3287 1932 3399; baseline -0.001 -30"><span class='ocrx_word' id='word_1_199' title='bbox 138 3290 388 3370; x_wconf 81' lang='lat' dir='ltr'>voluntatem</span> <span class='ocrx_word' id='word_1_200' title='bbox 418 3306 459 3370; x_wconf 91' lang='lat' dir='ltr'>et</span> <span class='ocrx_word' id='word_1_201' title='bbox 495 3318 700 3373; x_wconf 79' lang='lat' dir='ltr'>assensum</span> <span class='ocrx_word' id='word_1_202' title='bbox 733 3290 890 3373; x_wconf 89' lang='lat' dir='ltr'>dedisse</span> <span class='ocrx_word' id='word_1_203' title='bbox 928 3290 1092 3399; x_wconf 89' lang='lat' dir='ltr'>penitus</span> <span class='ocrx_word' id='word_1_204' title='bbox 1120 3305 1167 3371; x_wconf 89' lang='lat' dir='ltr'>ut</span> <span class='ocrx_word' id='word_1_205' title='bbox 1200 3287 1334 3371; x_wconf 90' lang='lat' dir='ltr'>dictus</span> <span class='ocrx_word' id='word_1_206' title='bbox 1362 3290 1442 3372; x_wconf 89' lang='lat' dir='ltr'>.W.</span> <span class='ocrx_word' id='word_1_207' title='bbox 1469 3294 1701 3399; x_wconf 86' lang='lat' dir='ltr'>prepositus</span> <span class='ocrx_word' id='word_1_208' title='bbox 1730 3289 1781 3371; x_wconf 88' lang='lat' dir='ltr'>de</span> <span class='ocrx_word' id='word_1_209' title='bbox 1814 3291 1932 3372; x_wconf 90' lang='lat' dir='ltr'>bonis</span> 
     </span>
     <span class='ocr_line' id='line_1_24' title="bbox 137 3401 1934 3512; baseline -0.001 -29"><span class='ocrx_word' id='word_1_210' title='bbox 137 3403 220 3483; x_wconf 89' lang='lat' dir='ltr'>suis</span> <span class='ocrx_word' id='word_1_211' title='bbox 248 3402 437 3482; x_wconf 90' lang='lat' dir='ltr'>omnibus</span> <span class='ocrx_word' id='word_1_212' title='bbox 464 3403 650 3512; x_wconf 86' lang='lat' dir='ltr'>quesibi</span> <span class='ocrx_word' id='word_1_213' title='bbox 679 3418 849 3512; x_wconf 89' lang='lat' dir='ltr'>paterna</span> <span class='ocrx_word' id='word_1_214' title='bbox 878 3402 941 3484; x_wconf 83' lang='lat' dir='ltr'>vel</span> <span class='ocrx_word' id='word_1_215' title='bbox 971 3418 1149 3480; x_wconf 89' lang='lat' dir='ltr'>materna</span> <span class='ocrx_word' id='word_1_216' title='bbox 1175 3403 1425 3483; x_wconf 87' lang='lat' dir='ltr'>successione</span> <span class='ocrx_word' id='word_1_217' title='bbox 1451 3418 1525 3481; x_wconf 89' lang='lat' dir='ltr'>aut</span> <span class='ocrx_word' id='word_1_218' title='bbox 1549 3403 1683 3501; x_wconf 66' lang='lat' dir='ltr'>titulo</span> <span class='ocrx_word' id='word_1_219' title='bbox 1697 3401 1934 3484; x_wconf 88' lang='lat' dir='ltr'>donacionis</span> 
     </span>
     <span class='ocr_line' id='line_1_25' title="bbox 139 3511 2062 3622; baseline -0.001 -29"><span class='ocrx_word' id='word_1_220' title='bbox 139 3529 210 3593; x_wconf 89' lang='lat' dir='ltr'>aut</span> <span class='ocrx_word' id='word_1_221' title='bbox 237 3516 458 3621; x_wconf 89' lang='lat' dir='ltr'>empcionis</span> <span class='ocrx_word' id='word_1_222' title='bbox 484 3542 554 3594; x_wconf 88' lang='lat' dir='ltr'>seu</span> <span class='ocrx_word' id='word_1_223' title='bbox 582 3515 707 3595; x_wconf 87' lang='lat' dir='ltr'>eciam</span> <span class='ocrx_word' id='word_1_224' title='bbox 735 3542 853 3595; x_wconf 88' lang='lat' dir='ltr'>causa</span> <span class='ocrx_word' id='word_1_225' title='bbox 883 3512 1108 3621; x_wconf 86' lang='lat' dir='ltr'>prosectiua</span> <span class='ocrx_word' id='word_1_226' title='bbox 1148 3527 1218 3591; x_wconf 91' lang='lat' dir='ltr'>aut</span> <span class='ocrx_word' id='word_1_227' title='bbox 1254 3511 1483 3594; x_wconf 90' lang='lat' dir='ltr'>aduenticia</span> <span class='ocrx_word' id='word_1_228' title='bbox 1527 3516 1593 3601; x_wconf 91' lang='lat' dir='ltr'>uel</span> <span class='ocrx_word' id='word_1_229' title='bbox 1616 3517 1756 3617; x_wconf 80' lang='lat' dir='ltr'>eciam</span> <span class='ocrx_word' id='word_1_230' title='bbox 1786 3512 1943 3622; x_wconf 65' lang='lat' dir='ltr'>quouis,</span> <span class='ocrx_word' id='word_1_231' title='bbox 2056 3534 2062 3541; x_wconf 83' lang='lat'><strong>·</strong></span> 
     </span>
     <span class='ocr_line' id='line_1_26' title="bbox 141 3620 1935 3733; baseline -0.001 -29"><span class='ocrx_word' id='word_1_232' title='bbox 141 3624 222 3704; x_wconf 86' lang='lat' dir='ltr'>alio</span> <span class='ocrx_word' id='word_1_233' title='bbox 243 3625 365 3705; x_wconf 85' lang='lat' dir='ltr'>modo</span> <span class='ocrx_word' id='word_1_234' title='bbox 403 3641 672 3733; x_wconf 87' lang='lat' dir='ltr'>peruenerant</span> <span class='ocrx_word' id='word_1_235' title='bbox 707 3626 835 3733; x_wconf 88' lang='lat' dir='ltr'>possit</span> <span class='ocrx_word' id='word_1_236' title='bbox 863 3624 988 3707; x_wconf 88' lang='lat' dir='ltr'>libere</span> <span class='ocrx_word' id='word_1_237' title='bbox 1015 3622 1158 3730; x_wconf 88' lang='lat' dir='ltr'>testarj</span> <span class='ocrx_word' id='word_1_238' title='bbox 1185 3621 1340 3705; x_wconf 87' lang='lat' dir='ltr'>donare</span> <span class='ocrx_word' id='word_1_239' title='bbox 1368 3640 1409 3704; x_wconf 89' lang='lat' dir='ltr'>et</span> <span class='ocrx_word' id='word_1_240' title='bbox 1437 3620 1489 3703; x_wconf 90' lang='lat' dir='ltr'>ad</span> <span class='ocrx_word' id='word_1_241' title='bbox 1517 3624 1676 3704; x_wconf 89' lang='lat' dir='ltr'>libitum</span> <span class='ocrx_word' id='word_1_242' title='bbox 1712 3622 1935 3704; x_wconf 87' lang='lat' dir='ltr'>voluntatis</span> 
     </span>
     <span class='ocr_line' id='line_1_27' title="bbox 140 3731 1935 3841; baseline 0.001 -28"><span class='ocrx_word' id='word_1_243' title='bbox 140 3736 330 3817; x_wconf 88' lang='lat' dir='ltr'>ordinare</span> <span class='ocrx_word' id='word_1_244' title='bbox 358 3736 653 3815; x_wconf 86' lang='lat' dir='ltr'>Renunciantes</span> <span class='ocrx_word' id='word_1_245' title='bbox 683 3736 723 3814; x_wconf 94' lang='lat' dir='ltr'>in</span> <span class='ocrx_word' id='word_1_246' title='bbox 754 3736 829 3815; x_wconf 89' lang='lat' dir='ltr'>biis</span> <span class='ocrx_word' id='word_1_247' title='bbox 857 3734 1046 3814; x_wconf 91' lang='lat' dir='ltr'>omnibus</span> <span class='ocrx_word' id='word_1_248' title='bbox 1074 3750 1116 3811; x_wconf 88' lang='lat' dir='ltr'>et</span> <span class='ocrx_word' id='word_1_249' title='bbox 1148 3736 1317 3841; x_wconf 81' lang='lat' dir='ltr'>singulis</span> <span class='ocrx_word' id='word_1_250' title='bbox 1352 3736 1605 3840; x_wconf 85' lang='lat' dir='ltr'>exempcioni</span> <span class='ocrx_word' id='word_1_251' title='bbox 1641 3733 1724 3815; x_wconf 92' lang='lat' dir='ltr'>doli</span> <span class='ocrx_word' id='word_1_252' title='bbox 1757 3731 1853 3813; x_wconf 92' lang='lat' dir='ltr'>mali</span> <span class='ocrx_word' id='word_1_253' title='bbox 1890 3735 1935 3815; x_wconf 88' lang='lat' dir='ltr'>in</span> 
     </span>
     <span class='ocr_line' id='line_1_28' title="bbox 142 3842 1948 3952; baseline -0.002 -27"><span class='ocrx_word' id='word_1_254' title='bbox 142 3847 293 3927; x_wconf 86' lang='lat' dir='ltr'>facturn</span> <span class='ocrx_word' id='word_1_255' title='bbox 322 3842 549 3925; x_wconf 92' lang='lat' dir='ltr'>condicioni</span> <span class='ocrx_word' id='word_1_256' title='bbox 577 3845 748 3926; x_wconf 90' lang='lat' dir='ltr'>indebiti</span> <span class='ocrx_word' id='word_1_257' title='bbox 778 3847 887 3923; x_wconf 91' lang='lat' dir='ltr'>omni</span> <span class='ocrx_word' id='word_1_258' title='bbox 916 3845 1014 3924; x_wconf 91' lang='lat' dir='ltr'>iuris</span> <span class='ocrx_word' id='word_1_259' title='bbox 1042 3844 1193 3925; x_wconf 82' lang='lat' dir='ltr'>auxilio</span> <span class='ocrx_word' id='word_1_260' title='bbox 1229 3844 1413 3951; x_wconf 87' lang='lat' dir='ltr'>canonicj</span> <span class='ocrx_word' id='word_1_261' title='bbox 1455 3862 1496 3922; x_wconf 90' lang='lat' dir='ltr'>et</span> <span class='ocrx_word' id='word_1_262' title='bbox 1536 3846 1666 3925; x_wconf 91' lang='lat' dir='ltr'>ciuilis</span> <span class='ocrx_word' id='word_1_263' title='bbox 1706 3842 1948 3952; x_wconf 82' lang='lat' dir='ltr'>specialiter·</span> 
     </span>
     <span class='ocr_line' id='line_1_29' title="bbox 140 3952 1935 4067; baseline -0.001 -30"><span class='ocrx_word' id='word_1_264' title='bbox 140 3959 221 4066; x_wconf 88' lang='lat' dir='ltr'>iurj</span> <span class='ocrx_word' id='word_1_265' title='bbox 251 3955 478 4067; x_wconf 85' lang='lat' dir='ltr'>generalem</span> <span class='ocrx_word' id='word_1_266' title='bbox 507 3959 857 4036; x_wconf 89' lang='lat' dir='ltr'>renunciacionem</span> <span class='ocrx_word' id='word_1_267' title='bbox 892 3980 974 4035; x_wconf 92' lang='lat' dir='ltr'>non</span> <span class='ocrx_word' id='word_1_268' title='bbox 1017 3954 1153 4033; x_wconf 87' lang='lat' dir='ltr'>ualere</span> <span class='ocrx_word' id='word_1_269' title='bbox 1196 3982 1241 4035; x_wconf 78' lang='lat' dir='ltr'>ac</span> <span class='ocrx_word' id='word_1_270' title='bbox 1282 3953 1369 4039; x_wconf 84' lang='lat' dir='ltr'>eliis</span> <span class='ocrx_word' id='word_1_271' title='bbox 1412 3955 1600 4035; x_wconf 86' lang='lat' dir='ltr'>omnibus</span> <span class='ocrx_word' id='word_1_272' title='bbox 1642 3956 1809 4051; x_wconf 73' lang='lat' dir='ltr'>iuriset</span> <span class='ocrx_word' id='word_1_273' title='bbox 1836 3952 1935 4063; x_wconf 83' lang='lat' dir='ltr'>iactj</span> 
     </span>
     <span class='ocr_line' id='line_1_30' title="bbox 138 4063 1989 4177; baseline -0.003 -27"><span class='ocrx_word' id='word_1_274' title='bbox 138 4067 450 4177; x_wconf 83' lang='lat' dir='ltr'>excepeionibus</span> <span class='ocrx_word' id='word_1_275' title='bbox 478 4066 587 4149; x_wconf 88' lang='lat' dir='ltr'>dicta</span> <span class='ocrx_word' id='word_1_276' title='bbox 615 4068 723 4148; x_wconf 91' lang='lat' dir='ltr'>bona</span> <span class='ocrx_word' id='word_1_277' title='bbox 752 4068 839 4147; x_wconf 90' lang='lat' dir='ltr'>iure</span> <span class='ocrx_word' id='word_1_278' title='bbox 867 4065 1115 4147; x_wconf 88' lang='lat' dir='ltr'>hereditario</span> <span class='ocrx_word' id='word_1_279' title='bbox 1143 4082 1213 4145; x_wconf 89' lang='lat' dir='ltr'>aut</span> <span class='ocrx_word' id='word_1_280' title='bbox 1248 4064 1433 4174; x_wconf 91' lang='lat' dir='ltr'>quolibet</span> <span class='ocrx_word' id='word_1_281' title='bbox 1475 4065 1558 4145; x_wconf 42' lang='lat' dir='ltr'>walio</span> <span class='ocrx_word' id='word_1_282' title='bbox 1602 4063 1721 4144; x_wconf 92' lang='lat' dir='ltr'>modo</span> <span class='ocrx_word' id='word_1_283' title='bbox 1764 4064 1841 4145; x_wconf 89' lang='lat' dir='ltr'>uel&#39;</span> <span class='ocrx_word' id='word_1_284' title='bbox 1867 4092 1937 4174; x_wconf 86' lang='lat' dir='ltr'>ge·</span> <span class='ocrx_word' id='word_1_285' title='bbox 1984 4118 1989 4125; x_wconf 91' lang='lat'><em>-</em></span> 
     </span>
     <span class='ocr_line' id='line_1_31' title="bbox 138 4172 1936 4287; baseline -0.003 -26"><span class='ocrx_word' id='word_1_286' title='bbox 138 4207 233 4261; x_wconf 91' lang='lat' dir='ltr'>nere</span> <span class='ocrx_word' id='word_1_287' title='bbox 272 4177 459 4286; x_wconf 87' lang='lat' dir='ltr'>exigendi</span> <span class='ocrx_word' id='word_1_288' title='bbox 497 4172 660 4287; x_wconf 89' lang='lat' dir='ltr'>petendi</span> <span class='ocrx_word' id='word_1_289' title='bbox 696 4174 999 4287; x_wconf 87' lang='lat' dir='ltr'>calumpniandi</span> <span class='ocrx_word' id='word_1_290' title='bbox 1033 4175 1241 4286; x_wconf 87' lang='lat' dir='ltr'>inpetendi</span> <span class='ocrx_word' id='word_1_291' title='bbox 1277 4202 1438 4257; x_wconf 89' lang='lat' dir='ltr'>necnon</span> <span class='ocrx_word' id='word_1_292' title='bbox 1471 4191 1513 4255; x_wconf 88' lang='lat' dir='ltr'>et</span> <span class='ocrx_word' id='word_1_293' title='bbox 1548 4172 1599 4255; x_wconf 91' lang='lat' dir='ltr'>de</span> <span class='ocrx_word' id='word_1_294' title='bbox 1639 4194 1774 4259; x_wconf 89' lang='lat' dir='ltr'>cetero</span> <span class='ocrx_word' id='word_1_295' title='bbox 1816 4181 1936 4257; x_wconf 83' lang='lat' dir='ltr'>reub-</span> 
     </span>
     <span class='ocr_line' id='line_1_32' title="bbox 138 4287 1937 4397; baseline -0.004 -23"><span class='ocrx_word' id='word_1_296' title='bbox 138 4287 270 4374; x_wconf 87' lang='lat' dir='ltr'>eandi·</span> <span class='ocrx_word' id='word_1_297' title='bbox 288 4291 338 4371; x_wconf 92' lang='lat' dir='ltr'>ad</span> <span class='ocrx_word' id='word_1_298' title='bbox 369 4289 514 4369; x_wconf 91' lang='lat' dir='ltr'>horum</span> <span class='ocrx_word' id='word_1_299' title='bbox 542 4289 666 4397; x_wconf 85' lang='lat' dir='ltr'>igitur</span> <span class='ocrx_word' id='word_1_300' title='bbox 694 4288 944 4371; x_wconf 89' lang='lat' dir='ltr'>euideneiam</span> <span class='ocrx_word' id='word_1_301' title='bbox 974 4287 1210 4397; x_wconf 85' lang='lat' dir='ltr'>pleniorem,</span> <span class='ocrx_word' id='word_1_302' title='bbox 1237 4287 1411 4395; x_wconf 85' lang='lat' dir='ltr'>sigillum</span> <span class='ocrx_word' id='word_1_303' title='bbox 1443 4303 1624 4367; x_wconf 88' lang='lat' dir='ltr'>nostrum</span> <span class='ocrx_word' id='word_1_304' title='bbox 1656 4315 1732 4366; x_wconf 91' lang='lat' dir='ltr'>vna</span> <span class='ocrx_word' id='word_1_305' title='bbox 1763 4315 1855 4367; x_wconf 90' lang='lat' dir='ltr'>cum</span> <span class='ocrx_word' id='word_1_306' title='bbox 1884 4288 1937 4367; x_wconf 88' lang='lat' dir='ltr'>si·</span> 
     </span>
    </p>

    <p class='ocr_par' dir='ltr' id='par_1_9' title="bbox 16 4398 2044 4962">
     <span class='ocr_line' id='line_1_33' title="bbox 64 4398 2044 4513; baseline -0.007 -29"><span class='ocrx_word' id='word_1_307' title='bbox 64 4428 68 4434; x_wconf 85' lang='grc'><em>·</em></span> <span class='ocrx_word' id='word_1_308' title='bbox 137 4405 245 4513; x_wconf 84' lang='lat' dir='ltr'>gillis</span> <span class='ocrx_word' id='word_1_309' title='bbox 272 4401 527 4482; x_wconf 92' lang='lat' dir='ltr'>dominorum</span> <span class='ocrx_word' id='word_1_310' title='bbox 557 4399 702 4507; x_wconf 83' lang='lat' dir='ltr'>kanutj</span> <span class='ocrx_word' id='word_1_311' title='bbox 730 4402 888 4509; x_wconf 89' lang='lat' dir='ltr'>ingonis</span> <span class='ocrx_word' id='word_1_312' title='bbox 914 4418 956 4481; x_wconf 89' lang='lat' dir='ltr'>et</span> <span class='ocrx_word' id='word_1_313' title='bbox 984 4398 1749 4506; x_wconf 31' lang='lat' dir='ltr'>olaujCanonicorum*Lincopensium</span> <span class='ocrx_word' id='word_1_314' title='bbox 1781 4426 1937 4479; x_wconf 91' lang='lat' dir='ltr'>necnon</span> <span class='ocrx_word' id='word_1_315' title='bbox 1991 4472 1997 4480; x_wconf 82' lang='grc'>,</span> <span class='ocrx_word' id='word_1_316' title='bbox 2038 4460 2044 4471; x_wconf 91' lang='grc'><em>,</em></span> 
     </span>
     <span class='ocr_line' id='line_1_34' title="bbox 23 4508 2004 4619; baseline -0.003 -24"><span class='ocrx_word' id='word_1_317' title='bbox 23 4604 27 4611; x_wconf 56' lang='grc'><strong>,</strong></span> <span class='ocrx_word' id='word_1_318' title='bbox 140 4528 183 4595; x_wconf 88' lang='lat' dir='ltr'>et</span> <span class='ocrx_word' id='word_1_319' title='bbox 209 4511 419 4595; x_wconf 90' lang='lat' dir='ltr'>consulum</span> <span class='ocrx_word' id='word_1_320' title='bbox 450 4513 597 4594; x_wconf 88' lang='lat' dir='ltr'>ibidem</span> <span class='ocrx_word' id='word_1_321' title='bbox 640 4514 835 4592; x_wconf 88' lang='lat' dir='ltr'>lobannis</span> <span class='ocrx_word' id='word_1_322' title='bbox 873 4515 1039 4617; x_wconf 83' lang='lat' dir='ltr'>ingason</span> <span class='ocrx_word' id='word_1_323' title='bbox 1075 4512 1181 4619; x_wconf 71' lang='lat' dir='ltr'>niarj</span> <span class='ocrx_word' id='word_1_324' title='bbox 1217 4510 1448 4590; x_wconf 86' lang='lat' dir='ltr'>niclasaeson</span> <span class='ocrx_word' id='word_1_325' title='bbox 1485 4508 1691 4616; x_wconf 85' lang='lat' dir='ltr'>gutbormj</span> <span class='ocrx_word' id='word_1_326' title='bbox 1725 4508 1824 4618; x_wconf 87' lang='lat' dir='ltr'>dictj</span> <span class='ocrx_word' id='word_1_327' title='bbox 1859 4508 1951 4591; x_wconf 82' lang='lat' dir='ltr'>kril-</span> <span class='ocrx_word' id='word_1_328' title='bbox 2002 4573 2004 4579; x_wconf 85' lang='lat'><em>.</em></span> 
     </span>
     <span class='ocr_line' id='line_1_35' title="bbox 143 4620 1938 4734; baseline -0.003 -27"><span class='ocrx_word' id='word_1_329' title='bbox 143 4624 476 4707; x_wconf 35' lang='lat' dir='ltr'>Danielistvillici</span> <span class='ocrx_word' id='word_1_330' title='bbox 506 4621 712 4734; x_wconf 88' lang='lat' dir='ltr'>quondam</span> <span class='ocrx_word' id='word_1_331' title='bbox 740 4622 790 4702; x_wconf 91' lang='lat' dir='ltr'>de</span> <span class='ocrx_word' id='word_1_332' title='bbox 818 4639 911 4731; x_wconf 81' lang='lat' dir='ltr'>typt</span> <span class='ocrx_word' id='word_1_333' title='bbox 948 4622 1032 4730; x_wconf 86' lang='lat' dir='ltr'>Quj</span> <span class='ocrx_word' id='word_1_334' title='bbox 1075 4622 1171 4701; x_wconf 91' lang='lat' dir='ltr'>huic</span> <span class='ocrx_word' id='word_1_335' title='bbox 1200 4620 1307 4702; x_wconf 86' lang='lat' dir='ltr'>sacto</span> <span class='ocrx_word' id='word_1_336' title='bbox 1336 4648 1414 4700; x_wconf 88' lang='lat' dir='ltr'>vna</span> <span class='ocrx_word' id='word_1_337' title='bbox 1449 4647 1541 4699; x_wconf 92' lang='lat' dir='ltr'>cum</span> <span class='ocrx_word' id='word_1_338' title='bbox 1581 4620 1718 4701; x_wconf 89' lang='lat' dir='ltr'>multis</span> <span class='ocrx_word' id='word_1_339' title='bbox 1760 4621 1847 4701; x_wconf 87' lang='lat' dir='ltr'>aliis</span> <span class='ocrx_word' id='word_1_340' title='bbox 1875 4623 1938 4702; x_wconf 91' lang='lat' dir='ltr'>in·</span> 
     </span>
     <span class='ocr_line' id='line_1_36' title="bbox 140 4727 2012 4843; baseline -0.002 -24.248"><span class='ocrx_word' id='word_1_341' title='bbox 140 4736 375 4829; x_wconf 83' lang='lat' dir='ltr'>terfuerunt</span> <span class='ocrx_word' id='word_1_342' title='bbox 402 4738 659 4843; x_wconf 86' lang='lat' dir='ltr'>presentibus</span> <span class='ocrx_word' id='word_1_343' title='bbox 682 4753 747 4816; x_wconf 84' lang='lat' dir='ltr'>cst</span> <span class='ocrx_word' id='word_1_344' title='bbox 773 4760 996 4843; x_wconf 89' lang='lat' dir='ltr'>appensum</span> <span class='ocrx_word' id='word_1_345' title='bbox 1023 4730 1163 4812; x_wconf 92' lang='lat' dir='ltr'>datum</span> <span class='ocrx_word' id='word_1_346' title='bbox 1190 4749 1233 4812; x_wconf 87' lang='lat' dir='ltr'>et</span> <span class='ocrx_word' id='word_1_347' title='bbox 1260 4747 1395 4813; x_wconf 90' lang='lat' dir='ltr'>actum</span> <span class='ocrx_word' id='word_1_348' title='bbox 1429 4728 1522 4815; x_wconf 91' lang='lat' dir='ltr'>loco</span> <span class='ocrx_word' id='word_1_349' title='bbox 1542 4747 1586 4815; x_wconf 88' lang='lat' dir='ltr'>et</span> <span class='ocrx_word' id='word_1_350' title='bbox 1599 4727 1664 4815; x_wconf 87' lang='lat' dir='ltr'>die</span> <span class='ocrx_word' id='word_1_351' title='bbox 1682 4730 1961 4841; x_wconf 63' lang='lat' dir='ltr'>supradictis</span> <span class='ocrx_word' id='word_1_352' title='bbox 2008 4742 2012 4749; x_wconf 86' lang='lat'>&#39;</span> 
     </span>
     <span class='ocr_line' id='line_1_37' title="bbox 721 4872 1365 4962; baseline -0.008 -19"><span class='ocrx_word' id='word_1_353' title='bbox 721 4873 938 4962; x_wconf 66' lang='lat' dir='ltr'>dsverrkrists</span> <span class='ocrx_word' id='word_1_354' title='bbox 956 4876 1005 4939; x_wconf 84' lang='lat' dir='ltr'>De</span> <span class='ocrx_word' id='word_1_355' title='bbox 1026 4893 1180 4939; x_wconf 83' lang='lat' dir='ltr'>consensu</span> <span class='ocrx_word' id='word_1_356' title='bbox 1201 4872 1365 4946; x_wconf 78' lang='lat' dir='ltr'>heredum.</span> 
     </span>
    </p>
   </div>
   <div class='ocr_carea' id='block_1_9' title="bbox 0 0 2169 5972">
    <p class='ocr_par' dir='ltr' id='par_1_10' title="bbox 0 0 2169 5972">
     <span class='ocr_line' id='line_1_38' title="bbox 0 0 2169 5972; baseline 0 0"><span class='ocrx_word' id='word_1_357' title='bbox 0 0 2169 5972; x_wconf 95' lang='lat' dir='ltr'> </span> 
     </span>
    </p>
   </div>
  </div>
 </body>
</html>
