<?xml version="1.0" encoding="UTF-8"?>
<!DOCTYPE html PUBLIC "-//W3C//DTD XHTML 1.0 Transitional//EN"
    "http://www.w3.org/TR/xhtml1/DTD/xhtml1-transitional.dtd">
<html xmlns="http://www.w3.org/1999/xhtml" xml:lang="en" lang="en">
 <head>
  <title>
</title>
<meta http-equiv="Content-Type" content="text/html;charset=utf-8" />
  <meta name='ocr-system' content='tesseract 3.04.00' />
  <meta name='ocr-capabilities' content='ocr_page ocr_carea ocr_par ocr_line ocrx_word'/>
</head>
<body>
  <div class='ocr_page' id='page_1' title='image "./svensktdiplomat01swegoog/svensktdiplomat01swegoog_0531.png"; bbox 0 0 4317 5975; ppageno 0'>
   <div class='ocr_carea' id='block_1_1' title="bbox 167 362 2057 3040">
    <p class='ocr_par' dir='ltr' id='par_1_1' title="bbox 978 362 1397 471">
     <span class='ocr_line' id='line_1_1' title="bbox 978 362 1397 471; baseline 0.01 -36"><span class='ocrx_word' id='word_1_1' title='bbox 978 414 1037 435; x_wconf 89' lang='grc'><strong>...</strong></span> <span class='ocrx_word' id='word_1_2' title='bbox 1147 372 1228 471; x_wconf 64' lang='grc'><strong>340</strong></span> <span class='ocrx_word' id='word_1_3' title='bbox 1305 362 1397 439; x_wconf 84' lang='grc' dir='ltr'><strong>Ι....</strong></span> 
     </span>
    </p>

    <p class='ocr_par' dir='ltr' id='par_1_2' title="bbox 283 576 2045 1041">
     <span class='ocr_line' id='line_1_2' title="bbox 285 576 2042 701; baseline -0.005 -22"><span class='ocrx_word' id='word_1_4' title='bbox 285 594 482 679; x_wconf 83' lang='lat' dir='ltr'><strong>fratribus</strong></span> <span class='ocrx_word' id='word_1_5' title='bbox 512 592 735 677; x_wconf 90' lang='lat' dir='ltr'><strong>minoribus</strong></span> <span class='ocrx_word' id='word_1_6' title='bbox 764 576 812 673; x_wconf 85' lang='lat' dir='ltr'><strong>iri</strong></span> <span class='ocrx_word' id='word_1_7' title='bbox 832 590 1038 701; x_wconf 82' lang='lat' dir='ltr'><strong>aarbuglra</strong></span> <span class='ocrx_word' id='word_1_8' title='bbox 1083 592 1184 675; x_wconf 86' lang='lat' dir='ltr'><strong>duas</strong></span> <span class='ocrx_word' id='word_1_9' title='bbox 1227 594 1409 676; x_wconf 82' lang='lat' dir='ltr'><strong>Marcbas</strong></span> <span class='ocrx_word' id='word_1_10' title='bbox 1451 590 1564 690; x_wconf 82' lang='lat' dir='ltr'><strong>dem,</strong></span> <span class='ocrx_word' id='word_1_11' title='bbox 1606 576 1824 673; x_wconf 33' lang='lat' dir='ltr'><strong>Fratribus*</strong></span> <span class='ocrx_word' id='word_1_12' title='bbox 1859 592 2042 682; x_wconf 79' lang='lat' dir='ltr'><strong>minoribm</strong></span> 
     </span>
     <span class='ocr_line' id='line_1_3' title="bbox 284 700 2043 817; baseline -0.001 -27"><span class='ocrx_word' id='word_1_13' title='bbox 284 709 469 817; x_wconf 89' lang='lat' dir='ltr'><strong>Nycopie</strong></span> <span class='ocrx_word' id='word_1_14' title='bbox 496 706 594 787; x_wconf 89' lang='lat' dir='ltr'><strong>duas</strong></span> <span class='ocrx_word' id='word_1_15' title='bbox 622 705 803 785; x_wconf 87' lang='lat' dir='ltr'><strong>Marcbas</strong></span> <span class='ocrx_word' id='word_1_16' title='bbox 832 703 941 803; x_wconf 84' lang='lat' dir='ltr'><strong>den,</strong></span> <span class='ocrx_word' id='word_1_17' title='bbox 970 702 1353 787; x_wconf 79' lang='lat' dir='ltr'><strong>sanctimonialibus</strong></span> <span class='ocrx_word' id='word_1_18' title='bbox 1383 707 1425 784; x_wconf 92' lang='lat' dir='ltr'><strong>in</strong></span> <span class='ocrx_word' id='word_1_19' title='bbox 1454 704 1582 797; x_wconf 72' lang='lat' dir='ltr'><strong>lodus</strong></span> <span class='ocrx_word' id='word_1_20' title='bbox 1623 700 1724 783; x_wconf 83' lang='lat' dir='ltr'><strong>duas</strong></span> <span class='ocrx_word' id='word_1_21' title='bbox 1759 703 1933 783; x_wconf 86' lang='lat' dir='ltr'><strong>Marchss</strong></span> <span class='ocrx_word' id='word_1_22' title='bbox 1957 706 2043 807; x_wconf 85' lang='lat' dir='ltr'><strong>deu,</strong></span> 
     </span>
     <span class='ocr_line' id='line_1_4' title="bbox 284 810 2045 927; baseline 0.001 -26"><span class='ocrx_word' id='word_1_23' title='bbox 284 817 664 901; x_wconf 74' lang='lat' dir='ltr'><strong>sanctimonialibus</strong></span> <span class='ocrx_word' id='word_1_24' title='bbox 693 816 732 895; x_wconf 91' lang='lat' dir='ltr'><strong>in</strong></span> <span class='ocrx_word' id='word_1_25' title='bbox 763 813 1016 927; x_wconf 82' lang='lat' dir='ltr'><strong>Risibergum</strong></span> <span class='ocrx_word' id='word_1_26' title='bbox 1046 814 1147 897; x_wconf 86' lang='lat' dir='ltr'><strong>duas</strong></span> <span class='ocrx_word' id='word_1_27' title='bbox 1176 816 1354 897; x_wconf 84' lang='lat' dir='ltr'>marchas</span> <span class='ocrx_word' id='word_1_28' title='bbox 1383 816 1497 915; x_wconf 86' lang='lat' dir='ltr'><strong>den,</strong></span> <span class='ocrx_word' id='word_1_29' title='bbox 1526 810 1721 896; x_wconf 79' lang='lat' dir='ltr'><strong>fratribus</strong></span> <span class='ocrx_word' id='word_1_30' title='bbox 1738 810 1941 923; x_wconf 89' lang='lat' dir='ltr'><strong>hospitalis</strong></span> <span class='ocrx_word' id='word_1_31' title='bbox 1965 819 2045 903; x_wconf 85' lang='lat' dir='ltr'><strong>beati</strong></span> 
     </span>
     <span class='ocr_line' id='line_1_5' title="bbox 283 926 2045 1041; baseline 0.001 -30"><span class='ocrx_word' id='word_1_32' title='bbox 283 932 474 1041; x_wconf 86' lang='lat' dir='ltr'><strong>johannis</strong></span> <span class='ocrx_word' id='word_1_33' title='bbox 503 928 677 1038; x_wconf 79' lang='lat' dir='ltr'><strong>baptiste</strong></span> <span class='ocrx_word' id='word_1_34' title='bbox 706 928 749 1007; x_wconf 92' lang='lat' dir='ltr'><strong>iu</strong></span> <span class='ocrx_word' id='word_1_35' title='bbox 777 926 1053 1009; x_wconf 83' lang='lat' dir='ltr'><strong>Eslilstunum</strong></span> <span class='ocrx_word' id='word_1_36' title='bbox 1081 926 1183 1009; x_wconf 86' lang='lat' dir='ltr'><strong>duas</strong></span> <span class='ocrx_word' id='word_1_37' title='bbox 1226 926 1408 1009; x_wconf 87' lang='lat' dir='ltr'><strong>marchas</strong></span> <span class='ocrx_word' id='word_1_38' title='bbox 1449 927 1559 1023; x_wconf 81' lang='lat' dir='ltr'><strong>dem,</strong></span> <span class='ocrx_word' id='word_1_39' title='bbox 1602 929 1706 1007; x_wconf 82' lang='lat' dir='ltr'><strong>Jtem</strong></span> <span class='ocrx_word' id='word_1_40' title='bbox 1750 926 1915 1007; x_wconf 74' lang='lat' dir='ltr'><strong>cuilibet</strong></span> <span class='ocrx_word' id='word_1_41' title='bbox 1951 932 2045 1013; x_wconf 85' lang='lat' dir='ltr'><strong>eccle·</strong></span> 
     </span>
    </p>

    <p class='ocr_par' dir='ltr' id='par_1_3' title="bbox 167 1035 2057 3040">
     <span class='ocr_line' id='line_1_6' title="bbox 283 1035 2045 1153; baseline 0 -30"><span class='ocrx_word' id='word_1_42' title='bbox 283 1046 342 1123; x_wconf 89' lang='lat' dir='ltr'><strong>sie</strong></span> <span class='ocrx_word' id='word_1_43' title='bbox 371 1045 413 1122; x_wconf 89' lang='lat' dir='ltr'><strong>in</strong></span> <span class='ocrx_word' id='word_1_44' title='bbox 441 1044 557 1120; x_wconf 90' lang='lat' dir='ltr'><strong>cuius</strong></span> <span class='ocrx_word' id='word_1_45' title='bbox 587 1040 778 1149; x_wconf 84' lang='lat' dir='ltr'><strong>parochia</strong></span> <span class='ocrx_word' id='word_1_46' title='bbox 808 1042 960 1121; x_wconf 89' lang='lat' dir='ltr'><strong>curiam</strong></span> <span class='ocrx_word' id='word_1_47' title='bbox 991 1040 1190 1149; x_wconf 88' lang='lat' dir='ltr'><strong>possideo,</strong></span> <span class='ocrx_word' id='word_1_48' title='bbox 1220 1056 1261 1120; x_wconf 88' lang='lat' dir='ltr'><strong>et</strong></span> <span class='ocrx_word' id='word_1_49' title='bbox 1275 1038 1401 1149; x_wconf 89' lang='lat' dir='ltr'><strong>ipsius</strong></span> <span class='ocrx_word' id='word_1_50' title='bbox 1415 1036 1579 1121; x_wconf 86' lang='lat' dir='ltr'><strong>ecclesie</strong></span> <span class='ocrx_word' id='word_1_51' title='bbox 1593 1036 1753 1134; x_wconf 86' lang='lat' dir='ltr'><strong>rectori,</strong></span> <span class='ocrx_word' id='word_1_52' title='bbox 1781 1035 1955 1119; x_wconf 88' lang='lat' dir='ltr'><strong>similiter</strong></span> <span class='ocrx_word' id='word_1_53' title='bbox 1979 1041 2045 1153; x_wconf 79' lang='lat' dir='ltr'><strong>lego</strong></span> 
     </span>
     <span class='ocr_line' id='line_1_7' title="bbox 188 1146 2047 1261; baseline 0.001 -28"><span class='ocrx_word' id='word_1_54' title='bbox 188 1148 193 1151; x_wconf 38' lang='lat'>¹</span> <span class='ocrx_word' id='word_1_55' title='bbox 284 1182 406 1234; x_wconf 75' lang='lat' dir='ltr'><strong>ruam</strong></span> <span class='ocrx_word' id='word_1_56' title='bbox 435 1153 636 1232; x_wconf 89' lang='lat' dir='ltr'><strong>lllareham</strong></span> <span class='ocrx_word' id='word_1_57' title='bbox 666 1148 767 1247; x_wconf 81' lang='lat' dir='ltr'><strong>den,</strong></span> <span class='ocrx_word' id='word_1_58' title='bbox 797 1152 901 1231; x_wconf 91' lang='lat' dir='ltr'><strong>inter</strong></span> <span class='ocrx_word' id='word_1_59' title='bbox 929 1154 1037 1259; x_wconf 90' lang='lat' dir='ltr'><strong>ipsos</strong></span> <span class='ocrx_word' id='word_1_60' title='bbox 1063 1152 1262 1261; x_wconf 82' lang='lat' dir='ltr'><strong>equaliter</strong></span> <span class='ocrx_word' id='word_1_61' title='bbox 1290 1148 1567 1247; x_wconf 80' lang='lat' dir='ltr'><strong>diuidendum,</strong></span> <span class='ocrx_word' id='word_1_62' title='bbox 1596 1148 1660 1231; x_wconf 85' lang='lat' dir='ltr'><strong>Ad</strong></span> <span class='ocrx_word' id='word_1_63' title='bbox 1682 1146 1925 1231; x_wconf 87' lang='lat' dir='ltr'>solucionem</span> <span class='ocrx_word' id='word_1_64' title='bbox 1943 1170 2047 1234; x_wconf 89' lang='lat' dir='ltr'><strong>autem</strong></span> 
     </span>
     <span class='ocr_line' id='line_1_8' title="bbox 286 1261 2049 1375; baseline 0.002 -32"><span class='ocrx_word' id='word_1_65' title='bbox 286 1264 560 1375; x_wconf 88' lang='lat' dir='ltr'><strong>predictorum</strong></span> <span class='ocrx_word' id='word_1_66' title='bbox 592 1261 823 1343; x_wconf 86' lang='lat' dir='ltr'><strong>debitorum</strong></span> <span class='ocrx_word' id='word_1_67' title='bbox 853 1289 1054 1352; x_wconf 88' lang='lat' dir='ltr'><strong>meorum,</strong></span> <span class='ocrx_word' id='word_1_68' title='bbox 1086 1292 1159 1371; x_wconf 92' lang='lat' dir='ltr'><strong>pro</strong></span> <span class='ocrx_word' id='word_1_69' title='bbox 1188 1290 1363 1373; x_wconf 91' lang='lat' dir='ltr'><strong>quorum</strong></span> <span class='ocrx_word' id='word_1_70' title='bbox 1406 1262 1613 1343; x_wconf 82' lang='lat' dir='ltr'>solucione</span> <span class='ocrx_word' id='word_1_71' title='bbox 1649 1278 1806 1341; x_wconf 89' lang='lat' dir='ltr'><strong>certum</strong></span> <span class='ocrx_word' id='word_1_72' title='bbox 1838 1264 1973 1371; x_wconf 82' lang='lat' dir='ltr'><strong>pignus</strong></span> <span class='ocrx_word' id='word_1_73' title='bbox 1997 1294 2049 1373; x_wconf 88' lang='lat' dir='ltr'><strong>per</strong></span> 
     </span>
     <span class='ocr_line' id='line_1_9' title="bbox 285 1370 2048 1468; baseline 0 -11"><span class='ocrx_word' id='word_1_74' title='bbox 285 1404 394 1457; x_wconf 89' lang='lat' dir='ltr'><strong>meas</strong></span> <span class='ocrx_word' id='word_1_75' title='bbox 423 1374 575 1454; x_wconf 83' lang='lat' dir='ltr'><strong>litteras</strong></span> <span class='ocrx_word' id='word_1_76' title='bbox 605 1396 687 1453; x_wconf 87' lang='lat' dir='ltr'><strong>nou</strong></span> <span class='ocrx_word' id='word_1_77' title='bbox 717 1373 800 1453; x_wconf 92' lang='lat' dir='ltr'><strong>obli</strong></span> <span class='ocrx_word' id='word_1_78' title='bbox 830 1398 1012 1468; x_wconf 80' lang='lat' dir='ltr'><strong>sueram,</strong></span> <span class='ocrx_word' id='word_1_79' title='bbox 1035 1375 1095 1455; x_wconf 88' lang='lat' dir='ltr'><strong>rel</strong></span> <span class='ocrx_word' id='word_1_80' title='bbox 1126 1370 1205 1455; x_wconf 85' lang='lat' dir='ltr'><strong>alio</strong></span> <span class='ocrx_word' id='word_1_81' title='bbox 1236 1370 1354 1455; x_wconf 91' lang='lat' dir='ltr'><strong>modo</strong></span> <span class='ocrx_word' id='word_1_82' title='bbox 1383 1370 1433 1453; x_wconf 91' lang='lat' dir='ltr'><strong>de</strong></span> <span class='ocrx_word' id='word_1_83' title='bbox 1461 1372 1668 1455; x_wconf 85' lang='lat' dir='ltr'><strong>solucione</strong></span> <span class='ocrx_word' id='word_1_84' title='bbox 1690 1370 1963 1454; x_wconf 81' lang='lat' dir='ltr'><strong>certitudinem</strong></span> <span class='ocrx_word' id='word_1_85' title='bbox 1988 1404 2048 1457; x_wconf 88' lang='lat' dir='ltr'><strong>noa</strong></span> 
     </span>
     <span class='ocr_line' id='line_1_10' title="bbox 224 1402 2051 1595; baseline -0.001 -25"><span class='ocrx_word' id='word_1_86' title='bbox 224 1573 227 1579; x_wconf 73' lang='grc'><strong>,</strong></span> <span class='ocrx_word' id='word_1_87' title='bbox 285 1488 482 1583; x_wconf 80' lang='lat' dir='ltr'><strong>feceram,</strong></span> <span class='ocrx_word' id='word_1_88' title='bbox 511 1482 630 1568; x_wconf 89' lang='lat' dir='ltr'><strong>etad</strong></span> <span class='ocrx_word' id='word_1_89' title='bbox 661 1402 884 1564; x_wconf 67' lang='lat' dir='ltr'><strong>laciendum</strong></span> <span class='ocrx_word' id='word_1_90' title='bbox 914 1480 1213 1581; x_wconf 86' lang='lat' dir='ltr'><strong>restitucioues,</strong></span> <span class='ocrx_word' id='word_1_91' title='bbox 1246 1486 1278 1565; x_wconf 88' lang='lat' dir='ltr'><strong>si</strong></span> <span class='ocrx_word' id='word_1_92' title='bbox 1309 1502 1401 1595; x_wconf 90' lang='lat' dir='ltr'><strong>post</strong></span> <span class='ocrx_word' id='word_1_93' title='bbox 1437 1500 1606 1592; x_wconf 88' lang='lat' dir='ltr'><strong>mortem</strong></span> <span class='ocrx_word' id='word_1_94' title='bbox 1650 1512 1774 1564; x_wconf 87' lang='lat' dir='ltr'><strong>meam</strong></span> <span class='ocrx_word' id='word_1_95' title='bbox 1809 1484 2003 1565; x_wconf 87' lang='lat' dir='ltr'><strong>inuentum</strong></span> <span class='ocrx_word' id='word_1_96' title='bbox 2025 1504 2051 1569; x_wconf 87' lang='lat' dir='ltr'><strong>et</strong></span> 
     </span>
     <span class='ocr_line' id='line_1_11' title="bbox 286 1593 2051 1707; baseline -0.002 -25"><span class='ocrx_word' id='word_1_97' title='bbox 286 1618 491 1681; x_wconf 90' lang='lat' dir='ltr'><strong>ostensum</strong></span> <span class='ocrx_word' id='word_1_98' title='bbox 522 1593 665 1691; x_wconf 88' lang='lat' dir='ltr'><strong>luerit,</strong></span> <span class='ocrx_word' id='word_1_99' title='bbox 694 1597 758 1676; x_wconf 90' lang='lat' dir='ltr'><strong>Me</strong></span> <span class='ocrx_word' id='word_1_100' title='bbox 786 1596 933 1675; x_wconf 89' lang='lat' dir='ltr'><strong>iniuste</strong></span> <span class='ocrx_word' id='word_1_101' title='bbox 962 1594 1117 1706; x_wconf 91' lang='lat' dir='ltr'><strong>aliquid</strong></span> <span class='ocrx_word' id='word_1_102' title='bbox 1147 1598 1198 1677; x_wconf 88' lang='lat' dir='ltr'><strong>ab</strong></span> <span class='ocrx_word' id='word_1_103' title='bbox 1226 1598 1366 1707; x_wconf 87' lang='lat' dir='ltr'><strong>aliquo</strong></span> <span class='ocrx_word' id='word_1_104' title='bbox 1394 1596 1605 1692; x_wconf 86' lang='lat' dir='ltr'><strong>babuisse,</strong></span> <span class='ocrx_word' id='word_1_105' title='bbox 1632 1594 2051 1695; x_wconf 83' lang='lat' dir='ltr'><strong>etadsatislaciendun,</strong></span> 
     </span>
     <span class='ocr_line' id='line_1_12' title="bbox 286 1704 2051 1819; baseline -0.001 -27"><span class='ocrx_word' id='word_1_106' title='bbox 286 1712 320 1793; x_wconf 87' lang='lat' dir='ltr'><strong>si</strong></span> <span class='ocrx_word' id='word_1_107' title='bbox 350 1724 599 1817; x_wconf 87' lang='lat' dir='ltr'><strong>compertum</strong></span> <span class='ocrx_word' id='word_1_108' title='bbox 629 1722 670 1786; x_wconf 91' lang='lat' dir='ltr'><strong>et</strong></span> <span class='ocrx_word' id='word_1_109' title='bbox 699 1704 915 1815; x_wconf 85' lang='lat' dir='ltr'><strong>probatum</strong></span> <span class='ocrx_word' id='word_1_110' title='bbox 945 1706 1089 1804; x_wconf 85' lang='lat' dir='ltr'><strong>luerit,</strong></span> <span class='ocrx_word' id='word_1_111' title='bbox 1118 1706 1182 1789; x_wconf 85' lang='lat' dir='ltr'><strong>llle</strong></span> <span class='ocrx_word' id='word_1_112' title='bbox 1211 1707 1387 1819; x_wconf 86' lang='lat' dir='ltr'><strong>aliquem</strong></span> <span class='ocrx_word' id='word_1_113' title='bbox 1417 1705 1561 1804; x_wconf 84' lang='lat' dir='ltr'><strong>lesisse,</strong></span> <span class='ocrx_word' id='word_1_114' title='bbox 1590 1706 1701 1789; x_wconf 86' lang='lat' dir='ltr'><strong>etad</strong></span> <span class='ocrx_word' id='word_1_115' title='bbox 1730 1706 1968 1787; x_wconf 91' lang='lat' dir='ltr'><strong>solucionem</strong></span> <span class='ocrx_word' id='word_1_116' title='bbox 1983 1738 2051 1817; x_wconf 86' lang='lat' dir='ltr'><strong>pre·</strong></span> 
     </span>
     <span class='ocr_line' id='line_1_13' title="bbox 253 1816 2052 1927; baseline -0.002 -23"><span class='ocrx_word' id='word_1_117' title='bbox 253 1887 256 1894; x_wconf 83' lang='grc'><strong>.</strong></span> <span class='ocrx_word' id='word_1_118' title='bbox 289 1822 490 1905; x_wconf 90' lang='lat' dir='ltr'><strong>dictorum</strong></span> <span class='ocrx_word' id='word_1_119' title='bbox 520 1817 745 1926; x_wconf 85' lang='lat' dir='ltr'><strong>legatorum</strong></span> <span class='ocrx_word' id='word_1_120' title='bbox 774 1818 927 1927; x_wconf 91' lang='lat' dir='ltr'><strong>deputo</strong></span> <span class='ocrx_word' id='word_1_121' title='bbox 968 1847 1091 1899; x_wconf 91' lang='lat' dir='ltr'><strong>vnum</strong></span> <span class='ocrx_word' id='word_1_122' title='bbox 1135 1836 1348 1927; x_wconf 79' lang='lat' dir='ltr'><strong>attungum</strong></span> <span class='ocrx_word' id='word_1_123' title='bbox 1393 1821 1433 1899; x_wconf 91' lang='lat' dir='ltr'><strong>in</strong></span> <span class='ocrx_word' id='word_1_124' title='bbox 1478 1821 1589 1900; x_wconf 92' lang='lat' dir='ltr'><strong>curia</strong></span> <span class='ocrx_word' id='word_1_125' title='bbox 1619 1848 1704 1899; x_wconf 87' lang='lat' dir='ltr'><strong>mea</strong></span> <span class='ocrx_word' id='word_1_126' title='bbox 1734 1816 1855 1923; x_wconf 87' lang='lat' dir='ltr'><strong>Ekby</strong></span> <span class='ocrx_word' id='word_1_127' title='bbox 1896 1818 1934 1898; x_wconf 90' lang='lat' dir='ltr'><strong>in</strong></span> <span class='ocrx_word' id='word_1_128' title='bbox 1971 1820 2052 1925; x_wconf 81' lang='lat' dir='ltr'><strong>gotia</strong></span> 
     </span>
     <span class='ocr_line' id='line_1_14' title="bbox 264 1924 2052 2044; baseline -0.001 -31"><span class='ocrx_word' id='word_1_129' title='bbox 264 1924 275 1935; x_wconf 62' lang='grc'><strong><em>’</em></strong></span> <span class='ocrx_word' id='word_1_130' title='bbox 287 1960 418 2044; x_wconf 89' lang='lat' dir='ltr'><strong>prope</strong></span> <span class='ocrx_word' id='word_1_131' title='bbox 433 1928 693 2037; x_wconf 85' lang='lat' dir='ltr'><strong>skaeniugiam</strong></span> <span class='ocrx_word' id='word_1_132' title='bbox 712 1931 852 2026; x_wconf 90' lang='lat' dir='ltr'><strong>situm,</strong></span> <span class='ocrx_word' id='word_1_133' title='bbox 881 1931 1013 2033; x_wconf 87' lang='lat' dir='ltr'><strong>Quem</strong></span> <span class='ocrx_word' id='word_1_134' title='bbox 1029 1959 1077 2011; x_wconf 85' lang='lat' dir='ltr'><strong>ex</strong></span> <span class='ocrx_word' id='word_1_135' title='bbox 1099 1932 1260 2039; x_wconf 89' lang='lat' dir='ltr'><strong>speciali</strong></span> <span class='ocrx_word' id='word_1_136' title='bbox 1280 1930 1562 2011; x_wconf 81' lang='lat' dir='ltr'><strong>beneuolentia</strong></span> <span class='ocrx_word' id='word_1_137' title='bbox 1584 1926 1633 2013; x_wconf 88' lang='lat' dir='ltr'><strong>ad</strong></span> <span class='ocrx_word' id='word_1_138' title='bbox 1651 1929 1901 2010; x_wconf 84' lang='lat' dir='ltr'><strong>karissimum</strong></span> <span class='ocrx_word' id='word_1_139' title='bbox 1925 1930 2052 2011; x_wconf 79' lang='lat' dir='ltr'><strong>fratrem</strong></span> 
     </span>
     <span class='ocr_line' id='line_1_15' title="bbox 290 2036 2053 2151; baseline -0.002 -26"><span class='ocrx_word' id='word_1_140' title='bbox 290 2072 420 2125; x_wconf 92' lang='lat' dir='ltr'><strong>meum</strong></span> <span class='ocrx_word' id='word_1_141' title='bbox 451 2042 666 2120; x_wconf 92' lang='lat' dir='ltr'><strong>Dominum</strong></span> <span class='ocrx_word' id='word_1_142' title='bbox 697 2039 905 2147; x_wconf 83' lang='lat' dir='ltr'><strong>Magnum,</strong></span> <span class='ocrx_word' id='word_1_143' title='bbox 935 2042 1028 2122; x_wconf 89' lang='lat' dir='ltr'><strong>volo</strong></span> <span class='ocrx_word' id='word_1_144' title='bbox 1059 2069 1131 2149; x_wconf 89' lang='lat' dir='ltr'><strong>per</strong></span> <span class='ocrx_word' id='word_1_145' title='bbox 1161 2043 1290 2151; x_wconf 91' lang='lat' dir='ltr'><strong>ipsum</strong></span> <span class='ocrx_word' id='word_1_146' title='bbox 1322 2070 1399 2151; x_wconf 93' lang='lat' dir='ltr'><strong>pro</strong></span> <span class='ocrx_word' id='word_1_147' title='bbox 1428 2042 1633 2151; x_wconf 84' lang='lat' dir='ltr'><strong>octoginta</strong></span> <span class='ocrx_word' id='word_1_148' title='bbox 1665 2038 1839 2122; x_wconf 86' lang='lat' dir='ltr'><strong>marchis</strong></span> <span class='ocrx_word' id='word_1_149' title='bbox 1867 2036 1952 2121; x_wconf 90' lang='lat' dir='ltr'><strong>den.</strong></span> <span class='ocrx_word' id='word_1_150' title='bbox 1976 2040 2053 2121; x_wconf 88' lang='lat' dir='ltr'><strong>redi·</strong></span> 
     </span>
     <span class='ocr_line' id='line_1_16' title="bbox 289 2151 2052 2264; baseline -0.003 -27"><span class='ocrx_word' id='word_1_151' title='bbox 289 2160 344 2237; x_wconf 92' lang='lat' dir='ltr'><strong>mi</strong></span> <span class='ocrx_word' id='word_1_152' title='bbox 373 2155 423 2233; x_wconf 89' lang='lat' dir='ltr'><strong>ab</strong></span> <span class='ocrx_word' id='word_1_153' title='bbox 453 2151 764 2263; x_wconf 81' lang='lat' dir='ltr'><strong>exsequtoribus</strong></span> <span class='ocrx_word' id='word_1_154' title='bbox 792 2155 1015 2232; x_wconf 86' lang='lat' dir='ltr'><strong>testamenti</strong></span> <span class='ocrx_word' id='word_1_155' title='bbox 1046 2153 1123 2233; x_wconf 83' lang='lat' dir='ltr'><strong>mei</strong></span> <span class='ocrx_word' id='word_1_156' title='bbox 1151 2154 1253 2233; x_wconf 87' lang='lat' dir='ltr'><strong>infra</strong></span> <span class='ocrx_word' id='word_1_157' title='bbox 1285 2181 1435 2233; x_wconf 88' lang='lat' dir='ltr'><strong>annum</strong></span> <span class='ocrx_word' id='word_1_158' title='bbox 1466 2182 1487 2233; x_wconf 87' lang='lat' dir='ltr'><strong>a</strong></span> <span class='ocrx_word' id='word_1_159' title='bbox 1519 2171 1701 2264; x_wconf 87' lang='lat' dir='ltr'><strong>tempore</strong></span> <span class='ocrx_word' id='word_1_160' title='bbox 1731 2152 1867 2233; x_wconf 92' lang='lat' dir='ltr'><strong>obitus</strong></span> <span class='ocrx_word' id='word_1_161' title='bbox 1884 2151 1953 2233; x_wconf 92' lang='lat' dir='ltr'><strong>mei</strong></span> <span class='ocrx_word' id='word_1_162' title='bbox 1973 2179 2052 2231; x_wconf 90' lang='lat' dir='ltr'><strong>con·</strong></span> 
     </span>
     <span class='ocr_line' id='line_1_17' title="bbox 289 2262 2053 2379; baseline -0.002 -33"><span class='ocrx_word' id='word_1_163' title='bbox 289 2264 538 2379; x_wconf 88' lang='lat' dir='ltr'><strong>putandum,</strong></span> <span class='ocrx_word' id='word_1_164' title='bbox 566 2262 760 2373; x_wconf 89' lang='lat' dir='ltr'><strong>Alioquin</strong></span> <span class='ocrx_word' id='word_1_165' title='bbox 789 2290 898 2343; x_wconf 86' lang='lat' dir='ltr'><strong>anno</strong></span> <span class='ocrx_word' id='word_1_166' title='bbox 926 2264 1063 2373; x_wconf 88' lang='lat' dir='ltr'><strong>elapso</strong></span> <span class='ocrx_word' id='word_1_167' title='bbox 1092 2266 1186 2345; x_wconf 86' lang='lat' dir='ltr'><strong>volo</strong></span> <span class='ocrx_word' id='word_1_168' title='bbox 1215 2264 1367 2345; x_wconf 89' lang='lat' dir='ltr'><strong>dictum</strong></span> <span class='ocrx_word' id='word_1_169' title='bbox 1397 2280 1609 2375; x_wconf 83' lang='lat' dir='ltr'><strong>attungum</strong></span> <span class='ocrx_word' id='word_1_170' title='bbox 1642 2263 2053 2375; x_wconf 75' lang='lat' dir='ltr'><strong>perexequtoresipsos</strong></span> 
     </span>
     <span class='ocr_line' id='line_1_18' title="bbox 288 2373 2055 2484; baseline -0.003 -26"><span class='ocrx_word' id='word_1_171' title='bbox 288 2376 411 2458; x_wconf 88' lang='lat' dir='ltr'><strong>vendi</strong></span> <span class='ocrx_word' id='word_1_172' title='bbox 440 2374 608 2455; x_wconf 90' lang='lat' dir='ltr'><strong>cuilibet</strong></span> <span class='ocrx_word' id='word_1_173' title='bbox 637 2374 809 2483; x_wconf 90' lang='lat' dir='ltr'><strong>amplius</strong></span> <span class='ocrx_word' id='word_1_174' title='bbox 838 2374 1046 2472; x_wconf 84' lang='lat' dir='ltr'><strong>offerenti,</strong></span> <span class='ocrx_word' id='word_1_175' title='bbox 1073 2379 1174 2457; x_wconf 88' lang='lat' dir='ltr'><strong>ltem</strong></span> <span class='ocrx_word' id='word_1_176' title='bbox 1203 2374 1254 2455; x_wconf 90' lang='lat' dir='ltr'><strong>ad</strong></span> <span class='ocrx_word' id='word_1_177' title='bbox 1285 2376 1512 2473; x_wconf 77' lang='lat' dir='ltr'><strong>faciendum</strong></span> <span class='ocrx_word' id='word_1_178' title='bbox 1542 2396 1582 2455; x_wconf 88' lang='lat' dir='ltr'><strong>et</strong></span> <span class='ocrx_word' id='word_1_179' title='bbox 1605 2373 1864 2484; x_wconf 88' lang='lat' dir='ltr'><strong>implendum</strong></span> <span class='ocrx_word' id='word_1_180' title='bbox 1889 2376 2055 2484; x_wconf 85' lang='lat' dir='ltr'><strong>premissa,</strong></span> 
     </span>
     <span class='ocr_line' id='line_1_19' title="bbox 167 2484 2054 2597; baseline -0.003 -28"><span class='ocrx_word' id='word_1_181' title='bbox 167 2510 171 2513; x_wconf 67' lang='grc'><strong>“</strong></span> <span class='ocrx_word' id='word_1_182' title='bbox 289 2488 442 2597; x_wconf 89' lang='lat' dir='ltr'><strong>deputo</strong></span> <span class='ocrx_word' id='word_1_183' title='bbox 471 2504 511 2565; x_wconf 90' lang='lat' dir='ltr'><strong>et</strong></span> <span class='ocrx_word' id='word_1_184' title='bbox 542 2484 679 2566; x_wconf 61' lang='lat' dir='ltr'><strong>oblico</strong></span> <span class='ocrx_word' id='word_1_185' title='bbox 708 2494 752 2565; x_wconf 86' lang='lat' dir='ltr'><strong>et</strong></span> <span class='ocrx_word' id='word_1_186' title='bbox 777 2487 936 2593; x_wconf 83' lang='lat' dir='ltr'><strong>assigno</strong></span> <span class='ocrx_word' id='word_1_187' title='bbox 966 2488 1117 2567; x_wconf 88' lang='lat' dir='ltr'><strong>curiam</strong></span> <span class='ocrx_word' id='word_1_188' title='bbox 1149 2515 1272 2567; x_wconf 88' lang='lat' dir='ltr'><strong>meam</strong></span> <span class='ocrx_word' id='word_1_189' title='bbox 1303 2486 1412 2567; x_wconf 83' lang='lat' dir='ltr'><strong>saltae</strong></span> <span class='ocrx_word' id='word_1_190' title='bbox 1442 2492 1481 2567; x_wconf 93' lang='lat' dir='ltr'><strong>in</strong></span> <span class='ocrx_word' id='word_1_191' title='bbox 1514 2488 1703 2597; x_wconf 87' lang='lat' dir='ltr'><strong>parochia</strong></span> <span class='ocrx_word' id='word_1_192' title='bbox 1721 2484 1930 2567; x_wconf 90' lang='lat' dir='ltr'><strong>Tbedhom</strong></span> <span class='ocrx_word' id='word_1_193' title='bbox 1958 2488 2054 2577; x_wconf 88' lang='lat' dir='ltr'><strong>sitam,</strong></span> 
     </span>
     <span class='ocr_line' id='line_1_20' title="bbox 269 2550 2055 2709; baseline -0.004 -27"><span class='ocrx_word' id='word_1_194' title='bbox 269 2628 382 2697; x_wconf 64' lang='lat' dir='ltr'><strong>vcum</strong></span> <span class='ocrx_word' id='word_1_195' title='bbox 413 2597 601 2679; x_wconf 92' lang='lat' dir='ltr'><strong>omnibus</strong></span> <span class='ocrx_word' id='word_1_196' title='bbox 627 2550 747 2677; x_wconf 80' lang='lat' dir='ltr'><strong>bonis</strong></span> <span class='ocrx_word' id='word_1_197' title='bbox 775 2597 1048 2677; x_wconf 89' lang='lat' dir='ltr'><strong>immobilibus</strong></span> <span class='ocrx_word' id='word_1_198' title='bbox 1077 2597 1128 2679; x_wconf 88' lang='lat' dir='ltr'><strong>ad</strong></span> <span class='ocrx_word' id='word_1_199' title='bbox 1158 2599 1303 2679; x_wconf 88' lang='lat' dir='ltr'><strong>dictam</strong></span> <span class='ocrx_word' id='word_1_200' title='bbox 1335 2602 1486 2679; x_wconf 89' lang='lat' dir='ltr'><strong>curiam</strong></span> <span class='ocrx_word' id='word_1_201' title='bbox 1512 2596 1823 2709; x_wconf 83' lang='lat' dir='ltr'><strong>pcrtinentibus¹</strong></span> <span class='ocrx_word' id='word_1_202' title='bbox 1842 2615 1882 2678; x_wconf 90' lang='lat' dir='ltr'><strong>et</strong></span> <span class='ocrx_word' id='word_1_203' title='bbox 1908 2596 2055 2678; x_wconf 87' lang='lat' dir='ltr'><strong>similiter</strong></span> 
     </span>
     <span class='ocr_line' id='line_1_21' title="bbox 291 2704 2054 2819; baseline -0.002 -28"><span class='ocrx_word' id='word_1_204' title='bbox 291 2709 511 2793; x_wconf 89' lang='lat' dir='ltr'><strong>mobilibus</strong></span> <span class='ocrx_word' id='word_1_205' title='bbox 540 2708 748 2801; x_wconf 91' lang='lat' dir='ltr'><strong>omnibus,</strong></span> <span class='ocrx_word' id='word_1_206' title='bbox 776 2723 960 2817; x_wconf 89' lang='lat' dir='ltr'><strong>tempore</strong></span> <span class='ocrx_word' id='word_1_207' title='bbox 993 2712 1133 2789; x_wconf 87' lang='lat' dir='ltr'><strong>mortis</strong></span> <span class='ocrx_word' id='word_1_208' title='bbox 1163 2708 1246 2791; x_wconf 84' lang='lat' dir='ltr'><strong>mee</strong></span> <span class='ocrx_word' id='word_1_209' title='bbox 1270 2713 1533 2793; x_wconf 85' lang='lat' dir='ltr'><strong>existentibus</strong></span> <span class='ocrx_word' id='word_1_210' title='bbox 1549 2712 1590 2790; x_wconf 91' lang='lat' dir='ltr'><strong>in</strong></span> <span class='ocrx_word' id='word_1_211' title='bbox 1609 2707 1770 2806; x_wconf 88' lang='lat' dir='ltr'><strong>eadem,</strong></span> <span class='ocrx_word' id='word_1_212' title='bbox 1804 2710 1949 2806; x_wconf 88' lang='lat' dir='ltr'><strong>volens,</strong></span> <span class='ocrx_word' id='word_1_213' title='bbox 1973 2704 2054 2819; x_wconf 87' lang='lat' dir='ltr'><strong>quod</strong></span> 
     </span>
     <span class='ocr_line' id='line_1_22' title="bbox 289 2816 2056 2929; baseline -0.004 -25"><span class='ocrx_word' id='word_1_214' title='bbox 289 2823 424 2904; x_wconf 92' lang='lat' dir='ltr'><strong>dictus</strong></span> <span class='ocrx_word' id='word_1_215' title='bbox 452 2837 645 2927; x_wconf 81' lang='lat' dir='ltr'><strong>attungus</strong></span> <span class='ocrx_word' id='word_1_216' title='bbox 673 2821 713 2898; x_wconf 93' lang='lat' dir='ltr'><strong>iu</strong></span> <span class='ocrx_word' id='word_1_217' title='bbox 746 2816 877 2926; x_wconf 85' lang='lat' dir='ltr'><strong>Elby,</strong></span> <span class='ocrx_word' id='word_1_218' title='bbox 906 2850 929 2899; x_wconf 88' lang='lat' dir='ltr'><strong>a</strong></span> <span class='ocrx_word' id='word_1_219' title='bbox 959 2820 1124 2902; x_wconf 90' lang='lat' dir='ltr'><strong>domino</strong></span> <span class='ocrx_word' id='word_1_220' title='bbox 1154 2822 1299 2929; x_wconf 81' lang='lat' dir='ltr'><strong>blaguo</strong></span> <span class='ocrx_word' id='word_1_221' title='bbox 1330 2820 1452 2903; x_wconf 84' lang='lat' dir='ltr'><strong>lratre</strong></span> <span class='ocrx_word' id='word_1_222' title='bbox 1484 2850 1591 2919; x_wconf 87' lang='lat' dir='ltr'><strong>meo,</strong></span> <span class='ocrx_word' id='word_1_223' title='bbox 1635 2840 1674 2902; x_wconf 93' lang='lat' dir='ltr'><strong>et</strong></span> <span class='ocrx_word' id='word_1_224' title='bbox 1703 2820 1809 2902; x_wconf 83' lang='lat' dir='ltr'><strong>dicta</strong></span> <span class='ocrx_word' id='word_1_225' title='bbox 1844 2822 1952 2903; x_wconf 89' lang='lat' dir='ltr'><strong>curia</strong></span> <span class='ocrx_word' id='word_1_226' title='bbox 1977 2818 2056 2899; x_wconf 85' lang='lat' dir='ltr'><strong>salta</strong></span> 
     </span>
     <span class='ocr_line' id='line_1_23' title="bbox 290 2928 2057 3040; baseline -0.004 -26"><span class='ocrx_word' id='word_1_227' title='bbox 290 2961 373 3014; x_wconf 92' lang='lat' dir='ltr'><strong>nou</strong></span> <span class='ocrx_word' id='word_1_228' title='bbox 405 2931 624 3029; x_wconf 85' lang='lat' dir='ltr'><strong>adeantur,</strong></span> <span class='ocrx_word' id='word_1_229' title='bbox 653 2958 726 3011; x_wconf 91' lang='lat' dir='ltr'><strong>uec</strong></span> <span class='ocrx_word' id='word_1_230' title='bbox 755 2949 1006 3040; x_wconf 81' lang='lat' dir='ltr'><strong>occupentur</strong></span> <span class='ocrx_word' id='word_1_231' title='bbox 1042 2962 1064 3012; x_wconf 90' lang='lat' dir='ltr'><strong>a</strong></span> <span class='ocrx_word' id='word_1_232' title='bbox 1096 2936 1192 3014; x_wconf 90' lang='lat' dir='ltr'><strong>meis</strong></span> <span class='ocrx_word' id='word_1_233' title='bbox 1236 2932 1452 3014; x_wconf 86' lang='lat' dir='ltr'><strong>heredibus</strong></span> <span class='ocrx_word' id='word_1_234' title='bbox 1494 2930 1584 3014; x_wconf 85' lang='lat' dir='ltr'><strong>cum</strong></span> <span class='ocrx_word' id='word_1_235' title='bbox 1621 2930 1848 3032; x_wconf 86' lang='lat' dir='ltr'><strong>decessero,</strong></span> <span class='ocrx_word' id='word_1_236' title='bbox 1891 2928 1965 3012; x_wconf 88' lang='lat' dir='ltr'><strong>Sed</strong></span> <span class='ocrx_word' id='word_1_237' title='bbox 2000 2932 2057 3008; x_wconf 90' lang='lat' dir='ltr'><strong>sint</strong></span> 
     </span>
    </p>
   </div>
   <div class='ocr_carea' id='block_1_2' title="bbox 95 3039 2056 3155">
    <p class='ocr_par' dir='ltr' id='par_1_4' title="bbox 95 3039 2056 3155">
     <span class='ocr_line' id='line_1_24' title="bbox 95 3039 2056 3155; baseline -0.003 -30"><span class='ocrx_word' id='word_1_238' title='bbox 95 3134 100 3141; x_wconf 23' lang='lat'><em>4</em></span> <span class='ocrx_word' id='word_1_239' title='bbox 153 3099 158 3106; x_wconf 95' lang='lat'>-</span> <span class='ocrx_word' id='word_1_240' title='bbox 194 3102 197 3106; x_wconf 91' lang='lat'>-</span> <span class='ocrx_word' id='word_1_241' title='bbox 286 3075 365 3154; x_wconf 89' lang='lat' dir='ltr'><strong>per</strong></span> <span class='ocrx_word' id='word_1_242' title='bbox 395 3073 543 3124; x_wconf 73' lang='lat' dir='ltr'><strong>artuum</strong></span> <span class='ocrx_word' id='word_1_243' title='bbox 573 3043 650 3124; x_wconf 93' lang='lat' dir='ltr'><strong>sub</strong></span> <span class='ocrx_word' id='word_1_244' title='bbox 680 3070 797 3139; x_wconf 88' lang='lat' dir='ltr'><strong>cura,</strong></span> <span class='ocrx_word' id='word_1_245' title='bbox 829 3045 1025 3140; x_wconf 90' lang='lat' dir='ltr'><strong>custodia,</strong></span> <span class='ocrx_word' id='word_1_246' title='bbox 1055 3061 1095 3124; x_wconf 91' lang='lat' dir='ltr'><strong>et</strong></span> <span class='ocrx_word' id='word_1_247' title='bbox 1123 3041 1391 3154; x_wconf 85' lang='lat' dir='ltr'><strong>disposicione</strong></span> <span class='ocrx_word' id='word_1_248' title='bbox 1420 3064 1705 3155; x_wconf 84' lang='lat' dir='ltr'><strong>exsequtorum</strong></span> <span class='ocrx_word' id='word_1_249' title='bbox 1735 3044 1959 3126; x_wconf 85' lang='lat' dir='ltr'><strong>testamenti</strong></span> <span class='ocrx_word' id='word_1_250' title='bbox 1990 3039 2056 3132; x_wconf 85' lang='lat' dir='ltr'><strong>nei,</strong></span> 
     </span>
    </p>
   </div>
   <div class='ocr_carea' id='block_1_3' title="bbox 184 3153 2059 4712">
    <p class='ocr_par' dir='ltr' id='par_1_5' title="bbox 184 3153 2059 4712">
     <span class='ocr_line' id='line_1_25' title="bbox 290 3153 2056 3265; baseline -0.005 -26"><span class='ocrx_word' id='word_1_251' title='bbox 290 3177 330 3239; x_wconf 91' lang='lat' dir='ltr'><strong>et</strong></span> <span class='ocrx_word' id='word_1_252' title='bbox 358 3158 390 3237; x_wconf 94' lang='lat' dir='ltr'><strong>si</strong></span> <span class='ocrx_word' id='word_1_253' title='bbox 420 3155 524 3236; x_wconf 89' lang='lat' dir='ltr'><strong>insra</strong></span> <span class='ocrx_word' id='word_1_254' title='bbox 556 3182 704 3236; x_wconf 92' lang='lat' dir='ltr'><strong>anuum</strong></span> <span class='ocrx_word' id='word_1_255' title='bbox 735 3153 960 3258; x_wconf 90' lang='lat' dir='ltr'><strong>predictum</strong></span> <span class='ocrx_word' id='word_1_256' title='bbox 991 3157 1301 3265; x_wconf 83' lang='lat' dir='ltr'><strong>exsequtoribus</strong></span> <span class='ocrx_word' id='word_1_257' title='bbox 1331 3157 1426 3236; x_wconf 89' lang='lat' dir='ltr'><strong>meis</strong></span> <span class='ocrx_word' id='word_1_258' title='bbox 1455 3153 1619 3236; x_wconf 87' lang='lat' dir='ltr'><strong>heredes</strong></span> <span class='ocrx_word' id='word_1_259' title='bbox 1641 3159 1716 3236; x_wconf 91' lang='lat' dir='ltr'><strong>mei</strong></span> <span class='ocrx_word' id='word_1_260' title='bbox 1739 3155 1983 3250; x_wconf 87' lang='lat' dir='ltr'><strong>tradiderint,</strong></span> <span class='ocrx_word' id='word_1_261' title='bbox 2006 3179 2056 3232; x_wconf 84' lang='lat' dir='ltr'><strong>vn·</strong></span> 
     </span>
     <span class='ocr_line' id='line_1_26' title="bbox 292 3261 2057 3374; baseline -0.006 -24"><span class='ocrx_word' id='word_1_262' title='bbox 292 3267 344 3350; x_wconf 85' lang='lat' dir='ltr'><strong>(le</strong></span> <span class='ocrx_word' id='word_1_263' title='bbox 374 3287 414 3348; x_wconf 92' lang='lat' dir='ltr'><strong>et</strong></span> <span class='ocrx_word' id='word_1_264' title='bbox 442 3265 578 3346; x_wconf 88' lang='lat' dir='ltr'><strong>debita</strong></span> <span class='ocrx_word' id='word_1_265' title='bbox 609 3264 822 3345; x_wconf 87' lang='lat' dir='ltr'><strong>soluautur</strong></span> <span class='ocrx_word' id='word_1_266' title='bbox 852 3266 1045 3374; x_wconf 88' lang='lat' dir='ltr'><strong>plenarie,</strong></span> <span class='ocrx_word' id='word_1_267' title='bbox 1074 3285 1114 3346; x_wconf 90' lang='lat' dir='ltr'><strong>et</strong></span> <span class='ocrx_word' id='word_1_268' title='bbox 1144 3267 1242 3346; x_wconf 88' lang='lat' dir='ltr'><strong>liant</strong></span> <span class='ocrx_word' id='word_1_269' title='bbox 1274 3267 1552 3372; x_wconf 83' lang='lat' dir='ltr'><strong>restitucioues</strong></span> <span class='ocrx_word' id='word_1_270' title='bbox 1581 3285 1620 3348; x_wconf 92' lang='lat' dir='ltr'><strong>et</strong></span> <span class='ocrx_word' id='word_1_271' title='bbox 1648 3265 1953 3364; x_wconf 79' lang='lat' dir='ltr'><strong>satisfactiones,</strong></span> <span class='ocrx_word' id='word_1_272' title='bbox 1977 3261 2057 3346; x_wconf 87' lang='lat' dir='ltr'><strong>etlc·</strong></span> 
     </span>
     <span class='ocr_line' id='line_1_27' title="bbox 201 3371 2056 3488; baseline 0.001 -31"><span class='ocrx_word' id='word_1_273' title='bbox 201 3407 204 3411; x_wconf 85' lang='lat'>·</span> <span class='ocrx_word' id='word_1_274' title='bbox 293 3395 385 3488; x_wconf 87' lang='lat' dir='ltr'><strong>gata</strong></span> <span class='ocrx_word' id='word_1_275' title='bbox 415 3377 662 3485; x_wconf 85' lang='lat' dir='ltr'><strong>integraliter</strong></span> <span class='ocrx_word' id='word_1_276' title='bbox 692 3376 998 3484; x_wconf 90' lang='lat' dir='ltr'><strong>persoluantur,</strong></span> <span class='ocrx_word' id='word_1_277' title='bbox 1026 3375 1143 3470; x_wconf 79' lang='lat' dir='ltr'><strong>Tunc</strong></span> <span class='ocrx_word' id='word_1_278' title='bbox 1172 3381 1279 3459; x_wconf 88' lang='lat' dir='ltr'><strong>dicta</strong></span> <span class='ocrx_word' id='word_1_279' title='bbox 1310 3380 1421 3458; x_wconf 89' lang='lat' dir='ltr'><strong>curia</strong></span> <span class='ocrx_word' id='word_1_280' title='bbox 1452 3378 1589 3460; x_wconf 88' lang='lat' dir='ltr'><strong>redeat</strong></span> <span class='ocrx_word' id='word_1_281' title='bbox 1627 3375 1679 3458; x_wconf 85' lang='lat' dir='ltr'><strong>ad</strong></span> <span class='ocrx_word' id='word_1_282' title='bbox 1711 3378 1877 3461; x_wconf 88' lang='lat' dir='ltr'><strong>heredes</strong></span> <span class='ocrx_word' id='word_1_283' title='bbox 1907 3403 2010 3470; x_wconf 87' lang='lat' dir='ltr'><strong>meos,</strong></span> <span class='ocrx_word' id='word_1_284' title='bbox 2030 3371 2056 3450; x_wconf 65' lang='grc' dir='ltr'><strong>θ’</strong></span> 
     </span>
     <span class='ocr_line' id='line_1_28' title="bbox 294 3481 2058 3600; baseline -0.002 -32"><span class='ocrx_word' id='word_1_285' title='bbox 294 3506 428 3569; x_wconf 89' lang='lat' dir='ltr'><strong>autem</strong></span> <span class='ocrx_word' id='word_1_286' title='bbox 458 3487 623 3568; x_wconf 89' lang='lat' dir='ltr'><strong>heredes</strong></span> <span class='ocrx_word' id='word_1_287' title='bbox 653 3489 728 3566; x_wconf 92' lang='lat' dir='ltr'><strong>mci</strong></span> <span class='ocrx_word' id='word_1_288' title='bbox 758 3485 864 3567; x_wconf 88' lang='lat' dir='ltr'><strong>infra</strong></span> <span class='ocrx_word' id='word_1_289' title='bbox 892 3517 1043 3568; x_wconf 88' lang='lat' dir='ltr'><strong>anuum</strong></span> <span class='ocrx_word' id='word_1_290' title='bbox 1080 3515 1161 3568; x_wconf 91' lang='lat' dir='ltr'><strong>non</strong></span> <span class='ocrx_word' id='word_1_291' title='bbox 1192 3487 1432 3571; x_wconf 89' lang='lat' dir='ltr'><strong>tradiderint</strong></span> <span class='ocrx_word' id='word_1_292' title='bbox 1474 3490 1785 3600; x_wconf 82' lang='lat' dir='ltr'><strong>exsequtoribus</strong></span> <span class='ocrx_word' id='word_1_293' title='bbox 1830 3491 1943 3585; x_wconf 88' lang='lat' dir='ltr'><strong>meis,</strong></span> <span class='ocrx_word' id='word_1_294' title='bbox 1981 3481 2058 3564; x_wconf 85' lang='lat' dir='ltr'><strong>rude</strong></span> 
     </span>
     <span class='ocr_line' id='line_1_29' title="bbox 294 3599 2057 3711; baseline -0.003 -33"><span class='ocrx_word' id='word_1_295' title='bbox 294 3601 483 3710; x_wconf 88' lang='lat' dir='ltr'><strong>premissa</strong></span> <span class='ocrx_word' id='word_1_296' title='bbox 514 3599 795 3710; x_wconf 82' lang='lat' dir='ltr'><strong>perficiantur,</strong></span> <span class='ocrx_word' id='word_1_297' title='bbox 825 3599 887 3678; x_wconf 86' lang='lat' dir='ltr'><strong>Ex</strong></span> <span class='ocrx_word' id='word_1_298' title='bbox 916 3627 1046 3696; x_wconf 91' lang='lat' dir='ltr'><strong>nunc,</strong></span> <span class='ocrx_word' id='word_1_299' title='bbox 1089 3615 1134 3678; x_wconf 85' lang='lat' dir='ltr'><strong>ut</strong></span> <span class='ocrx_word' id='word_1_300' title='bbox 1164 3629 1212 3680; x_wconf 85' lang='lat' dir='ltr'><strong>ex</strong></span> <span class='ocrx_word' id='word_1_301' title='bbox 1251 3617 1360 3696; x_wconf 90' lang='lat' dir='ltr'><strong>tunc,</strong></span> <span class='ocrx_word' id='word_1_302' title='bbox 1390 3603 1680 3708; x_wconf 89' lang='lat' dir='ltr'><strong>possessionem</strong></span> <span class='ocrx_word' id='word_1_303' title='bbox 1724 3618 1765 3680; x_wconf 90' lang='lat' dir='ltr'><strong>et</strong></span> <span class='ocrx_word' id='word_1_304' title='bbox 1809 3602 2057 3711; x_wconf 85' lang='lat' dir='ltr'><strong>proprietatem</strong></span> 
     </span>
     <span class='ocr_line' id='line_1_30' title="bbox 184 3703 2059 3821; baseline -0.006 -25"><span class='ocrx_word' id='word_1_305' title='bbox 184 3790 191 3796; x_wconf 90' lang='lat'><strong>.</strong></span> <span class='ocrx_word' id='word_1_306' title='bbox 293 3712 494 3793; x_wconf 89' lang='lat' dir='ltr'><strong>dictorum</strong></span> <span class='ocrx_word' id='word_1_307' title='bbox 529 3713 727 3790; x_wconf 89' lang='lat' dir='ltr'><strong>bonorum</strong></span> <span class='ocrx_word' id='word_1_308' title='bbox 759 3713 799 3788; x_wconf 93' lang='lat' dir='ltr'><strong>in</strong></span> <span class='ocrx_word' id='word_1_309' title='bbox 830 3738 938 3791; x_wconf 92' lang='lat' dir='ltr'><strong>meos</strong></span> <span class='ocrx_word' id='word_1_310' title='bbox 966 3727 1226 3821; x_wconf 80' lang='lat' dir='ltr'><strong>exsequtores</strong></span> <span class='ocrx_word' id='word_1_311' title='bbox 1255 3712 1475 3809; x_wconf 83' lang='lat' dir='ltr'><strong>transfero,</strong></span> <span class='ocrx_word' id='word_1_312' title='bbox 1505 3732 1544 3794; x_wconf 89' lang='lat' dir='ltr'><strong>et</strong></span> <span class='ocrx_word' id='word_1_313' title='bbox 1573 3715 1669 3821; x_wconf 90' lang='lat' dir='ltr'><strong>ipsis</strong></span> <span class='ocrx_word' id='word_1_314' title='bbox 1702 3719 1930 3809; x_wconf 89' lang='lat' dir='ltr'><strong>committo,</strong></span> <span class='ocrx_word' id='word_1_315' title='bbox 1954 3727 1992 3790; x_wconf 87' lang='lat' dir='ltr'><strong>ut</strong></span> <span class='ocrx_word' id='word_1_316' title='bbox 2014 3703 2059 3786; x_wconf 86' lang='lat' dir='ltr'><strong>cni</strong></span> 
     </span>
     <span class='ocr_line' id='line_1_31' title="bbox 283 3820 2059 3934; baseline -0.005 -32"><span class='ocrx_word' id='word_1_317' title='bbox 283 3823 500 3916; x_wconf 81' lang='lat' dir='ltr'><strong>noluerint</strong></span> <span class='ocrx_word' id='word_1_318' title='bbox 530 3820 655 3900; x_wconf 91' lang='lat' dir='ltr'><strong>libere</strong></span> <span class='ocrx_word' id='word_1_319' title='bbox 698 3820 875 3901; x_wconf 87' lang='lat' dir='ltr'><strong>vendant</strong></span> <span class='ocrx_word' id='word_1_320' title='bbox 911 3851 977 3915; x_wconf 87' lang='lat' dir='ltr'><strong>ea,</strong></span> <span class='ocrx_word' id='word_1_321' title='bbox 1020 3823 1072 3902; x_wconf 90' lang='lat' dir='ltr'><strong>ad</strong></span> <span class='ocrx_word' id='word_1_322' title='bbox 1104 3822 1349 3930; x_wconf 90' lang='lat' dir='ltr'><strong>implendum</strong></span> <span class='ocrx_word' id='word_1_323' title='bbox 1395 3827 1527 3906; x_wconf 90' lang='lat' dir='ltr'><strong>omnia</strong></span> <span class='ocrx_word' id='word_1_324' title='bbox 1558 3841 1598 3904; x_wconf 91' lang='lat' dir='ltr'><strong>et</strong></span> <span class='ocrx_word' id='word_1_325' title='bbox 1633 3823 1790 3933; x_wconf 85' lang='lat' dir='ltr'><strong>singula</strong></span> <span class='ocrx_word' id='word_1_326' title='bbox 1821 3822 2059 3934; x_wconf 63' lang='lat' dir='ltr'><strong>premissam</strong></span> 
     </span>
     <span class='ocr_line' id='line_1_32' title="bbox 292 3923 2059 4044; baseline -0.002 -31"><span class='ocrx_word' id='word_1_327' title='bbox 292 3931 371 4041; x_wconf 86' lang='lat' dir='ltr'><strong>hijs</strong></span> <span class='ocrx_word' id='word_1_328' title='bbox 415 3929 623 4042; x_wconf 81' lang='lat' dir='ltr'><strong>perfectis,</strong></span> <span class='ocrx_word' id='word_1_329' title='bbox 666 3931 868 4043; x_wconf 91' lang='lat' dir='ltr'><strong>quidquid</strong></span> <span class='ocrx_word' id='word_1_330' title='bbox 911 3932 1154 4040; x_wconf 86' lang='lat' dir='ltr'><strong>superfuerit</strong></span> <span class='ocrx_word' id='word_1_331' title='bbox 1190 3935 1333 4044; x_wconf 84' lang='lat' dir='ltr'><strong>precij,</strong></span> <span class='ocrx_word' id='word_1_332' title='bbox 1378 3936 1471 4014; x_wconf 88' lang='lat' dir='ltr'><strong>volo</strong></span> <span class='ocrx_word' id='word_1_333' title='bbox 1517 3935 1740 4016; x_wconf 88' lang='lat' dir='ltr'><strong>beredibus</strong></span> <span class='ocrx_word' id='word_1_334' title='bbox 1776 3937 1873 4017; x_wconf 87' lang='lat' dir='ltr'><strong>meis</strong></span> <span class='ocrx_word' id='word_1_335' title='bbox 1902 3931 1999 4014; x_wconf 85' lang='lat' dir='ltr'><strong>tradi</strong></span> <span class='ocrx_word' id='word_1_336' title='bbox 2024 3923 2059 4006; x_wconf 80' lang='lat' dir='ltr'><strong>ab</strong></span> 
     </span>
     <span class='ocr_line' id='line_1_33' title="bbox 293 4043 2058 4155; baseline -0.007 -27"><span class='ocrx_word' id='word_1_337' title='bbox 293 4045 584 4155; x_wconf 86' lang='lat' dir='ltr'><strong>exequtoribus</strong></span> <span class='ocrx_word' id='word_1_338' title='bbox 615 4045 861 4140; x_wconf 85' lang='lat' dir='ltr'><strong>memoratis,</strong></span> <span class='ocrx_word' id='word_1_339' title='bbox 905 4043 1175 4151; x_wconf 83' lang='lat' dir='ltr'><strong>Haucigitur</strong></span> <span class='ocrx_word' id='word_1_340' title='bbox 1207 4075 1332 4136; x_wconf 88' lang='lat' dir='ltr'><strong>meam</strong></span> <span class='ocrx_word' id='word_1_341' title='bbox 1370 4047 1545 4127; x_wconf 82' lang='lat' dir='ltr'><strong>altimum</strong></span> <span class='ocrx_word' id='word_1_342' title='bbox 1589 4047 1839 4128; x_wconf 85' lang='lat' dir='ltr'><strong>voluntatem</strong></span> <span class='ocrx_word' id='word_1_343' title='bbox 1869 4061 1904 4128; x_wconf 83' lang='lat' dir='ltr'><strong>et</strong></span> <span class='ocrx_word' id='word_1_344' title='bbox 1933 4043 2058 4125; x_wconf 88' lang='lat' dir='ltr'><strong>ordina·</strong></span> 
     </span>
     <span class='ocr_line' id='line_1_34' title="bbox 295 4152 2059 4268; baseline -0.001 -30"><span class='ocrx_word' id='word_1_345' title='bbox 295 4157 452 4238; x_wconf 87' lang='lat' dir='ltr'><strong>cionem</strong></span> <span class='ocrx_word' id='word_1_346' title='bbox 484 4154 616 4234; x_wconf 89' lang='lat' dir='ltr'><strong>valere</strong></span> <span class='ocrx_word' id='word_1_347' title='bbox 649 4154 742 4234; x_wconf 84' lang='lat' dir='ltr'><strong>volo</strong></span> <span class='ocrx_word' id='word_1_348' title='bbox 767 4159 859 4234; x_wconf 89' lang='lat' dir='ltr'><strong>iure</strong></span> <span class='ocrx_word' id='word_1_349' title='bbox 892 4157 1138 4249; x_wconf 85' lang='lat' dir='ltr'><strong>testamenti,</strong></span> <span class='ocrx_word' id='word_1_350' title='bbox 1167 4152 1277 4266; x_wconf 91' lang='lat' dir='ltr'><strong>quod</strong></span> <span class='ocrx_word' id='word_1_351' title='bbox 1307 4159 1339 4238; x_wconf 92' lang='lat' dir='ltr'><strong>si</strong></span> <span class='ocrx_word' id='word_1_352' title='bbox 1370 4161 1456 4238; x_wconf 92' lang='lat' dir='ltr'><strong>iure</strong></span> <span class='ocrx_word' id='word_1_353' title='bbox 1486 4158 1714 4239; x_wconf 88' lang='lat' dir='ltr'><strong>testamenti</strong></span> <span class='ocrx_word' id='word_1_354' title='bbox 1752 4187 1835 4239; x_wconf 93' lang='lat' dir='ltr'><strong>non</strong></span> <span class='ocrx_word' id='word_1_355' title='bbox 1864 4156 1979 4250; x_wconf 89' lang='lat' dir='ltr'><strong>valet,</strong></span> <span class='ocrx_word' id='word_1_356' title='bbox 2011 4176 2059 4268; x_wconf 33' lang='lat' dir='ltr'><strong>ra·-</strong></span> 
     </span>
     <span class='ocr_line' id='line_1_35' title="bbox 263 4265 2058 4369; baseline -0.001 -26"><span class='ocrx_word' id='word_1_357' title='bbox 263 4267 374 4348; x_wconf 61' lang='lat' dir='ltr'><strong>„leat</strong></span> <span class='ocrx_word' id='word_1_358' title='bbox 403 4268 541 4348; x_wconf 88' lang='lat' dir='ltr'><strong>saltem</strong></span> <span class='ocrx_word' id='word_1_359' title='bbox 573 4267 658 4344; x_wconf 92' lang='lat' dir='ltr'><strong>iure</strong></span> <span class='ocrx_word' id='word_1_360' title='bbox 687 4266 902 4346; x_wconf 87' lang='lat' dir='ltr'><strong>cuiuslibet</strong></span> <span class='ocrx_word' id='word_1_361' title='bbox 944 4265 1081 4346; x_wconf 88' lang='lat' dir='ltr'><strong>vltime</strong></span> <span class='ocrx_word' id='word_1_362' title='bbox 1122 4267 1356 4366; x_wconf 88' lang='lat' dir='ltr'><strong>voluntatis,</strong></span> <span class='ocrx_word' id='word_1_363' title='bbox 1410 4267 1539 4350; x_wconf 90' lang='lat' dir='ltr'><strong>Huius</strong></span> <span class='ocrx_word' id='word_1_364' title='bbox 1586 4286 1719 4350; x_wconf 89' lang='lat' dir='ltr'><strong>autem</strong></span> <span class='ocrx_word' id='word_1_365' title='bbox 1761 4268 1979 4369; x_wconf 85' lang='lat' dir='ltr'><strong>testamenti</strong></span> <span class='ocrx_word' id='word_1_366' title='bbox 2003 4283 2058 4361; x_wconf 78' lang='lat' dir='ltr'><strong>ne]</strong></span> 
     </span>
     <span class='ocr_line' id='line_1_36' title="bbox 297 4369 2057 4489; baseline -0.006 -31"><span class='ocrx_word' id='word_1_367' title='bbox 297 4397 556 4489; x_wconf 80' lang='lat' dir='ltr'><strong>exsequtores</strong></span> <span class='ocrx_word' id='word_1_368' title='bbox 586 4374 714 4472; x_wconf 87' lang='lat' dir='ltr'><strong>facio,</strong></span> <span class='ocrx_word' id='word_1_369' title='bbox 741 4394 781 4456; x_wconf 90' lang='lat' dir='ltr'><strong>et</strong></span> <span class='ocrx_word' id='word_1_370' title='bbox 809 4379 1033 4474; x_wconf 89' lang='lat' dir='ltr'><strong>constituo,</strong></span> <span class='ocrx_word' id='word_1_371' title='bbox 1064 4380 1332 4458; x_wconf 87' lang='lat' dir='ltr'><strong>venerabilem</strong></span> <span class='ocrx_word' id='word_1_372' title='bbox 1365 4397 1531 4488; x_wconf 86' lang='lat' dir='ltr'><strong>patrem,</strong></span> <span class='ocrx_word' id='word_1_373' title='bbox 1562 4382 1776 4462; x_wconf 92' lang='lat' dir='ltr'><strong>Dominum</strong></span> <span class='ocrx_word' id='word_1_374' title='bbox 1797 4379 1991 4462; x_wconf 89' lang='lat' dir='ltr'><strong>Nicolaum</strong></span> <span class='ocrx_word' id='word_1_375' title='bbox 2015 4369 2057 4452; x_wconf 92' lang='lat' dir='ltr'><strong>di·</strong></span> 
     </span>
     <span class='ocr_line' id='line_1_37' title="bbox 295 4481 2055 4600; baseline -0.005 -28"><span class='ocrx_word' id='word_1_376' title='bbox 295 4493 390 4572; x_wconf 89' lang='lat' dir='ltr'><strong>uina</strong></span> <span class='ocrx_word' id='word_1_377' title='bbox 423 4492 683 4568; x_wconf 87' lang='lat' dir='ltr'><strong>miseracione</strong></span> <span class='ocrx_word' id='word_1_378' title='bbox 718 4489 1064 4596; x_wconf 89' lang='lat' dir='ltr'><strong>archiepiscopum</strong></span> <span class='ocrx_word' id='word_1_379' title='bbox 1098 4491 1367 4597; x_wconf 84' lang='lat' dir='ltr'><strong>vpsalensem,</strong></span> <span class='ocrx_word' id='word_1_380' title='bbox 1396 4492 1628 4600; x_wconf 84' lang='lat' dir='ltr'><strong>Magistrum</strong></span> <span class='ocrx_word' id='word_1_381' title='bbox 1659 4489 1862 4572; x_wconf 86' lang='lat' dir='ltr'><strong>Andreanr</strong></span> <span class='ocrx_word' id='word_1_382' title='bbox 1890 4481 2055 4600; x_wconf 77' lang='lat' dir='ltr'><strong>quondam</strong></span> 
     </span>
     <span class='ocr_line' id='line_1_38' title="bbox 297 4591 2057 4712; baseline -0.002 -29"><span class='ocrx_word' id='word_1_383' title='bbox 297 4602 549 4711; x_wconf 86' lang='lat' dir='ltr'><strong>prepositum</strong></span> <span class='ocrx_word' id='word_1_384' title='bbox 578 4597 749 4694; x_wconf 88' lang='lat' dir='ltr'><strong>ibidem,</strong></span> <span class='ocrx_word' id='word_1_385' title='bbox 778 4601 993 4679; x_wconf 90' lang='lat' dir='ltr'><strong>Dominum</strong></span> <span class='ocrx_word' id='word_1_386' title='bbox 1025 4599 1286 4682; x_wconf 89' lang='lat' dir='ltr'><strong>Benedictum</strong></span> <span class='ocrx_word' id='word_1_387' title='bbox 1318 4601 1485 4700; x_wconf 88' lang='lat' dir='ltr'><strong>booson,</strong></span> <span class='ocrx_word' id='word_1_388' title='bbox 1514 4620 1555 4684; x_wconf 89' lang='lat' dir='ltr'><strong>et</strong></span> <span class='ocrx_word' id='word_1_389' title='bbox 1585 4602 1747 4684; x_wconf 86' lang='lat' dir='ltr'><strong>fratrem</strong></span> <span class='ocrx_word' id='word_1_390' title='bbox 1777 4602 1951 4712; x_wconf 86' lang='lat' dir='ltr'><strong>jsraelcm</strong></span> <span class='ocrx_word' id='word_1_391' title='bbox 1976 4591 2057 4705; x_wconf 76' lang='lat' dir='ltr'><strong>prio</strong></span> 
     </span>
    </p>
   </div>
   <div class='ocr_carea' id='block_1_4' title="bbox 291 4709 2057 5014">
    <p class='ocr_par' dir='ltr' id='par_1_6' title="bbox 291 4709 2057 5014">
     <span class='ocr_line' id='line_1_39' title="bbox 291 4709 2057 4826; baseline -0.006 -31"><span class='ocrx_word' id='word_1_392' title='bbox 291 4739 380 4797; x_wconf 80' lang='lat' dir='ltr'><strong>rem</strong></span> <span class='ocrx_word' id='word_1_393' title='bbox 411 4713 705 4803; x_wconf 88' lang='lat' dir='ltr'><strong>srctonieusem,</strong></span> <span class='ocrx_word' id='word_1_394' title='bbox 735 4709 844 4820; x_wconf 91' lang='lat' dir='ltr'><strong>quod</strong></span> <span class='ocrx_word' id='word_1_395' title='bbox 862 4711 895 4789; x_wconf 92' lang='lat' dir='ltr'><strong>si</strong></span> <span class='ocrx_word' id='word_1_396' title='bbox 913 4740 992 4792; x_wconf 90' lang='lat' dir='ltr'><strong>uon</strong></span> <span class='ocrx_word' id='word_1_397' title='bbox 1023 4740 1160 4792; x_wconf 89' lang='lat' dir='ltr'><strong>omnes</strong></span> <span class='ocrx_word' id='word_1_398' title='bbox 1186 4713 1385 4821; x_wconf 91' lang='lat' dir='ltr'><strong>premissis</strong></span> <span class='ocrx_word' id='word_1_399' title='bbox 1414 4711 1680 4824; x_wconf 86' lang='lat' dir='ltr'><strong>exsequendis</strong></span> <span class='ocrx_word' id='word_1_400' title='bbox 1695 4732 1734 4794; x_wconf 90' lang='lat' dir='ltr'><strong>et</strong></span> <span class='ocrx_word' id='word_1_401' title='bbox 1751 4711 1954 4826; x_wconf 89' lang='lat' dir='ltr'><strong>implendis</strong></span> <span class='ocrx_word' id='word_1_402' title='bbox 1978 4729 2057 4824; x_wconf 60' lang='lat' dir='ltr'><strong>conj</strong></span> 
     </span>
     <span class='ocr_line' id='line_1_40' title="bbox 298 4807 2056 4936; baseline -0.004 -31"><span class='ocrx_word' id='word_1_403' title='bbox 298 4823 416 4905; x_wconf 91' lang='lat' dir='ltr'><strong>mode</strong></span> <span class='ocrx_word' id='word_1_404' title='bbox 447 4822 654 4935; x_wconf 91' lang='lat' dir='ltr'><strong>potuerint</strong></span> <span class='ocrx_word' id='word_1_405' title='bbox 684 4823 744 4902; x_wconf 86' lang='lat' dir='ltr'><strong>vel</strong></span> <span class='ocrx_word' id='word_1_406' title='bbox 778 4821 982 4904; x_wconf 86' lang='lat' dir='ltr'><strong>noluerint</strong></span> <span class='ocrx_word' id='word_1_407' title='bbox 1011 4825 1222 4922; x_wconf 89' lang='lat' dir='ltr'><strong>interesse,</strong></span> <span class='ocrx_word' id='word_1_408' title='bbox 1247 4825 1359 4922; x_wconf 85' lang='lat' dir='ltr'><strong>volo,</strong></span> <span class='ocrx_word' id='word_1_409' title='bbox 1403 4844 1443 4906; x_wconf 91' lang='lat' dir='ltr'><strong>et</strong></span> <span class='ocrx_word' id='word_1_410' title='bbox 1481 4825 1667 4924; x_wconf 69' lang='lat' dir='ltr'><strong>ordino,</strong></span> <span class='ocrx_word' id='word_1_411' title='bbox 1692 4825 1804 4936; x_wconf 93' lang='lat' dir='ltr'><strong>quod</strong></span> <span class='ocrx_word' id='word_1_412' title='bbox 1831 4824 1901 4924; x_wconf 34' lang='lat' dir='ltr'><strong>,itte</strong></span> <span class='ocrx_word' id='word_1_413' title='bbox 1940 4817 1991 4901; x_wconf 87' lang='lat' dir='ltr'><strong>vel</strong></span> <span class='ocrx_word' id='word_1_414' title='bbox 2014 4807 2056 4894; x_wconf 75' lang='lat' dir='ltr'><strong>illl</strong></span> 
     </span>
     <span class='ocr_line' id='line_1_41' title="bbox 1803 4959 1956 5014; baseline 0 0"><span class='ocrx_word' id='word_1_415' title='bbox 1803 4992 1805 4998; x_wconf 68' lang='lat'><strong>,</strong></span> <span class='ocrx_word' id='word_1_416' title='bbox 1913 4959 1956 5014; x_wconf 78' lang='lat' dir='ltr'><strong>ex</strong></span> 
     </span>
    </p>
   </div>
   <div class='ocr_carea' id='block_1_5' title="bbox 0 0 2184 5972">
    <p class='ocr_par' dir='ltr' id='par_1_7' title="bbox 0 0 2184 5972">
     <span class='ocr_line' id='line_1_42' title="bbox 0 0 2184 5972; baseline 0 0"><span class='ocrx_word' id='word_1_417' title='bbox 0 0 2184 5972; x_wconf 95' lang='lat' dir='ltr'><strong> </strong></span> 
     </span>
    </p>
   </div>
  </div>
 </body>
</html>
