4317 5975
970 375 1388 456 -taou

276 599 535 682 dominorum
553 594 673 688 ¹Erici
702 595 807 703 regis
837 595 959 677 Dacia
987 613 1028 675 et
1057 589 1465 677 Christolori'iratris
1493 590 1555 670 sui
1585 589 1636 670 ad
1667 616 1741 670 nos
1760 591 1880 674 libere
1906 602 2033 684 venien·
2071 659 2073 666 ,

275 713 317 792 di
346 714 388 791 in
418 711 601 792 Vichiam
646 737 769 817 super
810 705 1108 788 deliberacione
1152 705 1353 788 domicelli
1398 702 1555 784 Nicolai
1584 703 1790 784 nobiseum
1826 733 1937 786 tomo
1961 712 2032 796 Kal.
2116 722 2117 775 l

275 825 386 903 Junii
416 823 479 903 vel
509 825 608 901 citra
635 835 795 928 tempus
818 818 920 911 illud
949 817 1179 900 volentibus
1210 819 1403 925 placitare
1432 831 1474 894 et
1502 815 1713 896 nobiscnm
1742 832 1914 925 tempore
1938 823 2034 929 placi.

274 937 447 1016 tacionis
476 932 681 1028 morandi,
727 960 910 1012 necnon
941 961 964 1010 a
994 933 1059 1012 die
1096 929 1372 1038 placitacionis
1407 927 1521 1006 finite
1563 927 1667 1006 infra
1710 930 1928 1008 vicesimum
1952 934 2035 1018 diem

160 1053 206 1130 ⁴.
273 1074 352 1154 pro
381 1046 498 1124 nobis
526 1062 569 1124 et
599 1044 748 1126 nostris
775 1045 963 1125 omnibus
991 1061 1032 1125 et
1058 1043 1228 1149 singulis
1256 1040 1308 1120 ad
1351 1041 1520 1148 propria
1552 1037 1678 1120 libere
1708 1038 1913 1137 redeundi,
1951 1073 2037 1126 man-

273 1156 415 1236 dantes
443 1156 632 1238 omnibus
660 1175 702 1236 et
728 1157 896 1262 singulis
924 1173 1004 1234 tam
1035 1155 1237 1234 extraneis
1252 1179 1373 1262 qvam
1393 1149 1608 1258 indigenis,
1640 1150 1744 1231 infra
1773 1150 1962 1234 districtus
1981 1185 2037 1240 no·

272 1271 347 1348 stri
377 1285 611 1375 potestatem
642 1270 893 1362 constitutis,
926 1267 1002 1346 sub
1034 1294 1153 1374 poena
1184 1266 1348 1372 capitis,
1382 1289 1433 1342 ne
1461 1263 1550 1370 qvis
1580 1263 1709 1372 ipsum
1727 1281 1949 1372 praesentem
1964 1294 2036 1348 con-

272 1380 437 1483 ductum
467 1405 567 1457 ausu
596 1381 809 1457 temerario
841 1378 963 1458 violet
993 1378 1055 1456 vel
1100 1375 1309 1484 infringat,
1355 1376 1424 1456 sed
1469 1375 1603 1480 potins
1643 1374 1741 1482 ipsis
1764 1374 2037 1461 -duranteeon-

271 1488 397 1571 ductu
428 1505 623 1598 praesente
653 1517 791 1570 omnes
820 1492 928 1597 ipsos
957 1490 1130 1595 benigne
1160 1491 1358 1596 recipiant
1387 1502 1427 1565 et
1457 1485 1624 1572 honeste
1642 1503 1897 1592 pertractent.
1923 1489 1961 1566 ln
1986 1517 2037 1570 cn·

270 1603 334 1710 jus
363 1603 420 1680 rei
452 1602 723 1689 testimonium
754 1600 882 1707 sigilla
914 1598 1124 1680 reverendi
1164 1603 1288 1708 patris
1321 1598 1486 1678 'domini
1530 1597 1693 1676 arnonis
1722 1595 1787 1677 dei
1816 1601 1940 1706 gracia
1965 1601 2036 1680 Ber·

270 1715 403 1822 gensis
431 1713 598 1792 ecclesie
626 1714 819 1821 Episcopi
849 1729 889 1794 et
918 1711 1183 1792 discretorum
1214 1713 1393 1790 virorum
1429 1710 1479 1790 de
1523 1709 1692 1789 consilio
1723 1729 1862 1792 nostro
1889 1713 2036 1794 domino

268 1854 358 1908 runt
390 1823 498 1904 Eriei
527 1819 776 1904 Waldemari
809 1825 972 1904 Berncri
1005 1823 1158 1928 Erlingi
1188 1821 1238 1903 de
1268 1821 1473 1926 Biarlcaey‚
1504 1819 1698 1900 Snarouis
1728 1821 1904 1918 Asblaci,
1943 1825 2036 1903 Baro·

268 1965 366 2014 num
396 1953 648 2025 nostrorum,
680 1964 758 2013 una
790 1965 881 2013 cum
910 1934 1043 2042 sigillo
1074 1953 1215 2014 nostro
1246 1952 1338 2012 sunt
1367 1961 1557 2041 appensa.
1604 1935 1754 2010 Datum
1785 1933 1917 2041 BergIs
1943 1940 2035 2018 Auno

170 2077 175 2092 ’
268 2049 424 2128 domini
452 2047 502 2125 Ill.
535 2047 647 2127 CCC.
677 2047 784 2126 VIII.
814 2046 879 2126 die
908 2042 1096 2126 Mercurii
1126 2062 1220 2124 ante
1250 2043 1494 2124 dominicam
1522 2045 1689 2126 Laetare.

279 2437 446 2579 1574.
555 2420 558 2425 ¹
877 2437 1027 2553 1308
1074 2433 1122 2544 d.
1170 2479 1244 2552 ao
1292 2435 1442 2546 Mars.
1701 2559 1704 2566 ,
1906 2433 2034 2546 Hera.

263 2623 268 2628 -
348 2657 458 2737 Hertig
481 2653 579 2718 Erras
601 2652 794 2719 stadtastetse
816 2659 855 2741 pai
879 2659 949 2740 deu,
971 2663 1103 2724 emellau
1131 2663 1235 2742 bii-ger
1257 2661 1417 2724 Petersson
1440 2657 1498 2720 och
1522 2657 1601 2720 Elof
1617 2625 1833 2728 Anderssonfi
1856 2682 1927 2740 agua
1952 2661 2000 2722 och
2023 2661 2035 2720 i

385 2797 387 2802 .
397 2741 706 2905 anhbppsdppnlgpppps
726 2741 785 2802 och
807 2744 852 2801 siu
876 2757 973 2827 systcr
993 2745 1165 2825 Ragnbilds
1178 2755 1304 2824 vagosi,
1319 2745 1470 2826 ingbugna
1484 2743 1650 2824 lb’rlilning
1675 2745 1684 2803 i
1706 2767 1742 2805 en
1757 2747 1832 2806 trist
1853 2745 1972 2805 rdrande
1981 2743 2036 2826 gods

1711 2877 1718 2884 -
1818 2907 1931 2980 ΜΛ.

266 3124 272 3133 ,
378 3044 525 3123 Earcns
559 3039 624 3123 dei
654 3048 785 3152 gracia
817 3045 901 3125 dux
928 3073 1137 3140 sueorum,
1167 3044 1364 3125 uniuersis
1393 3065 1597 3153 presentes
1642 3049 1797 3129 litteras
1826 3045 2033 3154 inspecturis

262 3153 430 3234 salutem
459 3159 501 3234 in
533 3153 698 3235 domino
731 3161 1036 3264 sempiternam,
1069 3159 1228 3239 Tenore
1259 3160 1509 3265 presencium
1529 3171 1725 3241 'constare
1766 3159 1946 3237 volumus
1969 3158 2033 3235 eui·

262 3266 406 3344 denter
435 3266 559 3369 Quod
587 3269 629 3347 in
661 3276 869 3373 presencia
887 3270 1086 3376 Magnifiei
1117 3270 1312 3376 principis
1343 3272 1504 3350 Domini
1522 3272 1673 3379 birgeri
1702 3271 1768 3351 dei
1798 3272 1928 3376 gracia
1955 3269 2032 3375 regis

262 3401 459 3457 sweorum
491 3378 625 3457 fratris
655 3384 780 3459 nostri
811 3380 1007 3460 karissimi
1036 3400 1077 3460 et
1107 3397 1240 3460 nostra
1272 3408 1317 3458 ac
1346 3382 1515 3462 aliorum
1546 3412 1667 3492 quam
1708 3382 1885 3489 plurium
1914 3378 2032 3459 discre-

261 3503 394 3567 torum
427 3488 536 3595 apud
568 3489 771 3569 ecclesiam
802 3492 908 3572 haara
938 3492 1120 3598 dyocesis
1163 3492 1372 3572 arosiensis
1415 3496 1625 3575 constituti
1667 3496 1729 3572 vir
1759 3493 1907 3587 nobilis
1932 3487 2032 3570 domi·

259 3627 337 3676 nus
367 3600 554 3706 birgerus
583 3617 799 3708 paetersson
830 3620 871 3682 et
901 3605 1107 3683 Discretus
1132 3602 1292 3709 junenis
1334 3603 1473 3685 clauus
1502 3603 1722 3686 andresson
1768 3605 1926 3683 nominc
1960 3626 2030 3694 suo,

260 3709 394 3788 fratris
424 3712 485 3789 sui
515 3714 637 3818 petri,
667 3731 706 3791 et
733 3717 883 3795 sororis
912 3743 982 3793 sue
1028 3713 1223 3819 ragnildis
1252 3742 1298 3791 ac
1328 3718 1504 3795 omnium
1548 3720 1619 3825 qui
1649 3716 1726 3796 boc
1755 3714 1903 3796 sactum
1925 3717 2032 3818 'inpe-

177 3828 180 3835 ‘
258 3841 344 3900 tere
376 3839 537 3928 possent
565 3822 689 3903 libere
719 3843 1044 3934 recognoucrunt
1088 3823 1199 3935 quod
1229 3828 1362 3904 omnia
1394 3830 1594 3909 intereos
1634 3830 1830 3907 hactenus
1872 3824 2030 3905 ventilata

150 3958 161 3965 ·
258 3961 381 4040 snper
412 3932 563 4041 predijs
594 3953 663 4014 aut
698 3938 818 4017 rebus
857 3938 943 4016 aliis
990 3938 1303 4047 quibuscunque
1342 3938 1563 4019 concordes
1594 3957 1633 4019 et
1663 3939 1881 4019 vniformes
1908 3966 1944 4015 se
1968 3958 2030 4013 esse

258 4063 353 4124 sunt
383 4044 564 4154 professi,
594 4046 785 4156 ltaquod
813 4049 985 4157 quilibet
1014 4077 1154 4129 eorum
1184 4047 1233 4128 de
1265 4068 1377 4156 parte
1409 4078 1476 4129 sua
1510 4067 1608 4131 tunc
1632 4068 1800 4158 optenta
1828 4044 2029 4131 reddiditse

257 4175 467 4267 paratum,
496 4184 622 4265 quare
651 4186 743 4237 cum
776 4162 853 4241 rite
881 4177 922 4241 et
966 4160 1267 4241 racionabiliter
1311 4176 1397 4241 acta
1449 4164 1698 4269 potissimum
1729 4163 1770 4243 iu
1805 4176 1934 4243 nostra
1961 4182 2031 4265 pre·

248 4271 391 4347 'sencio
420 4267 651 4375 approbare
679 4285 722 4349 et
750 4272 948 4351 ratificare
976 4291 1184 4351 teneamur
1213 4271 1538 4379 supradictorum
1583 4274 1780 4354 nobilium
1813 4272 2030 4377 recognicio·

257 4408 347 4486 nem
379 4380 651 4488 approbamus
680 4396 720 4459 et
750 4384 946 4489 presentis
974 4382 1113 4488 scripti
1145 4383 1372 4491 patrocinio
1402 4388 1692 4465 communimus
1717 4386 1967 4493 prohibentes
1980 4378 2030 4458 fir·

257 4493 376 4569 miter
405 4510 444 4571 et
472 4491 653 4572 districte
687 4496 830 4604 nequis
860 4512 1022 4603 paetum
1053 4495 1283 4576 huiusmodi
1325 4493 1436 4605 quod
1465 4498 1571 4575 inter
1599 4525 1641 4577 se
1671 4494 1842 4605 predicti
1872 4495 2029 4575 dominus

256 4602 444 4707 birgerus
474 4622 513 4681 et
543 4602 681 4715 clauus
709 4634 832 4713 super
861 4608 1012 4714 prediis
1034 4622 1081 4685 et
1110 4609 1230 4687 rebus
1258 4606 1346 4689 aliis
1376 4606 1554 4686 fecerant
1596 4609 1777 4713 inpetere
1807 4636 1876 4686 seu
1904 4603 2029 4683 violare

256 4732 462 4823 presumat
490 4717 595 4795 sicut
623 4718 796 4823 graciam
827 4736 1003 4797 nostram
1049 4746 1290 4798 conseruare
1320 4734 1360 4797 et
1390 4746 1533 4826 penam
1572 4719 1844 4826 pecuniariam
1881 4712 2027 4796 voluerit

256 4829 412 4905 euitare
441 4828 493 4904 Jn
522 4826 641 4905 buius
670 4846 805 4911 autem
832 4831 892 4910 rei
919 4832 1190 4911 testimonium
1220 4858 1298 4908 vna
1328 4856 1422 4909 cum
1448 4830 1579 4937 sigillo
1600 4832 1838 4910 serenissimi
1863 4824 2025 4937 principis

255 4938 421 5020 Domini
451 4936 504 5021 .B.
534 4936 600 5018 dei
628 4943 764 5046 gracia
792 4944 898 5050 regis
926 4968 1129 5023 sweorum
1159 4941 1295 5022 fratris
1324 4943 1453 5023 nostri
1474 4956 1514 5022 et
1533 4961 1671 5026 nostro
1700 4942 1829 5051 sigilla
1857 4936 2024 5021 nobilium
