4317 5975
959 410 1015 431 -
1126 364 1245 445 312·
1317 410 1374 427 -

382 587 515 701 Super
541 590 721 698 graciosa
740 586 1169 695 promocione,·quam
1188 582 1458 693 prudentibus
1472 581 1588 679 viris,
1617 583 1786 665 Ciuibus
1812 580 1858 666 de
1883 588 2030 695 Lubele,

271 703 430 786 dilectis
463 704 610 782 uostris
638 698 843 794 fidelibus,
876 698 1136 807 frequenter,
1167 712 1291 805 prout
1322 696 1481 805 publiea
1512 696 1615 775 fama
1633 726 1704 778 nos
1727 696 1882 793 edocet,
1910 703 2029 809 impona

269 814 364 895 ditis
393 809 435 893 et
463 812 658 893 hactenus
685 807 954 917 impendistis,
991 808 1235 888 excellencie
1278 824 1410 887 vestre
1439 832 1529 887 cum
1568 809 1795 914 graciarum
1837 814 2031 897 accionibus

175 998 179 1005 .
268 925 523 1007 inclinamus.
552 921 782 1003 Affectuosa
813 947 978 1029 precum
1014 919 1287 999 sollicitudine
1316 944 1388 998 vos
1418 946 1623 1027 rogamus,
1666 935 1865 1030 quatenus
1903 924 2031 1008 cosden

268 1031 394 1116 Ciues
424 1052 587 1114 nostros
600 1032 846 1113 Lubicenses
861 1058 1000 1112 versus
1029 1032 1110 1127 Nu,
1140 1047 1311 1139 temper
1339 1046 1466 1111 terras
1495 1047 1664 1127 vestras,
1695 1056 1818 1141 quam
1845 1060 1914 1139 per
1938 1062 2034 1143 aquas

267 1148 328 1225 ire
355 1172 498 1227 secure
525 1161 567 1224 et
596 1144 721 1224 libere
750 1142 990 1251 permittatis
1026 1144 1142 1222 iuxta
1175 1142 1285 1252 quod
1326 1141 1514 1221 honestus
1544 1142 1624 1238 vir,
1664 1142 1770 1221 lator
1798 1146 2034 1250 preconcion,

267 1273 442 1338 vestram
471 1255 752 1336 excellenciam
784 1254 944 1361 plenius
973 1251 1222 1335 informabit.
1252 1252 1451 1347 Scicntes,
1481 1252 1592 1361 quod
1624 1254 1744 1334 iidem
1779 1255 1894 1333 Ciues
1920 1254 2034 1338 honori

266 1384 405 1449 vestro
434 1383 476 1447 ct
504 1363 728 1473 profectui,
756 1382 800 1443 vt
829 1362 1077 1457 audiuimus,
1102 1361 1325 1443 intendunt
1355 1365 1451 1443 totis
1480 1362 1635 1444 viribus
1661 1382 1786 1474 atque
1814 1391 1935 1472 posse.
1977 1369 2034 1448 Da·

222 1530 226 1539 -
269 1497 356 1560 tum
390 1476 503 1587 apud
532 1476 874 1583 Nueremberg'am
904 1474 962 1555 lX
990 1474 1089 1554 Kln.
1119 1474 1212 1557 Feb.
1242 1475 1357 1583 regni
1388 1477 1515 1583 nostri
1539 1478 1659 1556 Anno
1688 1473 1875 1557 secundo.

290 1622 455 1705 Pdsltrifle
477 1619 648 1683 Excelleuti
668 1630 700 1683 et
724 1614 888 1699 magnifico
909 1618 1041 1702 principi
1062 1616 1188 1679 domino
1210 1616 1355 1699 liugero,
1376 1616 1455 1699 Regi
1476 1619 1604 1694 swecie,
1628 1620 1732 1679 emico
1755 1628 1859 1680 nostro
1879 1616 2024 1679 latinius.

281 2068 449 2187 1303.
899 2065 1039 2172 1300
1076 1984 1164 2195 d.
1205 2102 1267 2170 12
1325 2063 1473 2173 Febr.
1924 2062 2042 2171 llom.

352 2291 471 2355 Pdftcn
492 2284 782 2351 BonnactusVlllts
804 2284 904 2361 llulla,
927 2283 1147 2347 medrittsttnd
1168 2287 1217 2348 to'r
1240 2284 1427 2347 Predilare·
1448 2284 1508 2348 och
1522 2282 1829 2347 Minoriter·0rdcns
1851 2284 1968 2359 briider,
1985 2282 2043 2343 atti

406 2375 471 2436 sina
492 2372 612 2454 lyrlor
632 2368 693 2431 och
714 2368 833 2449 egaude
854 2367 962 2431 sttlleu
984 2380 1065 2431 semt
1085 2370 1125 2453 pf
1146 2380 1235 2449 gatar
1258 2369 1289 2429 lb
1310 2367 1487 2450 cffeutligro
1518 2368 1645 2451 predile
1674 2368 1724 2429 fo‘r
1745 2368 1861 2443 folket,
1893 2368 1923 2427 ed
1944 2368 1992 2427 oct
2010 2376 2044 2425 att

405 2460 417 2518 i
439 2454 503 2518 alla
523 2453 625 2515 sudes
645 2450 704 2515 och
727 2452 793 2513 stift
814 2452 844 2511 fd
867 2450 980 2513 sfbiirs
1003 2453 1087 2531 bigt,
1110 2452 1217 2533 dlliggo
1231 2450 1357 2513 botocb
1370 2452 1453 2532 gifva
1474 2450 1633 2529 nflc'isniug,
1646 2463 1711 2513 mot
1729 2450 1784 2512 det
1805 2462 1849 2511 att
1870 2446 2047 2527 dtdedelenal

405 2537 494 2599 derss
514 2535 638 2598 derfdre
659 2532 799 2595 erbdllua
823 2533 989 2596 iukomster
1011 2532 1170 2597 meddelas
1191 2534 1425 2613 fiirsamlingens
1446 2534 1663 2617 lyrlioherde,
1679 2545 1758 2596 saint
1780 2544 1826 2594 ott
1849 2532 1886 2594 de
1907 2536 1986 2613 maga
2003 2530 2044 2590 hos

404 2622 448 2702 sig
470 2622 553 2682 inam
575 2620 641 2680 sina
662 2616 778 2678 kloster
797 2616 857 2678 ocb
880 2618 898 2677 d
920 2616 1009 2679 deras
1029 2616 1146 2697 egnnde
1169 2616 1445 2700 pletse'rbegrafra
1465 2618 1553 2695 dem,
1576 2638 1641 2677 som
1664 2616 1721 2677 der
1742 2617 1822 2699 vilja
1846 2618 1888 2695 sig
1912 2614 2043 2695 ldgerstad

1764 2718 1938 2799 mmuh

381 2869 622 2951 Bontractus
650 2868 863 2975 episcopus
891 2893 1032 2949 seruus
1060 2893 1271 2946 seruorum
1301 2861 1388 2959 dei,
1417 2860 1471 2965 ad
1502 2870 1738 2973 perpetuam
1755 2866 1813 2945 rei
1830 2864 2046 2955 memoriam,

269 3010 393 3092 super
421 2978 653 3064 cathedram
684 2979 977 3086 preeminencie
1005 2978 1240 3088 pastoralis,
1269 2976 1407 3059 diuina
1439 2975 1703 3084 prouidencia
1733 2974 1763 3090 ι)
1793 2976 1992 3060 constituti
2016 2987 2045 3051 et

271 3097 305 3175 si
335 3094 468 3194 multis
495 3109 536 3172 et
565 3089 703 3170 arduis
732 3117 812 3200 que
841 3091 881 3170 in
912 3089 1090 3198 amplum
1119 3089 1302 3169 Romane
1326 3086 1436 3166 curie
1460 3087 1620 3167 alueum
1638 3086 1818 3198 rudique
1848 3085 2045 3192 confluunt,

270 3207 388 3315 quasi
417 3223 599 3297 torrens,
628 3227 916 3308 pregrauemur
943 3202 1137 3309 negociis,
1167 3200 1273 3280 curis
1302 3199 1522 3278 excitemur
1552 3201 1783 3296 innumeris,
1814 3195 2046 3306 cogitaciooi·

270 3314 350 3396 bus
380 3313 564 3423 plurimis
588 3308 879 3407 distrahamur,
908 3311 1014 3392 circa
1044 3310 1084 3390 id
1121 3325 1253 3390 tamen
1278 3308 1530 3390 feruentibus
1558 3310 1663 3390 votis
1693 3311 1957 3404 intendimus,
1995 3333 2048 3384 va·

272 3454 415 3507 camus·
438 3423 679 3518 instancius,
707 3448 754 3500 ac
782 3447 950 3531 operose
978 3417 1260 3507 sollicitudinis
1298 3419 1476 3500 studium
1507 3421 1749 3530 inpertimur
1774 3420 1827 3530 2),
1866 3441 1909 3501 vt
1936 3417 1982 3498 ad
2002 3413 2050 3495 di·

270 3538 359 3616 uini
386 3535 560 3614 nominis
587 3533 756 3642 gloriam
786 3531 1075 3612 exaltacionem
1105 3530 1301 3612 catholice
1330 3530 1442 3626 fidei,
1479 3548 1519 3610 et
1549 3549 1791 3642 perpetuum
1821 3529 1853 3644 3)
1896 3528 2048 3610 fidelium

272 3647 518 3739 animarum,
548 3643 713 3753 precisis
742 3640 933 3724 radicitus
961 3641 1218 3724 dissidiorum
1243 3641 1461 3749 uepribus,
1494 3659 1536 3722 et
1565 3643 1784 3752 litigiorum
1822 3639 2050 3723 autfractibus

271 3759 438 3838 omuino
466 3750 698 3848 subductis,
726 3752 1125 3861 juterecclesiarurn
1154 3754 1351 3834 antistites
1379 3752 1430 3833 ad
1460 3782 1595 3834 curam
1615 3773 1655 3835 et
1675 3759 1854 3864 regimen
1887 3752 2008 3860 gregis
2025 3745 2050 3858 l)

270 3868 464 3961 dominici
495 3865 730 3976 deputatos,
758 3883 991 3977 ceterasque
1021 3892 1232 3974 personas,
1261 3893 1361 3973 quas
1389 3861 1493 3946 ordo
1523 3865 1720 3946 clericalis
1744 3867 1934 3960 iriclrrdit,
1962 3861 2049 3971 pacis

270 3979 543 4088 tranquillitas
570 3979 723 4085 vigeat,
752 3975 890 4057 feruor
919 3979 1097 4058 caritatis
1126 3992 1328 4071 exestuet,
1349 3975 1580 4067 ¹incalescat
1600 3977 1825 4059 concordie
1856 3980 1997 4068 vnitas,
2019 3983 2049 4048 tl

271 4093 495 4170 animarum
526 4087 796 4196 indempnitas
825 4105 1074 4196 perseueret,
1103 4087 1257 4167 Scimus
1286 4088 1390 4166 enirn
1422 4103 1462 4166 et
1480 4081 1512 4194 5)
1541 4114 1591 4166 ex
1621 4087 1833 4170 cuidencia
1865 4088 1957 4192 facti
1984 4079 2047 4162 col·

271 4201 431 4309 ligimus
461 4198 575 4310 quod
603 4225 684 4278 non
711 4197 790 4277 *nisi
819 4201 927 4306 pacis
956 4203 998 4280 iu
1022 4216 1209 4307 tempore
1226 4197 1327 4276 bene
1347 4197 1496 4278 colitur
1512 4199 1620 4304 pacis
1644 4216 1757 4278 actor
1774 4199 1832 4312 ⁶),
1864 4227 1936 4279 nec
1957 4199 2050 4304 igno·

271 4341 406 4394 ramus
439 4310 551 4421 quod
581 4308 848 4392 dissensiones
877 4325 926 4389 et'
945 4308 1152 4406 scandala,
1196 4309 1333 4418 prauis
1361 4307 1517 4388 actibus
1546 4307 1697 4390 aditum
1742 4325 1981 4420 preparant,
2017 4301 2051 4382 li·

312 4561 338 4634 *l
358 4555 477 4618 Finnee
496 4559 511 4616 ι’
532 4525 566 4614 lt'
587 4571 618 4615 nt
643 4571 709 4634 192.
731 4551 803 4613 med
822 4551 923 4624 denna
944 4551 1155 4634 dsuerskrr'ft:
1187 4552 1362 4615 bonifacius
1389 4549 1492 4614 statuit
1519 4507 1600 4635 pape
1621 4551 1704 4636 quod
1736 4554 1945 4638 predicatores
1965 4552 1991 4613 iu
2008 4563 2049 4608 et·

293 4640 297 4647 ‘
355 4635 452 4697 clesiis
473 4635 704 4720 parochialibus
725 4635 773 4716 vel
797 4636 870 4696 locis
893 4634 1005 4696 horum
1027 4637 1189 4716 predicare
1210 4657 1268 4699 non
1291 4647 1414 4720 possunt
1436 4636 1492 4704 uisi
1513 4635 1551 4696 de
1574 4637 1700 4698 licencia
1728 4639 1915 4718 sacerdotis,
1946 4654 1995 4697 uec
2021 4647 2048 4687 tt

354 4719 431 4779 hora
454 4721 484 4780 iu
507 4720 580 4779 locis
601 4720 734 4801 propriis
754 4717 879 4799 quando
901 4714 1038 4802 prelatus,
1059 4717 1198 4802 predicat
1218 4722 1250 4782 iu
1270 4721 1396 4782 ccclesia
1418 4729 1523 4780 suaet
1545 4718 1628 4802 quod
1652 4730 1793 4783 tenentur
1821 4721 1898 4784 dare
1928 4727 2046 4804 quanm

354 4803 393 4862 de
416 4801 603 4864 funeralibus
606 4821 621 4877 3
641 4813 719 4864 sarar
731 4801 886 4882 sdll‘nude
905 4801 1073 4866 oliltltctcr:

320 4919 348 4994 r)
369 4915 473 4976 diuina
496 4915 676 5000 disponente
696 4915 866 4978 clemencia
886 4919 918 4994 a)
937 4917 1133 5001 impertimur
1154 4917 1185 4994 3)
1208 4914 1380 5000 perfectum
1402 4914 1434 4995 4)
1456 4917 1534 4998 regis
1556 4913 1587 4994 5)
1610 4916 1693 5000 quod
1714 4915 1746 4998 6)
1767 4929 1878 4984 auctor
