4317 5975
763 408 873 534 ἠ-
983 387 1229 469 581·-

68 700 73 708 4
114 609 223 693 bcna
252 634 323 690 sua
352 599 551 706 vendant,
584 625 626 689 et
666 633 759 689 curn
787 607 925 714 precio
961 609 1183 717 eorpndem
1231 617 1418 691 maneant
1446 623 1561 690 extra
1602 637 1790 720 regnum,
1837 613 1916 698 hoc

49 741 57 763 ‘
115 719 294 829 adjecto,
322 716 432 828 quod
461 733 606 800 uxores
633 734 675 798 et
703 717 1301 812 liberi-nouem'conuictorum
1331 729 1564 831 pro'morte
1600 727 1724 831 patris
1760 724 1915 808 domini
1993 779 1995 784 ·

41 906 52 916 .
115 829 375 938 regis-Dacie
405 832 590 939 perpetui
620 846 733 910 extra
762 856 930 936 regnum
959 829 1080 930 Dacie
1120 848 1247 930 stent,
1285 850 1326 913 et
1364 832 1467 914 infra
1498 833 1522 913 3
1553 862 1679 914 annos
1715 839 1915 944 praemissa
2038 925 2039 932 ἵ
2097 828 2104 846 '

115 943 226 1024 bona
254 971 326 1022 sua
354 940 546 1038 alienent,
576 939 628 1021 de
655 943 811 1022 'caeteris
838 967 935 1021 uero
964 943 1005 1020 in
1036 942 1244 1024 uoluntate
1272 961 1314 1025 et
1341 945 1474 1052 gracia
1504 941 1657 1046 domini
1675 943 1798 1054 ¹regis
1834 949 1916 1028 Da-

116 1057 179 1136 cie
206 1055 278 1150 sit,
307 1075 410 1162 quos
436 1053 618 1160 ipsorum
647 1079 772 1160 regno
789 1073 894 1131 <cum
921 1051 1056 1146 bonis,
1085 1072 1132 1133 ut
1157 1057 1447 1162 praemittitur,¹
1473 1057 1534 1135 uti
1576 1056 1771 1153 voluerit,
1812 1047 1914 1168 quos

113 1167 301 1274 ipsorum
327 1189 495 1270 regnum
523 1178 638 1244 extra
666 1179 772 1244 stare
801 1162 998 1258 uoluerit,
1025 1179 1069 1244 et
1097 1161 1148 1244 de
1177 1164 1294 1245 bonis
1329 1170 1409 1246 suia
1437 1169 1657 1274 premissis·
1685 1167 1840 1249 fructus
1860 1188 1916 1250 et
2047 1183 2051 1190 '

116 1273 300 1357 redditus
328 1274 480 1372 leuare,
509 1290 551 1354 et
578 1265 680 1383 qvos
707 1302 758 1354 ex
787 1275 884 1383 ipsis
920 1288 1034 1353 extra
1063 1301 1232 1382 regnum
1275 1302 1436 1356 manere
1462 1263 1678 1387 ‘perpetuo
1721 1279 1914 1376 uoluerit,

97 1414 166 1468 'ac
194 1386 304 1468 bona
331 1413 404 1466 sua
430 1381 662 1493 supradicta
691 1383 887 1481 uendere,
913 1392 956 1464 et
983 1401 1097 1465 extra
1126 1411 1294 1493 regnum
1324 1386 1522 1468 deducere
1562 1391 1739 1494 precium
1768 1415 1915 1470 eorun-

111 1498 219 1580 dem.
278 1498 449 1604 Insuper
485 1524 536 1578 ne
573 1493 673 1606 quid
709 1503 952 1591 remanete·
974 1496 1084 1604 quod
1127 1525 1266 1604 pacem
1310 1515 1351 1579 et
1393 1497 1651 1580 concordiam
1694 1502 1916 1608 praemissas

65 1639 69 1642 ’
114 1608 267 1690 uiolare
295 1609 445 1716 poterit
472 1635 542 1688 seu
572 1607 834 1689 dissenciouis
861 1604 1032 1712 alicujus
1061 1610 1265 1688 materiam
1309 1635 1522 1718 generare,
1564 1608 1672 1689 bona
1716 1628 1916 1708 materna,
1965 1659 1968 1668 f

112 1722 275 1802 racione
302 1727 475 1830 quorum
503 1719 698 1800 haetenus
726 1719 812 1799 lites
839 1732 881 1798 et
907 1715 1173 1800 dissensiones
1201 1723 1344 1826 saepus
1376 1736 1472 1799 sunt
1500 1736 1714 1815 commota,
1753 1721 1924 1802 domino
2008 1785 2014 1796 ,

114 1832 217 1938 Regi
245 1832 368 1912 Dacie
397 1847 438 1911 et
464 1857 615 1911 corone
643 1832 759 1939 regni
788 1827 1020 1939 ubicunque
1048 1829 1152 1923 iufra
1182 1857 1347 1938 regnum
1379 1832 1500 1912 Dacia
1529 1833 1602 1914 sita
1614 1847 1720 1912 suut
1742 1833 1919 1939 resigna·

112 1942 252 2046 ¹bimus
281 1969 359 2050 pro
386 1942 468 2021 suis
491 1942 630 2022 usibus
652 1940 894 2022 ¹ordinanda
932 1939 1059 2021 libere
1102 1967 1275 2050 quorum
1316 1939 1452 2050 adepti
1488 1941 1680 2022 fuerimus
1721 1958 1920 2024 castra-et

72 2061 294 2163 qu'at'uor
322 2049 458 2134 haerod
486 2053 529 2131 in
558 2049 771 2132 Hallandia
801 2051 913 2159 prius
940 2048 1058 2131 dicta.
1115 2054 1218 2133 Item
1246 2060 1510 2134 instrumenta
1545 2081 1617 2134 seu
1657 2054 1791 2134 littere
1834 2081 1920 2134 om·
1961 2097 1964 2106 .

64 2200 68 2210 ¹
115 2191 338 2272 nes-super
365 2163 484 2243 bonis
512 2165 661 2244 nostris
688 2163 949 2247 maternisin
985 2163 1109 2243 Dacia
1147 2163 1277 2244 nobis·
1307 2165 1571 2244 restituantur
1613 2193 1691 2273 que
1733 2161 1920 2244 dominus
1963 2177 1965 2182 ’

115 2277 203 2356 Rex
230 2277 354 2356 Dacie
381 2273 524 2371 habet,
552 2276 616 2356 uel
643 2290 718 2384 per
746 2276 875 2383 ipsum
906 2275 1084 2382 poterint
1112 2273 1301 2356 obtineri.
1339 2275 1439 2383 Item
1470 2274 1591 2354 faeiat
1620 2275 1806 2356 dominus
1832 2275 1921 2356 Rex

116 2389 263 2482 Dacis,
291 2383 400 2495 quod
428 2385 548 2485 nobis
575 2387 645 2467 fiat
670 2384 829 2492 justicia
856 2381 906 2464 de
932 2384 1238 2495 quibuscunque
1274 2387 1455 2494 personis
1483 2385 1588 2465 infra
1608 2413 1775 2492 regnum
1797 2388 1920 2490 Dacia

111 2498 371 2592 constitutis,
404 2512 547 2577 eontra
589 2523 691 2607 quos
733 2496 1026 2608 querimoniam
1066 2523 1227 2577 movere
1272 2497 1517 2578 voluerimus
1558 2495 1780 2578 seeundum
1810 2495 1921 2605 qvod

116 2613 286 2716 exigunt
315 2609 429 2716 leges⁴
450 2608 580 2716 patrie
608 2626 650 2689 et
677 2608 856 2715 postulat
882 2605 986 2688 ordo
1020 2606 1141 2714 juris3
1183 2609 1241 2688 sic'
1282 2609 1404 2688 eciam
1442 2599 1584 2688 faciem
1627 2607 1793 2688 domino
1821 2608 1921 2714 'regi
1972 2695 1974 2700 ,
2084 2631 2103 2716 Ἰ

116 2722 242 2801 Dacie
270 2721 313 2800 in
340 2746 467 2827 regno
496 2734 635 2799 nostro
662 2720 750 2800 uice
778 2747 904 2800 uersa.
950 2720 1052 2799 Item
1081 2719 1303 2826 resignavit
1331 2718 1448 2800 riobis
1476 2717 1662 2799 dominus
1692 2720 1777 2798 Rex
1800 2720 1920 2799 Dacie
2109 2813 2112 2820 1

116 2833 306 2928 eximius,
339 2830 476 2910 omnia
505 2830 612 2911 bona
641 2849 779 2911 nostra
810 2844 1007 2930 materna,
1048 2829 1279 2940 ubicunque
1313 2829 1417 2910 infra
1453 2857 1621 2936 regnum
1658 2831 1778 2912 Daeie
1823 2829 1920 2924 sita,
2050 2847 2056 2854 ·

116 2972 194 3053 pro
229 2942 376 3022 nostris
404 2940 544 3022 usibus
572 2940 699 3023 libere
728 2938 977 3037 ordinanda,
1004 2954 1128 3050 super
1157 2939 1354 3025 fructibus
1382 2957 1516 3022 autem
1544 2939 1742 3023 debonis
1770 2933 1937 3022 eisdem*

116 3082 142 3135 a
168 3052 233 3135 die
262 3052 544 3135 decollacionis
572 3054 682 3135 beati
709 3051 905 3133 Iohannis
932 3052 1123 3162 Baptistae
1150 3053 1226 3135 sub
1256 3058 1375 3135 Anno
1405 3051 1557 3133 domini
1586 3054 1637 3133 M.
1666 3053 1778 3133 CCC.
1794 3054 1919 3133 'VIII

109 3172 245 3275 sisque
273 3192 401 3253 nunc,
432 3191 505 3273 per
533 3192 812 3275 quemcunque
840 3168 1042 3273 perceptis
1071 3162 1142 3245 uel>
1164 3161 1432 3272 percipiendis
1461 3162 1596 3244 forsan
1630 3166 1675 3243 in
1717 3164 1918 3259 futurum,

116 3286 241 3385 super
267 3274 414 3384 quibus
441 3302 576 3355 coram
613 3276 777 3358 domiuo
813 3302 908 3382 rege
949 3276 1071 3356 Dacie
1110 3277 1379 3385 querimonia,
1424 3292 1562 3356 nostro
1605 3272 1767 3355 nomine
1795 3282 1920 3355 'mota
1994 3280 1995 3285 ’
2122 3302 2124 3311 ’

38 3383 83 3411 ”’
109 3387 390 3482 fuerit,faciat
418 3386 503 3495 ipse
532 3385 719 3467 dominus
747 3387 834 3468 Rex
863 3388 986 3467 Dacie
1016 3386 1153 3481 nobis,
1181 3383 1290 3496 quod
1318 3388 1486 3494 exigunt
1514 3388 1619 3493 leges
1637 3398 1760 3480 terr‘e,
1790 3383 1919 3465 donec

65 3556 68 3561 -
108 3503 248 3579 ¹ca'stra
279 3517 319 3578 et
347 3514 524 3607 quatuor
551 3497 688 3579 haerod
718 3500 761 3577 in
790 3494 1016 3590 Hellandia‚
1045 3513 1093 3577 ut
1122 3498 1396 3604 praemittitur,
1424 3496 1851 3580 consecuti'fuerimus
1880 3490 1949 3576 et¹
2121 3591 2126 3601 Ι

112 3610 271 3718 adepti:
299 3611 399 3713 Itept
426 3607 615 3688 dominus
644 3612 733 3690 Rea
759 3610 882 3689 Dacie
912 3607 1034 3687 duces
1061 3607 1202 3689 Svecie
1231 3636 1353 3717 quam
1379 3609 1502 3689 cicius
1526 3610 1692 3716 poterit,
1721 3608 1932 3689 hostiliter

107 3720 303 3818 ‘inuadat‚
332 3726 507 3799 accitos
534 3745 626 3798 cum
654 3720 801 3801 eisdem
831 3718 1003 3797 ducibus
1032 3745 1197 3824 pacem‚‘
1220 3734 1383 3825 treugas
1406 3728 1480 3799 s'eu
1509 3720 1614 3799 diem
1650 3719 1823 3827 aliquam
1860 3720 1921 3799 fa·

108 3834 267 3913 ciamus
294 3830 359 3909 uel
388 3831 738 3937 recipiemus'sine
767 3854 966 3909 consensu
994 3824 1149 3907 domini
1191 3829 1296 3935 regis
1338 3830 1471 3909 Dacia.
1541 3829 1668 3911 Etsi
1710 3834 1921 3934 contingat
1982 3904 1986 3915 ,

114 3966 312 4049 noscam
339 3938 457 4020 dietis
490 3938 662 4021 ducibus
690 3935 794 4019 diem
822 3936 885 4019 uel
916 3955 1077 4043 treugas
1105 3966 1155 4020 ex
1183 3959 1301 4019 causa
1330 3932 1462 4047 aliqua
1496 3941 1694 4046 recipere,
1730 3940 1798 4019 illa
1835 3938 1921 4027 dies

115 4082 189 4135 seu
217 4060 386 4157 treugae,
413 4047 563 4147 debent
590 4076 675 4132 esse
703 4050 846 4131 breues
874 4065 914 4143 et
941 4045 1129 4129 domiuus
1163 4048 1248 4129 Rex
1285 4049 1406 4131 Dacia
1440 4064 1482 4129 et
1521 4076 1689 4157 regnum
1732 4052 1921 4133 suumin

115 4164 266 4247 eisdem
294 4165 368 4243 DIe
398 4177 439 4241 et
465 4162 619 4270 treugis
647 4159 925 4253 includantur,
954 4175 996 4239 et
1024 4158 1103 4241 h'oe
1132 4158 1209 4241 sibi
1237 4162 1472 4270 tempestiue
1508 4182 1581 4270 per
1610 4190 1683 4243 nos
1711 4159 1832 4243 dehet
1861 4164 1925 4271 irs-¹

25 4326 32 4338 ·
114 4278 271 4371 timeri,
299 4300 422 4381 super
448 4299 530 4381 quo
559 4271 815 4380 postmodum
845 4271 1073 4378 liat,·qvod
1089 4272 1263 4381 utrique
1286 4284 1466 4353 nostrum
1483 4270 1701 4381 expediens
1725 4271 1920 4356 videatur.

107 4390 220 4469 Item
248 4383 435 4467 dominus
461 4386 550 4464 Rex
583 4385 706 4463 Dacie
743 4401 784 4464 et
824 4403 910 4461 nos'
940 4409 1023 4462 non
1064 4381 1258 4464 debemus
1299 4388 1514 4491 separaum
1557 4412 1647 4465 cum
1692 4382 1952 4493 fautoribus·
2016 4481 2018 4491 Ι

115 4497 370 4581 dominorum
401 4494 549 4576 &cum
578 4492 862 4602 praedictorum
889 4492 1092 4601 aliquibus
1116 4499 1259 4600 pacem
1294 4495 1442 4590 faeere,
1484 4496 1560 4575 nist
1603 4508 1694 4577 cum
1736 4496 1785 4575 iis
1818 4522 1919 4604 quos
2037 4585 2041 4599 ι

44 4628 57 4644 ’
114 4612 236 4693 nobis
263 4626 304 4689 et
331 4606 497 4721 domino
527 4605 722 4713 Birghero
758 4605 846 4712 regi
880 4604 1022 4685 Svecie
1059 4603 1263 4686 attrahere*
1304 4608 1521 4715 poterimus
1553 4607 1596 4685 in
1637 4608 1850 4687 servicium
1880 4622 1920 4687 et
1979 4664 1983 4675 1
2032 4650 2046 4686 r

106 4724 318 4833 juramen.
373 4719 474 4799 Item
504 4716 744 4799 mercatores
772 4718 981 4824 utriusque
1010 4716 1126 4823 regni
1155 4715 1277 4799 Dacie
1320 4714 1504 4799 uidelicet
1538 4732 1582 4797 et
1612 4718 1812 4825 Norvegie
1854 4716 1920 4797 hic
2065 4798 2075 4811 ,

10 4874 14 4885 ·
113 4834 182 4915 uel
209 4833 268 4915 ibi
294 4827 552 4935 naufragium
582 4830 785 4937 pacientes
812 4825 922 4909 bona
950 4854 1021 4909 sua
1053 4852 1125 4935 per
1153 4852 1195 4907 ae
1222 4828 1286 4909 uel
1305 4838 1396 4937 ‘per
1437 4828 1551 4922 alios,
1593 4828 1749 4911 salvent
1792 4828 1917 4911 libere
2016 4918 2019 4933 Ι

11 4968 16 4975 .
70 4945 77 4955 ’
116 4945 236 5029 etde
263 4935 671 5123 sttvttdffllpomt
694 4938 844 5039 libere,
873 4965 950 5048 pro
977 4965 1049 5020 sue
1076 4936 1200 5026 libitu
1224 4938 1459 5023 uoluntatis
1479 4937 1634 5058 nullum
1670 4943 1796 5117 egiapp
1833 4938 1919 5021 the.
