<?xml version="1.0" encoding="UTF-8"?>
<!DOCTYPE html PUBLIC "-//W3C//DTD XHTML 1.0 Transitional//EN"
    "http://www.w3.org/TR/xhtml1/DTD/xhtml1-transitional.dtd">
<html xmlns="http://www.w3.org/1999/xhtml" xml:lang="en" lang="en">
 <head>
  <title>
</title>
<meta http-equiv="Content-Type" content="text/html;charset=utf-8" />
  <meta name='ocr-system' content='tesseract 3.04.00' />
  <meta name='ocr-capabilities' content='ocr_page ocr_carea ocr_par ocr_line ocrx_word'/>
</head>
<body>
  <div class='ocr_page' id='page_1' title='image "./svensktdiplomat01swegoog/svensktdiplomat01swegoog_0833.png"; bbox 0 0 4317 5975; ppageno 0'>
   <div class='ocr_carea' id='block_1_1' title="bbox 982 249 1398 414">
    <p class='ocr_par' dir='ltr' id='par_1_1' title="bbox 982 249 1398 414">
     <span class='ocr_line' id='line_1_1' title="bbox 982 249 1398 414; baseline -0.012 -25"><span class='ocrx_word' id='word_1_1' title='bbox 982 249 1398 414; x_wconf 35' lang='grc' dir='ltr'>...46464Ι</span> 
     </span>
    </p>
   </div>
   <div class='ocr_carea' id='block_1_2' title="bbox 216 537 2106 1549">
    <p class='ocr_par' dir='ltr' id='par_1_2' title="bbox 216 537 2106 1212">
     <span class='ocr_line' id='line_1_2' title="bbox 304 537 2106 662; baseline -0.001 -32"><span class='ocrx_word' id='word_1_2' title='bbox 304 560 308 569; x_wconf 87' lang='grc'><strong>’</strong></span> <span class='ocrx_word' id='word_1_3' title='bbox 399 545 523 630; x_wconf 86' lang='lat' dir='ltr'>Curie</span> <span class='ocrx_word' id='word_1_4' title='bbox 550 541 906 628; x_wconf 88' lang='lat' dir='ltr'>theuthonicorum</span> <span class='ocrx_word' id='word_1_5' title='bbox 932 554 975 622; x_wconf 88' lang='lat' dir='ltr'>et</span> <span class='ocrx_word' id='word_1_6' title='bbox 1002 541 1229 650; x_wconf 83' lang='lat' dir='ltr'>gotensium</span> <span class='ocrx_word' id='word_1_7' title='bbox 1258 554 1299 620; x_wconf 91' lang='lat' dir='ltr'>et</span> <span class='ocrx_word' id='word_1_8' title='bbox 1327 537 1507 649; x_wconf 78' lang='lat' dir='ltr'><strong>hospites</strong></span> <span class='ocrx_word' id='word_1_9' title='bbox 1544 537 1663 622; x_wconf 89' lang='lat' dir='ltr'>liberi</span> <span class='ocrx_word' id='word_1_10' title='bbox 1698 559 1837 640; x_wconf 83' lang='lat' dir='ltr'>srurrt,</span> <span class='ocrx_word' id='word_1_11' title='bbox 1878 546 1926 628; x_wconf 91' lang='lat' dir='ltr'>ita</span> <span class='ocrx_word' id='word_1_12' title='bbox 1954 554 2032 662; x_wconf 78' lang='lat' dir='ltr'>quot</span> <span class='ocrx_word' id='word_1_13' title='bbox 2105 590 2106 597; x_wconf 15' lang='grc' dir='ltr'><strong><em>Ν</em></strong></span> 
     </span>
     <span class='ocr_line' id='line_1_3' title="bbox 216 647 2035 771; baseline 0 -25"><span class='ocrx_word' id='word_1_14' title='bbox 216 740 223 749; x_wconf 84' lang='grc'><em>,</em></span> <span class='ocrx_word' id='word_1_15' title='bbox 252 667 255 672; x_wconf 78' lang='grc'><strong>’</strong></span> <span class='ocrx_word' id='word_1_16' title='bbox 289 657 577 771; x_wconf 84' lang='lat' dir='ltr'>nogardienses</span> <span class='ocrx_word' id='word_1_17' title='bbox 603 647 681 738; x_wconf 84' lang='lat' dir='ltr'>nec</span> <span class='ocrx_word' id='word_1_18' title='bbox 706 653 910 764; x_wconf 84' lang='lat' dir='ltr'>personis,</span> <span class='ocrx_word' id='word_1_19' title='bbox 938 679 1012 736; x_wconf 84' lang='lat' dir='ltr'>nec</span> <span class='ocrx_word' id='word_1_20' title='bbox 1039 652 1163 735; x_wconf 88' lang='lat' dir='ltr'>rebus</span> <span class='ocrx_word' id='word_1_21' title='bbox 1192 648 1405 750; x_wconf 84' lang='lat' dir='ltr'>habendis,</span> <span class='ocrx_word' id='word_1_22' title='bbox 1434 651 1654 734; x_wconf 75' lang='lat' dir='ltr'><strong>tractandis</strong></span> <span class='ocrx_word' id='word_1_23' title='bbox 1685 653 1751 734; x_wconf 90' lang='lat' dir='ltr'>uel</span> <span class='ocrx_word' id='word_1_24' title='bbox 1780 653 1971 742; x_wconf 84' lang='lat' dir='ltr'>vendendis</span> <span class='ocrx_word' id='word_1_25' title='bbox 1986 665 2035 746; x_wconf 86' lang='lat' dir='ltr'>ali·</span> 
     </span>
     <span class='ocr_line' id='line_1_4' title="bbox 288 760 2036 887; baseline 0.001 -32"><span class='ocrx_word' id='word_1_26' title='bbox 288 799 390 887; x_wconf 90' lang='lat' dir='ltr'>quas</span> <span class='ocrx_word' id='word_1_27' title='bbox 419 785 589 882; x_wconf 83' lang='lat' dir='ltr'>possunt</span> <span class='ocrx_word' id='word_1_28' title='bbox 617 792 769 876; x_wconf 88' lang='lat' dir='ltr'>ponere</span> <span class='ocrx_word' id='word_1_29' title='bbox 798 765 1123 846; x_wconf 90' lang='lat' dir='ltr'>constitucioues.</span> <span class='ocrx_word' id='word_1_30' title='bbox 1180 763 1301 846; x_wconf 86' lang='lat' dir='ltr'>Curio</span> <span class='ocrx_word' id='word_1_31' title='bbox 1336 760 1542 872; x_wconf 88' lang='lat' dir='ltr'>hospitum</span> <span class='ocrx_word' id='word_1_32' title='bbox 1577 764 1850 874; x_wconf 86' lang='lat' dir='ltr'>predictorum</span> <span class='ocrx_word' id='word_1_33' title='bbox 1880 769 1964 852; x_wconf 87' lang='lat' dir='ltr'>adeo</span> <span class='ocrx_word' id='word_1_34' title='bbox 1989 772 2036 858; x_wconf 84' lang='lat' dir='ltr'>de·</span> 
     </span>
     <span class='ocr_line' id='line_1_5' title="bbox 250 875 2037 988; baseline -0.001 -18"><span class='ocrx_word' id='word_1_35' title='bbox 250 979 254 984; x_wconf 54' lang='grc'><em>,</em></span> <span class='ocrx_word' id='word_1_36' title='bbox 286 886 401 970; x_wconf 80' lang='lat' dir='ltr'>bent&#39;</span> <span class='ocrx_word' id='word_1_37' title='bbox 416 911 501 964; x_wconf 88' lang='lat' dir='ltr'>esse</span> <span class='ocrx_word' id='word_1_38' title='bbox 528 879 674 975; x_wconf 87' lang='lat' dir='ltr'>libere,</span> <span class='ocrx_word' id='word_1_39' title='bbox 703 892 750 959; x_wconf 90' lang='lat' dir='ltr'>ut</span> <span class='ocrx_word' id='word_1_40' title='bbox 776 877 811 958; x_wconf 89' lang='lat' dir='ltr'>si</span> <span class='ocrx_word' id='word_1_41' title='bbox 839 876 986 988; x_wconf 90' lang='lat' dir='ltr'>aliquis</span> <span class='ocrx_word' id='word_1_42' title='bbox 1012 903 1217 958; x_wconf 78' lang='lat' dir='ltr'>excessum</span> <span class='ocrx_word' id='word_1_43' title='bbox 1240 877 1484 958; x_wconf 82' lang='lat' dir='ltr'>commiserit</span> <span class='ocrx_word' id='word_1_44' title='bbox 1506 892 1549 956; x_wconf 90' lang='lat' dir='ltr'>et</span> <span class='ocrx_word' id='word_1_45' title='bbox 1570 875 1621 959; x_wconf 90' lang='lat' dir='ltr'>ad</span> <span class='ocrx_word' id='word_1_46' title='bbox 1644 905 1712 959; x_wconf 90' lang='lat' dir='ltr'>eas</span> <span class='ocrx_word' id='word_1_47' title='bbox 1730 877 1959 988; x_wconf 87' lang='lat' dir='ltr'>confugerit,</span> <span class='ocrx_word' id='word_1_48' title='bbox 1979 912 2037 968; x_wconf 88' lang='lat' dir='ltr'>uon</span> 
     </span>
     <span class='ocr_line' id='line_1_6' title="bbox 289 987 2039 1102; baseline 0 -22"><span class='ocrx_word' id='word_1_49' title='bbox 289 996 412 1080; x_wconf 89' lang='lat' dir='ltr'>debet</span> <span class='ocrx_word' id='word_1_50' title='bbox 439 991 530 1075; x_wconf 88' lang='lat' dir='ltr'>dari</span> <span class='ocrx_word' id='word_1_51' title='bbox 559 1007 676 1074; x_wconf 83' lang='lat' dir='ltr'>extra</span> <span class='ocrx_word' id='word_1_52' title='bbox 703 1017 770 1072; x_wconf 85' lang='lat' dir='ltr'>eas</span> <span class='ocrx_word' id='word_1_53' title='bbox 806 989 848 1070; x_wconf 91' lang='lat' dir='ltr'>iu</span> <span class='ocrx_word' id='word_1_54' title='bbox 878 1017 1020 1074; x_wconf 87' lang='lat' dir='ltr'>manus</span> <span class='ocrx_word' id='word_1_55' title='bbox 1054 987 1244 1088; x_wconf 88' lang='lat' dir='ltr'>alicuius,</span> <span class='ocrx_word' id='word_1_56' title='bbox 1284 987 1355 1070; x_wconf 91' lang='lat' dir='ltr'>sed</span> <span class='ocrx_word' id='word_1_57' title='bbox 1384 987 1570 1098; x_wconf 82' lang='lat' dir='ltr'>placitari</span> <span class='ocrx_word' id='word_1_58' title='bbox 1609 987 1733 1072; x_wconf 88' lang='lat' dir='ltr'>debet</span> <span class='ocrx_word' id='word_1_59' title='bbox 1761 1016 1836 1102; x_wconf 90' lang='lat' dir='ltr'>pro</span> <span class='ocrx_word' id='word_1_60' title='bbox 1863 1020 1922 1090; x_wconf 89' lang='lat' dir='ltr'>eo,</span> <span class='ocrx_word' id='word_1_61' title='bbox 1957 1000 2039 1080; x_wconf 86' lang='lat' dir='ltr'>acsi</span> 
     </span>
     <span class='ocr_line' id='line_1_7' title="bbox 287 1101 1137 1212; baseline -0.009 -22"><span class='ocrx_word' id='word_1_62' title='bbox 287 1124 391 1190; x_wconf 87' lang='lat' dir='ltr'>esset</span> <span class='ocrx_word' id='word_1_63' title='bbox 417 1105 460 1186; x_wconf 94' lang='lat' dir='ltr'>in</span> <span class='ocrx_word' id='word_1_64' title='bbox 490 1104 658 1212; x_wconf 89' lang='lat' dir='ltr'>propria</span> <span class='ocrx_word' id='word_1_65' title='bbox 686 1101 852 1184; x_wconf 89' lang='lat' dir='ltr'>ecclesia</span> <span class='ocrx_word' id='word_1_66' title='bbox 879 1103 1137 1182; x_wconf 88' lang='lat' dir='ltr'>constitutus.</span> 
     </span>
    </p>

    <p class='ocr_par' dir='ltr' id='par_1_3' title="bbox 284 1209 2042 1549">
     <span class='ocr_line' id='line_1_8' title="bbox 398 1209 2039 1326; baseline 0.001 -28"><span class='ocrx_word' id='word_1_67' title='bbox 398 1218 500 1298; x_wconf 88' lang='lat' dir='ltr'>Item</span> <span class='ocrx_word' id='word_1_68' title='bbox 529 1214 631 1297; x_wconf 84' lang='lat' dir='ltr'>trulli</span> <span class='ocrx_word' id='word_1_69' title='bbox 659 1240 872 1325; x_wconf 83' lang='lat' dir='ltr'>precones,</span> <span class='ocrx_word' id='word_1_70' title='bbox 901 1214 975 1324; x_wconf 91' lang='lat' dir='ltr'>qui</span> <span class='ocrx_word' id='word_1_71' title='bbox 1003 1211 1198 1294; x_wconf 89' lang='lat' dir='ltr'>dicuntur</span> <span class='ocrx_word' id='word_1_72' title='bbox 1226 1211 1408 1308; x_wconf 84' lang='lat' dir='ltr'>schalke,</span> <span class='ocrx_word' id='word_1_73' title='bbox 1437 1209 1754 1294; x_wconf 88' lang='lat' dir='ltr'>debentintrare</span> <span class='ocrx_word' id='word_1_74' title='bbox 1772 1215 1915 1315; x_wconf 87' lang='lat' dir='ltr'>curiam</span> <span class='ocrx_word' id='word_1_75' title='bbox 1933 1232 2039 1326; x_wconf 86' lang='lat' dir='ltr'>gotes·</span> 
     </span>
     <span class='ocr_line' id='line_1_9' title="bbox 284 1321 2040 1434; baseline -0.002 -20"><span class='ocrx_word' id='word_1_76' title='bbox 284 1334 405 1414; x_wconf 82' lang='lat' dir='ltr'>sium.</span> <span class='ocrx_word' id='word_1_77' title='bbox 433 1327 501 1408; x_wconf 89' lang='lat' dir='ltr'>uel</span> <span class='ocrx_word' id='word_1_78' title='bbox 541 1326 890 1425; x_wconf 67' lang='lat' dir='ltr'>teuthonicorum</span> <span class='ocrx_word' id='word_1_79' title='bbox 934 1325 1119 1405; x_wconf 88' lang='lat' dir='ltr'>Nuncius</span> <span class='ocrx_word' id='word_1_80' title='bbox 1149 1340 1281 1404; x_wconf 88' lang='lat' dir='ltr'>autem</span> <span class='ocrx_word' id='word_1_81' title='bbox 1319 1321 1432 1406; x_wconf 89' lang='lat' dir='ltr'>ducis</span> <span class='ocrx_word' id='word_1_82' title='bbox 1469 1324 1621 1406; x_wconf 89' lang='lat' dir='ltr'>curiam</span> <span class='ocrx_word' id='word_1_83' title='bbox 1660 1327 1812 1408; x_wconf 89' lang='lat' dir='ltr'>intrare</span> <span class='ocrx_word' id='word_1_84' title='bbox 1837 1345 1972 1434; x_wconf 85' lang='lat' dir='ltr'>potest</span> <span class='ocrx_word' id='word_1_85' title='bbox 2012 1330 2040 1411; x_wconf 91' lang='lat' dir='ltr'>Si</span> 
     </span>
     <span class='ocr_line' id='line_1_10' title="bbox 287 1434 2042 1549; baseline 0 -27"><span class='ocrx_word' id='word_1_86' title='bbox 287 1441 486 1523; x_wconf 88' lang='lat' dir='ltr'>ruthenus</span> <span class='ocrx_word' id='word_1_87' title='bbox 513 1437 732 1549; x_wconf 77' lang='lat' dir='ltr'>deliquerit</span> <span class='ocrx_word' id='word_1_88' title='bbox 761 1439 804 1518; x_wconf 92' lang='lat' dir='ltr'>iu</span> <span class='ocrx_word' id='word_1_89' title='bbox 832 1435 1052 1544; x_wconf 78' lang='lat' dir='ltr'>hospitem,</span> <span class='ocrx_word' id='word_1_90' title='bbox 1081 1434 1337 1516; x_wconf 86' lang='lat' dir='ltr'>intimabitur</span> <span class='ocrx_word' id='word_1_91' title='bbox 1364 1434 1458 1516; x_wconf 89' lang='lat' dir='ltr'>duci</span> <span class='ocrx_word' id='word_1_92' title='bbox 1487 1451 1528 1516; x_wconf 89' lang='lat' dir='ltr'>et</span> <span class='ocrx_word' id='word_1_93' title='bbox 1555 1434 1821 1518; x_wconf 85' lang='lat' dir='ltr'>oldermanno</span> <span class='ocrx_word' id='word_1_94' title='bbox 1850 1438 2042 1546; x_wconf 85' lang='lat' dir='ltr'>nogardica·</span> 
     </span>
    </p>
   </div>
   <div class='ocr_carea' id='block_1_3' title="bbox 133 1547 2040 1661">
    <p class='ocr_par' dir='ltr' id='par_1_4' title="bbox 133 1547 2040 1661">
     <span class='ocr_line' id='line_1_11' title="bbox 133 1547 2040 1661; baseline -0.003 -24"><span class='ocrx_word' id='word_1_95' title='bbox 133 1569 145 1600; x_wconf 65' lang='lat'>⁸</span> <span class='ocrx_word' id='word_1_96' title='bbox 287 1556 411 1649; x_wconf 90' lang='lat' dir='ltr'>sium,</span> <span class='ocrx_word' id='word_1_97' title='bbox 456 1551 530 1661; x_wconf 92' lang='lat' dir='ltr'>qui</span> <span class='ocrx_word' id='word_1_98' title='bbox 565 1577 726 1632; x_wconf 90' lang='lat' dir='ltr'>causam</span> <span class='ocrx_word' id='word_1_99' title='bbox 760 1547 1094 1658; x_wconf 76' lang='lat' dir='ltr'>complanabunt3</span> <span class='ocrx_word' id='word_1_100' title='bbox 1138 1549 1172 1628; x_wconf 90' lang='lat' dir='ltr'>si</span> <span class='ocrx_word' id='word_1_101' title='bbox 1200 1564 1334 1630; x_wconf 87' lang='lat' dir='ltr'>autem</span> <span class='ocrx_word' id='word_1_102' title='bbox 1362 1548 1508 1657; x_wconf 90' lang='lat' dir='ltr'>hospes</span> <span class='ocrx_word' id='word_1_103' title='bbox 1535 1547 1753 1656; x_wconf 77' lang='lat' dir='ltr'>deliquerit</span> <span class='ocrx_word' id='word_1_104' title='bbox 1781 1551 1822 1629; x_wconf 94' lang='lat' dir='ltr'>in</span> <span class='ocrx_word' id='word_1_105' title='bbox 1851 1551 2040 1648; x_wconf 84' lang='lat' dir='ltr'>ruthenum,</span> 
     </span>
    </p>
   </div>
   <div class='ocr_carea' id='block_1_4' title="bbox 287 1659 2042 1993">
    <p class='ocr_par' dir='ltr' id='par_1_5' title="bbox 287 1659 2042 1993">
     <span class='ocr_line' id='line_1_12' title="bbox 287 1659 2042 1768; baseline 0 -22"><span class='ocrx_word' id='word_1_106' title='bbox 287 1663 545 1746; x_wconf 88' lang='lat' dir='ltr'>intimabitur</span> <span class='ocrx_word' id='word_1_107' title='bbox 572 1660 838 1743; x_wconf 86' lang='lat' dir='ltr'>oldermannc</span> <span class='ocrx_word' id='word_1_108' title='bbox 869 1659 1092 1768; x_wconf 84' lang='lat' dir='ltr'>hospitum,</span> <span class='ocrx_word' id='word_1_109' title='bbox 1133 1675 1174 1738; x_wconf 90' lang='lat' dir='ltr'>et</span> <span class='ocrx_word' id='word_1_110' title='bbox 1203 1660 1338 1740; x_wconf 91' lang='lat' dir='ltr'>nullus</span> <span class='ocrx_word' id='word_1_111' title='bbox 1365 1659 1487 1741; x_wconf 88' lang='lat' dir='ltr'>alium</span> <span class='ocrx_word' id='word_1_112' title='bbox 1516 1660 1688 1766; x_wconf 90' lang='lat' dir='ltr'>accipiet</span> <span class='ocrx_word' id='word_1_113' title='bbox 1718 1689 1790 1768; x_wconf 91' lang='lat' dir='ltr'>per</span> <span class='ocrx_word' id='word_1_114' title='bbox 1819 1679 1970 1761; x_wconf 87' lang='lat' dir='ltr'>vestem,</span> <span class='ocrx_word' id='word_1_115' title='bbox 1996 1662 2042 1746; x_wconf 83' lang='lat' dir='ltr'>scd</span> 
     </span>
     <span class='ocr_line' id='line_1_13' title="bbox 288 1769 1969 1880; baseline 0 -24"><span class='ocrx_word' id='word_1_116' title='bbox 288 1773 576 1856; x_wconf 87' lang='lat' dir='ltr'>oldermannus</span> <span class='ocrx_word' id='word_1_117' title='bbox 603 1800 763 1853; x_wconf 87' lang='lat' dir='ltr'>manum</span> <span class='ocrx_word' id='word_1_118' title='bbox 795 1774 976 1880; x_wconf 88' lang='lat' dir='ltr'>porriget</span> <span class='ocrx_word' id='word_1_119' title='bbox 1005 1798 1080 1879; x_wconf 89' lang='lat' dir='ltr'>pro</span> <span class='ocrx_word' id='word_1_120' title='bbox 1109 1797 1198 1866; x_wconf 90' lang='lat' dir='ltr'>reo,</span> <span class='ocrx_word' id='word_1_121' title='bbox 1228 1788 1274 1851; x_wconf 91' lang='lat' dir='ltr'>ut</span> <span class='ocrx_word' id='word_1_122' title='bbox 1302 1773 1431 1880; x_wconf 90' lang='lat' dir='ltr'>ipsum</span> <span class='ocrx_word' id='word_1_123' title='bbox 1462 1769 1660 1880; x_wconf 89' lang='lat' dir='ltr'>producat</span> <span class='ocrx_word' id='word_1_124' title='bbox 1689 1771 1739 1852; x_wconf 95' lang='lat' dir='ltr'>ad</span> <span class='ocrx_word' id='word_1_125' title='bbox 1772 1775 1969 1856; x_wconf 90' lang='lat' dir='ltr'>racionem.</span> 
     </span>
     <span class='ocr_line' id='line_1_14' title="bbox 401 1881 2042 1993; baseline -0.001 -28"><span class='ocrx_word' id='word_1_126' title='bbox 401 1886 501 1966; x_wconf 88' lang='lat' dir='ltr'>Item</span> <span class='ocrx_word' id='word_1_127' title='bbox 531 1885 679 1993; x_wconf 88' lang='lat' dir='ltr'>placita</span> <span class='ocrx_word' id='word_1_128' title='bbox 706 1883 912 1991; x_wconf 88' lang='lat' dir='ltr'>hospitum</span> <span class='ocrx_word' id='word_1_129' title='bbox 941 1883 1047 1963; x_wconf 92' lang='lat' dir='ltr'>iuter</span> <span class='ocrx_word' id='word_1_130' title='bbox 1077 1881 1256 1991; x_wconf 88' lang='lat' dir='ltr'>hospites</span> <span class='ocrx_word' id='word_1_131' title='bbox 1275 1902 1315 1964; x_wconf 90' lang='lat' dir='ltr'>et</span> <span class='ocrx_word' id='word_1_132' title='bbox 1343 1884 1538 1964; x_wconf 91' lang='lat' dir='ltr'>ruthenos</span> <span class='ocrx_word' id='word_1_133' title='bbox 1567 1883 1753 1964; x_wconf 89' lang='lat' dir='ltr'>habenda</span> <span class='ocrx_word' id='word_1_134' title='bbox 1782 1903 1876 1966; x_wconf 90' lang='lat' dir='ltr'>sunt</span> <span class='ocrx_word' id='word_1_135' title='bbox 1903 1887 1939 1966; x_wconf 93' lang='lat' dir='ltr'>in</span> <span class='ocrx_word' id='word_1_136' title='bbox 1966 1887 2042 1965; x_wconf 87' lang='lat' dir='ltr'>curia</span> 
     </span>
    </p>
   </div>
   <div class='ocr_carea' id='block_1_5' title="bbox 125 1991 2045 2220">
    <p class='ocr_par' dir='ltr' id='par_1_6' title="bbox 125 1991 2045 2220">
     <span class='ocr_line' id='line_1_15' title="bbox 125 1991 2045 2187; baseline 0.001 -111"><span class='ocrx_word' id='word_1_137' title='bbox 125 2060 146 2076; x_wconf 45' lang='lat' dir='ltr'>t</span> <span class='ocrx_word' id='word_1_138' title='bbox 288 1998 439 2187; x_wconf 83' lang='lat' dir='ltr'>surrctil</span> <span class='ocrx_word' id='word_1_139' title='bbox 446 1996 633 2105; x_wconf 86' lang='lat' dir='ltr'>johannis</span> <span class='ocrx_word' id='word_1_140' title='bbox 660 1994 948 2094; x_wconf 83' lang='lat' dir='ltr'>coranrduce,</span> <span class='ocrx_word' id='word_1_141' title='bbox 975 1991 1260 2091; x_wconf 90' lang='lat' dir='ltr'>oldermanno,</span> <span class='ocrx_word' id='word_1_142' title='bbox 1290 1991 1661 2105; x_wconf 87' lang='lat' dir='ltr'>nogardie(n)sibus</span> <span class='ocrx_word' id='word_1_143' title='bbox 1689 2012 1730 2076; x_wconf 90' lang='lat' dir='ltr'>et</span> <span class='ocrx_word' id='word_1_144' title='bbox 1759 2021 1844 2078; x_wconf 92' lang='lat' dir='ltr'>non</span> <span class='ocrx_word' id='word_1_145' title='bbox 1867 1995 2045 2078; x_wconf 82' lang='lat' dir='ltr'>coronali·</span> 
     </span>
     <span class='ocr_line' id='line_1_16' title="bbox 165 2135 494 2220; baseline -0.006 -30"><span class='ocrx_word' id='word_1_146' title='bbox 165 2162 168 2166; x_wconf 64' lang='grc'><em>»</em></span> <span class='ocrx_word' id='word_1_147' title='bbox 205 2151 222 2166; x_wconf 88' lang='lat'>··</span> <span class='ocrx_word' id='word_1_148' title='bbox 288 2137 374 2220; x_wconf 92' lang='lat' dir='ltr'>quo</span> <span class='ocrx_word' id='word_1_149' title='bbox 402 2135 494 2188; x_wconf 86' lang='lat' dir='ltr'>aro.</span> 
     </span>
    </p>
   </div>
   <div class='ocr_carea' id='block_1_6' title="bbox 193 2213 2108 3332">
    <p class='ocr_par' dir='ltr' id='par_1_7' title="bbox 193 2213 2108 3332">
     <span class='ocr_line' id='line_1_17' title="bbox 193 2213 2108 2327; baseline -0.003 -24"><span class='ocrx_word' id='word_1_150' title='bbox 193 2292 201 2303; x_wconf 84' lang='lat'>.</span> <span class='ocrx_word' id='word_1_151' title='bbox 399 2222 499 2301; x_wconf 84' lang='lat' dir='ltr'>Item</span> <span class='ocrx_word' id='word_1_152' title='bbox 530 2231 683 2312; x_wconf 89' lang='lat' dir='ltr'>custos,</span> <span class='ocrx_word' id='word_1_153' title='bbox 720 2217 793 2327; x_wconf 92' lang='lat' dir='ltr'>qui</span> <span class='ocrx_word' id='word_1_154' title='bbox 821 2213 971 2296; x_wconf 87' lang='lat' dir='ltr'>dicitur</span> <span class='ocrx_word' id='word_1_155' title='bbox 999 2215 1123 2314; x_wconf 90' lang='lat' dir='ltr'>biriz‚</span> <span class='ocrx_word' id='word_1_156' title='bbox 1167 2217 1321 2298; x_wconf 91' lang='lat' dir='ltr'>nullum</span> <span class='ocrx_word' id='word_1_157' title='bbox 1352 2216 1473 2298; x_wconf 92' lang='lat' dir='ltr'>habet</span> <span class='ocrx_word' id='word_1_158' title='bbox 1502 2218 1562 2298; x_wconf 90' lang='lat' dir='ltr'>ius</span> <span class='ocrx_word' id='word_1_159' title='bbox 1591 2214 1771 2298; x_wconf 89' lang='lat' dir='ltr'>intrandi</span> <span class='ocrx_word' id='word_1_160' title='bbox 1807 2219 1967 2316; x_wconf 90' lang='lat' dir='ltr'>curiam,</span> <span class='ocrx_word' id='word_1_161' title='bbox 1998 2243 2047 2298; x_wconf 86' lang='lat' dir='ltr'>uec</span> <span class='ocrx_word' id='word_1_162' title='bbox 2107 2213 2108 2216; x_wconf 43' lang='lat'>‘</span> 
     </span>
     <span class='ocr_line' id='line_1_18' title="bbox 286 2328 1605 2442; baseline -0.002 -30"><span class='ocrx_word' id='word_1_163' title='bbox 286 2357 459 2442; x_wconf 87' lang='lat' dir='ltr'>usquam</span> <span class='ocrx_word' id='word_1_164' title='bbox 487 2345 583 2410; x_wconf 87' lang='lat' dir='ltr'>ante</span> <span class='ocrx_word' id='word_1_165' title='bbox 611 2328 763 2438; x_wconf 80' lang='lat' dir='ltr'>curiam</span> <span class='ocrx_word' id='word_1_166' title='bbox 791 2329 888 2423; x_wconf 92' lang='lat' dir='ltr'>erit,</span> <span class='ocrx_word' id='word_1_167' title='bbox 917 2356 1005 2408; x_wconf 90' lang='lat' dir='ltr'>cum</span> <span class='ocrx_word' id='word_1_168' title='bbox 1036 2355 1118 2410; x_wconf 88' lang='lat' dir='ltr'>non</span> <span class='ocrx_word' id='word_1_169' title='bbox 1148 2331 1200 2408; x_wconf 89' lang='lat' dir='ltr'>sit</span> <span class='ocrx_word' id='word_1_170' title='bbox 1227 2329 1278 2410; x_wconf 89' lang='lat' dir='ltr'>de</span> <span class='ocrx_word' id='word_1_171' title='bbox 1305 2331 1476 2438; x_wconf 86' lang='lat' dir='ltr'>antiquo</span> <span class='ocrx_word' id='word_1_172' title='bbox 1505 2331 1605 2410; x_wconf 88' lang='lat' dir='ltr'>iure.</span> 
     </span>
     <span class='ocr_line' id='line_1_19' title="bbox 214 2434 2047 2550; baseline -0.004 -27"><span class='ocrx_word' id='word_1_173' title='bbox 214 2434 218 2443; x_wconf 70' lang='grc'><strong>’</strong></span> <span class='ocrx_word' id='word_1_174' title='bbox 401 2444 515 2523; x_wconf 89' lang='lat' dir='ltr'>luter</span> <span class='ocrx_word' id='word_1_175' title='bbox 542 2440 675 2522; x_wconf 89' lang='lat' dir='ltr'>curias</span> <span class='ocrx_word' id='word_1_176' title='bbox 703 2437 1059 2520; x_wconf 88' lang='lat' dir='ltr'>theuthonicorum</span> <span class='ocrx_word' id='word_1_177' title='bbox 1090 2441 1130 2522; x_wconf 93' lang='lat' dir='ltr'>in</span> <span class='ocrx_word' id='word_1_178' title='bbox 1163 2441 1294 2550; x_wconf 88' lang='lat' dir='ltr'>platea</span> <span class='ocrx_word' id='word_1_179' title='bbox 1332 2468 1414 2520; x_wconf 90' lang='lat' dir='ltr'>non</span> <span class='ocrx_word' id='word_1_180' title='bbox 1451 2441 1585 2526; x_wconf 70' lang='lat' dir='ltr'>debet,</span> <span class='ocrx_word' id='word_1_181' title='bbox 1606 2466 1689 2522; x_wconf 89' lang='lat' dir='ltr'>esse</span> <span class='ocrx_word' id='word_1_182' title='bbox 1727 2468 1863 2548; x_wconf 87' lang='lat' dir='ltr'>pugna</span> <span class='ocrx_word' id='word_1_183' title='bbox 1899 2440 1957 2520; x_wconf 91' lang='lat' dir='ltr'>uel</span> <span class='ocrx_word' id='word_1_184' title='bbox 1987 2464 2047 2546; x_wconf 87' lang='lat' dir='ltr'>pu·</span> 
     </span>
     <span class='ocr_line' id='line_1_20' title="bbox 288 2549 2048 2661; baseline -0.003 -25"><span class='ocrx_word' id='word_1_185' title='bbox 288 2556 540 2636; x_wconf 81' lang='lat' dir='ltr'>cussiacum</span> <span class='ocrx_word' id='word_1_186' title='bbox 569 2549 763 2647; x_wconf 89' lang='lat' dir='ltr'>fustibus,</span> <span class='ocrx_word' id='word_1_187' title='bbox 808 2551 881 2659; x_wconf 92' lang='lat' dir='ltr'>qui</span> <span class='ocrx_word' id='word_1_188' title='bbox 910 2549 1104 2632; x_wconf 89' lang='lat' dir='ltr'>dicuntur</span> <span class='ocrx_word' id='word_1_189' title='bbox 1132 2553 1267 2648; x_wconf 82' lang='lat' dir='ltr'>velen,</span> <span class='ocrx_word' id='word_1_190' title='bbox 1310 2554 1404 2661; x_wconf 84' lang='lat' dir='ltr'>quia</span> <span class='ocrx_word' id='word_1_191' title='bbox 1441 2551 1492 2632; x_wconf 89' lang='lat' dir='ltr'>de</span> <span class='ocrx_word' id='word_1_192' title='bbox 1530 2551 1760 2634; x_wconf 90' lang='lat' dir='ltr'>huiusmodi</span> <span class='ocrx_word' id='word_1_193' title='bbox 1796 2550 1894 2632; x_wconf 93' lang='lat' dir='ltr'>ludo</span> <span class='ocrx_word' id='word_1_194' title='bbox 1929 2551 2048 2632; x_wconf 85' lang='lat' dir='ltr'>insolito</span> 
     </span>
     <span class='ocr_line' id='line_1_21' title="bbox 259 2660 2108 2775; baseline -0.004 -27"><span class='ocrx_word' id='word_1_195' title='bbox 259 2666 342 2748; x_wconf 77' lang='lat' dir='ltr'>&#39;ab</span> <span class='ocrx_word' id='word_1_196' title='bbox 368 2663 557 2775; x_wconf 88' lang='lat' dir='ltr'>antiquis.</span> <span class='ocrx_word' id='word_1_197' title='bbox 575 2663 618 2742; x_wconf 90' lang='lat' dir='ltr'>in</span> <span class='ocrx_word' id='word_1_198' title='bbox 647 2660 739 2742; x_wconf 89' lang='lat' dir='ltr'>loco</span> <span class='ocrx_word' id='word_1_199' title='bbox 768 2661 960 2770; x_wconf 89' lang='lat' dir='ltr'>predicto</span> <span class='ocrx_word' id='word_1_200' title='bbox 978 2681 1115 2771; x_wconf 90' lang='lat' dir='ltr'>posset</span> <span class='ocrx_word' id='word_1_201' title='bbox 1144 2664 1244 2745; x_wconf 88' lang='lat' dir='ltr'>oriri</span> <span class='ocrx_word' id='word_1_202' title='bbox 1272 2661 1472 2745; x_wconf 89' lang='lat' dir='ltr'>discordia</span> <span class='ocrx_word' id='word_1_203' title='bbox 1497 2667 1601 2745; x_wconf 90' lang='lat' dir='ltr'>inter</span> <span class='ocrx_word' id='word_1_204' title='bbox 1622 2663 1799 2772; x_wconf 88' lang='lat' dir='ltr'>hospites</span> <span class='ocrx_word' id='word_1_205' title='bbox 1825 2680 1865 2745; x_wconf 90' lang='lat' dir='ltr'>et</span> <span class='ocrx_word' id='word_1_206' title='bbox 1886 2663 2048 2744; x_wconf 88' lang='lat' dir='ltr'>ruthenos</span> <span class='ocrx_word' id='word_1_207' title='bbox 2106 2731 2108 2772; x_wconf 75' lang='lat'>,</span> 
     </span>
     <span class='ocr_line' id='line_1_22' title="bbox 398 2773 2049 2884; baseline -0.002 -26"><span class='ocrx_word' id='word_1_208' title='bbox 398 2777 444 2858; x_wconf 92' lang='lat' dir='ltr'>Si</span> <span class='ocrx_word' id='word_1_209' title='bbox 471 2774 618 2884; x_wconf 88' lang='lat' dir='ltr'>aliquis</span> <span class='ocrx_word' id='word_1_210' title='bbox 645 2800 745 2856; x_wconf 89' lang='lat' dir='ltr'>ausu</span> <span class='ocrx_word' id='word_1_211' title='bbox 774 2774 988 2854; x_wconf 84' lang='lat' dir='ltr'>temerario</span> <span class='ocrx_word' id='word_1_212' title='bbox 1015 2776 1168 2856; x_wconf 92' lang='lat' dir='ltr'>curiam</span> <span class='ocrx_word' id='word_1_213' title='bbox 1198 2775 1521 2858; x_wconf 89' lang='lat' dir='ltr'>theutonicorum</span> <span class='ocrx_word' id='word_1_214' title='bbox 1554 2777 1617 2856; x_wconf 89' lang='lat' dir='ltr'>uel</span> <span class='ocrx_word' id='word_1_215' title='bbox 1649 2777 1879 2884; x_wconf 85' lang='lat' dir='ltr'>gotensium</span> <span class='ocrx_word' id='word_1_216' title='bbox 1903 2773 2049 2858; x_wconf 82' lang='lat' dir='ltr'>inuadere</span> 
     </span>
     <span class='ocr_line' id='line_1_23' title="bbox 287 2884 2108 2999; baseline -0.004 -31"><span class='ocrx_word' id='word_1_217' title='bbox 287 2888 567 2999; x_wconf 87' lang='lat' dir='ltr'>presumserit,</span> <span class='ocrx_word' id='word_1_218' title='bbox 608 2885 674 2967; x_wconf 90' lang='lat' dir='ltr'>uel</span> <span class='ocrx_word' id='word_1_219' title='bbox 702 2911 790 2965; x_wconf 91' lang='lat' dir='ltr'>eam</span> <span class='ocrx_word' id='word_1_220' title='bbox 819 2884 1019 2966; x_wconf 87' lang='lat' dir='ltr'>uiolenter</span> <span class='ocrx_word' id='word_1_221' title='bbox 1046 2887 1264 2969; x_wconf 90' lang='lat' dir='ltr'>intrauerit</span> <span class='ocrx_word' id='word_1_222' title='bbox 1291 2903 1444 2968; x_wconf 85' lang='lat' dir='ltr'>armata</span> <span class='ocrx_word' id='word_1_223' title='bbox 1476 2916 1618 2988; x_wconf 89' lang='lat' dir='ltr'>manu,</span> <span class='ocrx_word' id='word_1_224' title='bbox 1649 2887 1788 2999; x_wconf 89' lang='lat' dir='ltr'>ibique</span> <span class='ocrx_word' id='word_1_225' title='bbox 1829 2889 1987 2997; x_wconf 88' lang='lat' dir='ltr'>aliquem</span> <span class='ocrx_word' id='word_1_226' title='bbox 2004 2899 2050 2964; x_wconf 85' lang='lat' dir='ltr'>aut</span> <span class='ocrx_word' id='word_1_227' title='bbox 2107 2937 2108 2962; x_wconf 39' lang='lat' dir='ltr'>f</span> 
     </span>
     <span class='ocr_line' id='line_1_24' title="bbox 284 2996 2108 3112; baseline -0.003 -29"><span class='ocrx_word' id='word_1_228' title='bbox 284 3000 416 3096; x_wconf 58' lang='lat' dir='ltr'>rebus,</span> <span class='ocrx_word' id='word_1_229' title='bbox 439 3015 512 3081; x_wconf 91' lang='lat' dir='ltr'>aut</span> <span class='ocrx_word' id='word_1_230' title='bbox 539 3022 713 3107; x_wconf 89' lang='lat' dir='ltr'>corpore</span> <span class='ocrx_word' id='word_1_231' title='bbox 741 2996 1015 3080; x_wconf 89' lang='lat' dir='ltr'>molestauerit</span> <span class='ocrx_word' id='word_1_232' title='bbox 1044 3001 1108 3081; x_wconf 88' lang='lat' dir='ltr'>uel</span> <span class='ocrx_word' id='word_1_233' title='bbox 1138 2996 1507 3109; x_wconf 83' lang='lat' dir='ltr'>dampnificauerit,</span> <span class='ocrx_word' id='word_1_234' title='bbox 1536 2998 1774 3109; x_wconf 84' lang='lat' dir='ltr'>dampnum,</span> <span class='ocrx_word' id='word_1_235' title='bbox 1801 2998 1916 3112; x_wconf 90' lang='lat' dir='ltr'>quod</span> <span class='ocrx_word' id='word_1_236' title='bbox 1941 2996 2050 3081; x_wconf 84' lang='lat' dir='ltr'>ibidem</span> <span class='ocrx_word' id='word_1_237' title='bbox 2107 2996 2108 3005; x_wconf 64' lang='lat'>&#39;</span> 
     </span>
     <span class='ocr_line' id='line_1_25' title="bbox 288 3107 2050 3223; baseline -0.003 -29"><span class='ocrx_word' id='word_1_238' title='bbox 288 3114 509 3223; x_wconf 84' lang='lat' dir='ltr'>acceperit,</span> <span class='ocrx_word' id='word_1_239' title='bbox 539 3137 616 3219; x_wconf 92' lang='lat' dir='ltr'>pro</span> <span class='ocrx_word' id='word_1_240' title='bbox 643 3135 718 3191; x_wconf 89' lang='lat' dir='ltr'>suo</span> <span class='ocrx_word' id='word_1_241' title='bbox 746 3107 959 3191; x_wconf 87' lang='lat' dir='ltr'>obtinebit.</span> <span class='ocrx_word' id='word_1_242' title='bbox 1000 3108 1043 3191; x_wconf 92' lang='lat' dir='ltr'>Si</span> <span class='ocrx_word' id='word_1_243' title='bbox 1071 3127 1206 3191; x_wconf 90' lang='lat' dir='ltr'>autem</span> <span class='ocrx_word' id='word_1_244' title='bbox 1236 3112 1408 3193; x_wconf 85' lang='lat' dir='ltr'>euaserit</span> <span class='ocrx_word' id='word_1_245' title='bbox 1436 3129 1477 3192; x_wconf 90' lang='lat' dir='ltr'>et</span> <span class='ocrx_word' id='word_1_246' title='bbox 1504 3115 1664 3222; x_wconf 89' lang='lat' dir='ltr'>questio</span> <span class='ocrx_word' id='word_1_247' title='bbox 1692 3128 1837 3192; x_wconf 88' lang='lat' dir='ltr'>contra</span> <span class='ocrx_word' id='word_1_248' title='bbox 1867 3139 1953 3191; x_wconf 90' lang='lat' dir='ltr'>eum</span> <span class='ocrx_word' id='word_1_249' title='bbox 1976 3126 2050 3189; x_wconf 86' lang='lat' dir='ltr'>noa</span> 
     </span>
     <span class='ocr_line' id='line_1_26' title="bbox 288 3215 2050 3332; baseline -0.003 -29"><span class='ocrx_word' id='word_1_250' title='bbox 288 3215 412 3305; x_wconf 88' lang='lat' dir='ltr'>fuerit</span> <span class='ocrx_word' id='word_1_251' title='bbox 436 3240 478 3305; x_wconf 88' lang='lat' dir='ltr'>et</span> <span class='ocrx_word' id='word_1_252' title='bbox 496 3219 825 3325; x_wconf 84' lang='lat' dir='ltr'>deuictusfuerit</span> <span class='ocrx_word' id='word_1_253' title='bbox 846 3237 990 3301; x_wconf 91' lang='lat' dir='ltr'>auctor</span> <span class='ocrx_word' id='word_1_254' title='bbox 1011 3223 1177 3319; x_wconf 84' lang='lat' dir='ltr'>iniuria,</span> <span class='ocrx_word' id='word_1_255' title='bbox 1205 3220 1408 3332; x_wconf 83' lang='lat' dir='ltr'>duplicem</span> <span class='ocrx_word' id='word_1_256' title='bbox 1431 3222 1639 3307; x_wconf 89' lang='lat' dir='ltr'>emendam</span> <span class='ocrx_word' id='word_1_257' title='bbox 1664 3222 1803 3321; x_wconf 88' lang='lat' dir='ltr'>faciet,</span> <span class='ocrx_word' id='word_1_258' title='bbox 1832 3223 1975 3305; x_wconf 89' lang='lat' dir='ltr'>scilicet</span> <span class='ocrx_word' id='word_1_259' title='bbox 1990 3219 2050 3301; x_wconf 83' lang='lat' dir='ltr'>XX.</span> 
     </span>
    </p>
   </div>
   <div class='ocr_carea' id='block_1_7' title="bbox 289 3328 2050 3443">
    <p class='ocr_par' dir='ltr' id='par_1_8' title="bbox 135 3328 2050 3443">
     <span class='ocr_line' id='line_1_27' title="bbox 289 3328 2050 3443; baseline -0.003 -28.483"><span class='ocrx_word' id='word_1_260' title='bbox 289 3362 413 3417; x_wconf 88' lang='lat' dir='ltr'>marc.</span> <span class='ocrx_word' id='word_1_261' title='bbox 435 3335 612 3443; x_wconf 83' lang='lat' dir='ltr'>argenti,</span> <span class='ocrx_word' id='word_1_262' title='bbox 639 3348 680 3413; x_wconf 92' lang='lat' dir='ltr'>et</span> <span class='ocrx_word' id='word_1_263' title='bbox 707 3332 881 3441; x_wconf 89' lang='lat' dir='ltr'>quilibet</span> <span class='ocrx_word' id='word_1_264' title='bbox 908 3332 965 3427; x_wconf 79' lang='lat' dir='ltr'>de</span> <span class='ocrx_word' id='word_1_265' title='bbox 988 3336 1070 3414; x_wconf 87' lang='lat' dir='ltr'>suis</span> <span class='ocrx_word' id='word_1_266' title='bbox 1098 3335 1364 3442; x_wconf 89' lang='lat' dir='ltr'>complicibus</span> <span class='ocrx_word' id='word_1_267' title='bbox 1386 3332 1614 3418; x_wconf 89' lang='lat' dir='ltr'>emendabit</span> <span class='ocrx_word' id='word_1_268' title='bbox 1637 3336 1685 3417; x_wconf 91' lang='lat' dir='ltr'>ll.</span> <span class='ocrx_word' id='word_1_269' title='bbox 1709 3364 1831 3417; x_wconf 89' lang='lat' dir='ltr'>marc.</span> <span class='ocrx_word' id='word_1_270' title='bbox 1853 3333 2005 3442; x_wconf 84' lang='lat' dir='ltr'>argenti.</span> <span class='ocrx_word' id='word_1_271' title='bbox 2025 3328 2050 3409; x_wconf 83' lang='lat' dir='ltr'>si</span> 
     </span>
    </p>
   </div>
   <div class='ocr_carea' id='block_1_8' title="bbox 174 3442 2108 5942">
    <p class='ocr_par' dir='ltr' id='par_1_9' title="bbox 174 3442 2108 4226">
     <span class='ocr_line' id='line_1_28' title="bbox 290 3442 2050 3557; baseline -0.003 -31"><span class='ocrx_word' id='word_1_272' title='bbox 290 3462 426 3528; x_wconf 89' lang='lat' dir='ltr'>autem</span> <span class='ocrx_word' id='word_1_273' title='bbox 455 3442 622 3554; x_wconf 87' lang='lat' dir='ltr'>aliquod</span> <span class='ocrx_word' id='word_1_274' title='bbox 650 3442 869 3549; x_wconf 89' lang='lat' dir='ltr'>dampnum</span> <span class='ocrx_word' id='word_1_275' title='bbox 901 3444 941 3523; x_wconf 92' lang='lat' dir='ltr'>in</span> <span class='ocrx_word' id='word_1_276' title='bbox 970 3446 1083 3525; x_wconf 91' lang='lat' dir='ltr'>curia</span> <span class='ocrx_word' id='word_1_277' title='bbox 1111 3446 1268 3543; x_wconf 90' lang='lat' dir='ltr'>fecerit,</span> <span class='ocrx_word' id='word_1_278' title='bbox 1296 3445 1544 3547; x_wconf 89' lang='lat' dir='ltr'>emendabit;</span> <span class='ocrx_word' id='word_1_279' title='bbox 1576 3446 1689 3557; x_wconf 93' lang='lat' dir='ltr'>quod</span> <span class='ocrx_word' id='word_1_280' title='bbox 1715 3448 1748 3527; x_wconf 91' lang='lat' dir='ltr'>si</span> <span class='ocrx_word' id='word_1_281' title='bbox 1772 3448 1860 3556; x_wconf 89' lang='lat' dir='ltr'>ipse</span> <span class='ocrx_word' id='word_1_282' title='bbox 1881 3443 2050 3527; x_wconf 83' lang='lat' dir='ltr'>emendare</span> 
     </span>
     <span class='ocr_line' id='line_1_29' title="bbox 290 3546 2108 3664; baseline -0.003 -26"><span class='ocrx_word' id='word_1_283' title='bbox 290 3583 377 3638; x_wconf 86' lang='lat' dir='ltr'>non</span> <span class='ocrx_word' id='word_1_284' title='bbox 405 3554 628 3648; x_wconf 82' lang='lat' dir='ltr'>suffecerit,</span> <span class='ocrx_word' id='word_1_285' title='bbox 654 3553 940 3661; x_wconf 85' lang='lat' dir='ltr'>nogardieuses</span> <span class='ocrx_word' id='word_1_286' title='bbox 968 3584 1045 3661; x_wconf 92' lang='lat' dir='ltr'>pro</span> <span class='ocrx_word' id='word_1_287' title='bbox 1073 3582 1124 3635; x_wconf 88' lang='lat' dir='ltr'>eo</span> <span class='ocrx_word' id='word_1_288' title='bbox 1152 3558 1398 3638; x_wconf 87' lang='lat' dir='ltr'>satisfacient</span> <span class='ocrx_word' id='word_1_289' title='bbox 1427 3560 1469 3639; x_wconf 92' lang='lat' dir='ltr'>in</span> <span class='ocrx_word' id='word_1_290' title='bbox 1497 3558 1676 3640; x_wconf 85' lang='lat' dir='ltr'>emenda.</span> <span class='ocrx_word' id='word_1_291' title='bbox 1733 3559 1776 3638; x_wconf 93' lang='lat' dir='ltr'>Si</span> <span class='ocrx_word' id='word_1_292' title='bbox 1815 3586 1914 3641; x_wconf 90' lang='lat' dir='ltr'>uero</span> <span class='ocrx_word' id='word_1_293' title='bbox 1946 3554 2052 3664; x_wconf 86' lang='lat' dir='ltr'>aliquis</span> <span class='ocrx_word' id='word_1_294' title='bbox 2107 3546 2108 3559; x_wconf 43' lang='lat'>¹</span> 
     </span>
     <span class='ocr_line' id='line_1_30' title="bbox 174 3664 2051 3777; baseline -0.004 -28"><span class='ocrx_word' id='word_1_295' title='bbox 174 3754 177 3759; x_wconf 66' lang='grc'><strong>,</strong></span> <span class='ocrx_word' id='word_1_296' title='bbox 290 3669 525 3749; x_wconf 88' lang='lat' dir='ltr'>inuasurum</span> <span class='ocrx_word' id='word_1_297' title='bbox 553 3664 666 3746; x_wconf 91' lang='lat' dir='ltr'>curie</span> <span class='ocrx_word' id='word_1_298' title='bbox 694 3680 1059 3771; x_wconf 84' lang='lat' dir='ltr'>autpersonarum</span> <span class='ocrx_word' id='word_1_299' title='bbox 1096 3670 1274 3749; x_wconf 86' lang='lat' dir='ltr'>incuria</span> <span class='ocrx_word' id='word_1_300' title='bbox 1306 3697 1381 3777; x_wconf 90' lang='lat' dir='ltr'>pro</span> <span class='ocrx_word' id='word_1_301' title='bbox 1415 3697 1580 3751; x_wconf 82' lang='lat' dir='ltr'>excessu</span> <span class='ocrx_word' id='word_1_302' title='bbox 1615 3698 1690 3750; x_wconf 93' lang='lat' dir='ltr'>suo</span> <span class='ocrx_word' id='word_1_303' title='bbox 1726 3668 1917 3754; x_wconf 89' lang='lat' dir='ltr'>detentus</span> <span class='ocrx_word' id='word_1_304' title='bbox 1949 3665 2051 3755; x_wconf 88' lang='lat' dir='ltr'>fuerit,</span> 
     </span>
     <span class='ocr_line' id='line_1_31' title="bbox 290 3774 2053 3891; baseline -0.003 -32"><span class='ocrx_word' id='word_1_305' title='bbox 290 3806 396 3891; x_wconf 89' lang='lat' dir='ltr'>pena</span> <span class='ocrx_word' id='word_1_306' title='bbox 424 3777 587 3887; x_wconf 85' lang='lat' dir='ltr'>publica</span> <span class='ocrx_word' id='word_1_307' title='bbox 619 3776 821 3883; x_wconf 88' lang='lat' dir='ltr'>punietur.</span> <span class='ocrx_word' id='word_1_308' title='bbox 878 3774 1040 3885; x_wconf 91' lang='lat' dir='ltr'>Siquis</span> <span class='ocrx_word' id='word_1_309' title='bbox 1071 3794 1205 3863; x_wconf 86' lang='lat' dir='ltr'>autem</span> <span class='ocrx_word' id='word_1_310' title='bbox 1241 3784 1451 3863; x_wconf 87' lang='lat' dir='ltr'>temerarie</span> <span class='ocrx_word' id='word_1_311' title='bbox 1493 3783 1605 3863; x_wconf 88' lang='lat' dir='ltr'>curie</span> <span class='ocrx_word' id='word_1_312' title='bbox 1642 3781 1807 3891; x_wconf 85' lang='lat' dir='ltr'>plancas</span> <span class='ocrx_word' id='word_1_313' title='bbox 1846 3800 1916 3863; x_wconf 86' lang='lat' dir='ltr'>aut</span> <span class='ocrx_word' id='word_1_314' title='bbox 1955 3792 2053 3889; x_wconf 86' lang='lat' dir='ltr'>portas</span> 
     </span>
     <span class='ocr_line' id='line_1_32' title="bbox 289 3888 2053 4003; baseline -0.004 -28"><span class='ocrx_word' id='word_1_315' title='bbox 289 3891 481 3987; x_wconf 87' lang='lat' dir='ltr'>secuerit,</span> <span class='ocrx_word' id='word_1_316' title='bbox 518 3904 589 3969; x_wconf 87' lang='lat' dir='ltr'>aut</span> <span class='ocrx_word' id='word_1_317' title='bbox 618 3888 660 3966; x_wconf 89' lang='lat' dir='ltr'>in</span> <span class='ocrx_word' id='word_1_318' title='bbox 689 3889 840 3967; x_wconf 88' lang='lat' dir='ltr'>curiam</span> <span class='ocrx_word' id='word_1_319' title='bbox 870 3914 964 3967; x_wconf 88' lang='lat' dir='ltr'>arcu</span> <span class='ocrx_word' id='word_1_320' title='bbox 995 3888 1060 3969; x_wconf 92' lang='lat' dir='ltr'>uel</span> <span class='ocrx_word' id='word_1_321' title='bbox 1089 3890 1178 3971; x_wconf 91' lang='lat' dir='ltr'>aliis</span> <span class='ocrx_word' id='word_1_322' title='bbox 1205 3893 1325 3972; x_wconf 89' lang='lat' dir='ltr'>armis</span> <span class='ocrx_word' id='word_1_323' title='bbox 1353 3894 1625 4001; x_wconf 85' lang='lat' dir='ltr'>sagittauerit,</span> <span class='ocrx_word' id='word_1_324' title='bbox 1663 3910 1735 3975; x_wconf 91' lang='lat' dir='ltr'>aut</span> <span class='ocrx_word' id='word_1_325' title='bbox 1771 3896 1964 4003; x_wconf 87' lang='lat' dir='ltr'>impetum</span> <span class='ocrx_word' id='word_1_326' title='bbox 1991 3913 2053 3971; x_wconf 88' lang='lat' dir='ltr'>cun</span> 
     </span>
     <span class='ocr_line' id='line_1_33' title="bbox 290 3997 2108 4114; baseline 0.002 -28"><span class='ocrx_word' id='word_1_327' title='bbox 290 4001 496 4114; x_wconf 88' lang='lat' dir='ltr'>lapidibus</span> <span class='ocrx_word' id='word_1_328' title='bbox 523 3999 591 4081; x_wconf 89' lang='lat' dir='ltr'>uel</span> <span class='ocrx_word' id='word_1_329' title='bbox 620 3997 710 4079; x_wconf 88' lang='lat' dir='ltr'>aliis</span> <span class='ocrx_word' id='word_1_330' title='bbox 737 3997 898 4094; x_wconf 89' lang='lat' dir='ltr'>fecerit,</span> <span class='ocrx_word' id='word_1_331' title='bbox 926 4002 1138 4105; x_wconf 88' lang='lat' dir='ltr'>conuictus</span> <span class='ocrx_word' id='word_1_332' title='bbox 1167 4002 1383 4085; x_wconf 83' lang='lat' dir='ltr'>satisfaciet</span> <span class='ocrx_word' id='word_1_333' title='bbox 1411 4006 1453 4085; x_wconf 91' lang='lat' dir='ltr'>in</span> <span class='ocrx_word' id='word_1_334' title='bbox 1481 4004 1533 4087; x_wconf 90' lang='lat' dir='ltr'>X.</span> <span class='ocrx_word' id='word_1_335' title='bbox 1565 4034 1683 4107; x_wconf 87' lang='lat' dir='ltr'>marc.</span> <span class='ocrx_word' id='word_1_336' title='bbox 1709 3998 1885 4113; x_wconf 84' lang='lat' dir='ltr'>argenti.</span> <span class='ocrx_word' id='word_1_337' title='bbox 2106 4092 2108 4105; x_wconf 76' lang='grc'>,</span> 
     </span>
     <span class='ocr_line' id='line_1_34' title="bbox 361 4110 2055 4226; baseline -0.001 -33"><span class='ocrx_word' id='word_1_338' title='bbox 361 4205 363 4208; x_wconf 79' lang='lat'><em>.</em></span> <span class='ocrx_word' id='word_1_339' title='bbox 401 4115 504 4194; x_wconf 90' lang='lat' dir='ltr'>Item</span> <span class='ocrx_word' id='word_1_340' title='bbox 525 4110 718 4193; x_wconf 86' lang='lat' dir='ltr'>omnibus</span> <span class='ocrx_word' id='word_1_341' title='bbox 746 4111 1001 4191; x_wconf 82' lang='lat' dir='ltr'>venientibus</span> <span class='ocrx_word' id='word_1_342' title='bbox 1040 4110 1092 4193; x_wconf 89' lang='lat' dir='ltr'>ad</span> <span class='ocrx_word' id='word_1_343' title='bbox 1125 4116 1278 4195; x_wconf 89' lang='lat' dir='ltr'>curiam</span> <span class='ocrx_word' id='word_1_344' title='bbox 1314 4114 1520 4226; x_wconf 90' lang='lat' dir='ltr'>hospitum</span> <span class='ocrx_word' id='word_1_345' title='bbox 1562 4114 1843 4199; x_wconf 86' lang='lat' dir='ltr'>indifferenter</span> <span class='ocrx_word' id='word_1_346' title='bbox 1888 4133 1927 4199; x_wconf 92' lang='lat' dir='ltr'>et</span> <span class='ocrx_word' id='word_1_347' title='bbox 1965 4111 2055 4207; x_wconf 81' lang='lat' dir='ltr'>libert</span> 
     </span>
    </p>

    <p class='ocr_par' dir='ltr' id='par_1_10' title="bbox 290 4222 2057 4561">
     <span class='ocr_line' id='line_1_35' title="bbox 291 4222 2054 4337; baseline -0.002 -32"><span class='ocrx_word' id='word_1_348' title='bbox 291 4242 462 4337; x_wconf 88' lang='lat' dir='ltr'>possunt</span> <span class='ocrx_word' id='word_1_349' title='bbox 490 4222 666 4306; x_wconf 85' lang='lat' dir='ltr'>vendere</span> <span class='ocrx_word' id='word_1_350' title='bbox 697 4248 763 4301; x_wconf 90' lang='lat' dir='ltr'>res</span> <span class='ocrx_word' id='word_1_351' title='bbox 796 4248 908 4317; x_wconf 90' lang='lat' dir='ltr'>suas,</span> <span class='ocrx_word' id='word_1_352' title='bbox 947 4224 1044 4332; x_wconf 87' lang='lat' dir='ltr'>quia</span> <span class='ocrx_word' id='word_1_353' title='bbox 1084 4224 1237 4309; x_wconf 89' lang='lat' dir='ltr'>modica</span> <span class='ocrx_word' id='word_1_354' title='bbox 1275 4227 1339 4307; x_wconf 92' lang='lat' dir='ltr'>uel</span> <span class='ocrx_word' id='word_1_355' title='bbox 1377 4228 1486 4310; x_wconf 90' lang='lat' dir='ltr'>nulla</span> <span class='ocrx_word' id='word_1_356' title='bbox 1529 4247 1589 4311; x_wconf 88' lang='lat' dir='ltr'>est</span> <span class='ocrx_word' id='word_1_357' title='bbox 1623 4227 1863 4311; x_wconf 86' lang='lat' dir='ltr'>differeocia</span> <span class='ocrx_word' id='word_1_358' title='bbox 1900 4239 2054 4309; x_wconf 81' lang='lat' dir='ltr'>mercato</span> 
     </span>
     <span class='ocr_line' id='line_1_36' title="bbox 290 4332 2057 4450; baseline -0.004 -29"><span class='ocrx_word' id='word_1_359' title='bbox 290 4339 405 4421; x_wconf 85' lang='lat' dir='ltr'>ribus</span> <span class='ocrx_word' id='word_1_360' title='bbox 441 4336 548 4417; x_wconf 88' lang='lat' dir='ltr'>inter</span> <span class='ocrx_word' id='word_1_361' title='bbox 584 4333 781 4441; x_wconf 89' lang='lat' dir='ltr'>hospitem</span> <span class='ocrx_word' id='word_1_362' title='bbox 815 4353 856 4416; x_wconf 88' lang='lat' dir='ltr'>et</span> <span class='ocrx_word' id='word_1_363' title='bbox 890 4336 1212 4440; x_wconf 87' lang='lat' dir='ltr'>nogardiensem.</span> <span class='ocrx_word' id='word_1_364' title='bbox 1269 4338 1405 4419; x_wconf 89' lang='lat' dir='ltr'>Simile</span> <span class='ocrx_word' id='word_1_365' title='bbox 1441 4343 1519 4421; x_wconf 90' lang='lat' dir='ltr'>erit</span> <span class='ocrx_word' id='word_1_366' title='bbox 1553 4342 1604 4425; x_wconf 92' lang='lat' dir='ltr'>de</span> <span class='ocrx_word' id='word_1_367' title='bbox 1631 4342 1843 4450; x_wconf 89' lang='lat' dir='ltr'>empcione</span> <span class='ocrx_word' id='word_1_368' title='bbox 1880 4359 1921 4423; x_wconf 90' lang='lat' dir='ltr'>et</span> <span class='ocrx_word' id='word_1_369' title='bbox 1952 4332 2057 4420; x_wconf 83' lang='lat' dir='ltr'>vendi·</span> 
     </span>
     <span class='ocr_line' id='line_1_37' title="bbox 291 4446 1889 4561; baseline 0.004 -29"><span class='ocrx_word' id='word_1_370' title='bbox 291 4450 408 4541; x_wconf 86' lang='lat' dir='ltr'>cicne</span> <span class='ocrx_word' id='word_1_371' title='bbox 437 4464 551 4529; x_wconf 82' lang='lat' dir='ltr'>extra</span> <span class='ocrx_word' id='word_1_372' title='bbox 578 4447 753 4542; x_wconf 89' lang='lat' dir='ltr'>curiam,</span> <span class='ocrx_word' id='word_1_373' title='bbox 784 4447 895 4526; x_wconf 90' lang='lat' dir='ltr'>etin</span> <span class='ocrx_word' id='word_1_374' title='bbox 925 4471 975 4525; x_wconf 89' lang='lat' dir='ltr'>eo</span> <span class='ocrx_word' id='word_1_375' title='bbox 1002 4446 1127 4528; x_wconf 88' lang='lat' dir='ltr'>nichil</span> <span class='ocrx_word' id='word_1_376' title='bbox 1156 4447 1401 4561; x_wconf 90' lang='lat' dir='ltr'>delinquunt</span> <span class='ocrx_word' id='word_1_377' title='bbox 1429 4450 1602 4561; x_wconf 88' lang='lat' dir='ltr'>predicti</span> <span class='ocrx_word' id='word_1_378' title='bbox 1631 4472 1889 4537; x_wconf 85' lang='lat' dir='ltr'>mercatores.</span> 
     </span>
    </p>

    <p class='ocr_par' dir='ltr' id='par_1_11' title="bbox 291 4556 2108 4783">
     <span class='ocr_line' id='line_1_38' title="bbox 402 4556 2108 4673; baseline 0.002 -32"><span class='ocrx_word' id='word_1_379' title='bbox 402 4559 593 4667; x_wconf 86' lang='lat' dir='ltr'>Hospites</span> <span class='ocrx_word' id='word_1_380' title='bbox 621 4556 747 4639; x_wconf 86' lang='lat' dir='ltr'>libere</span> <span class='ocrx_word' id='word_1_381' title='bbox 782 4571 824 4638; x_wconf 91' lang='lat' dir='ltr'>et</span> <span class='ocrx_word' id='word_1_382' title='bbox 859 4560 945 4639; x_wconf 90' lang='lat' dir='ltr'>siue</span> <span class='ocrx_word' id='word_1_383' title='bbox 983 4560 1304 4643; x_wconf 88' lang='lat' dir='ltr'>contradictione</span> <span class='ocrx_word' id='word_1_384' title='bbox 1339 4566 1487 4673; x_wconf 87' lang='lat' dir='ltr'>pueros</span> <span class='ocrx_word' id='word_1_385' title='bbox 1523 4576 1617 4647; x_wconf 88' lang='lat' dir='ltr'>suos</span> <span class='ocrx_word' id='word_1_386' title='bbox 1643 4567 1813 4648; x_wconf 88' lang='lat' dir='ltr'>mittant</span> <span class='ocrx_word' id='word_1_387' title='bbox 1852 4562 1905 4648; x_wconf 90' lang='lat' dir='ltr'>ad</span> <span class='ocrx_word' id='word_1_388' title='bbox 1938 4561 2057 4645; x_wconf 73' lang='lat' dir='ltr'>doru</span> <span class='ocrx_word' id='word_1_389' title='bbox 2106 4582 2108 4595; x_wconf 85' lang='grc'><strong><em>·</em></strong></span> 
     </span>
     <span class='ocr_line' id='line_1_39' title="bbox 291 4669 1777 4783; baseline 0.002 -29"><span class='ocrx_word' id='word_1_390' title='bbox 291 4669 388 4755; x_wconf 91' lang='lat' dir='ltr'>dum</span> <span class='ocrx_word' id='word_1_391' title='bbox 416 4670 691 4783; x_wconf 85' lang='lat' dir='ltr'>loquelamin</span> <span class='ocrx_word' id='word_1_392' title='bbox 717 4684 865 4779; x_wconf 85' lang='lat' dir='ltr'>terram</span> <span class='ocrx_word' id='word_1_393' title='bbox 893 4696 1154 4782; x_wconf 89' lang='lat' dir='ltr'>quocumque</span> <span class='ocrx_word' id='word_1_394' title='bbox 1183 4675 1337 4756; x_wconf 90' lang='lat' dir='ltr'>uolunt.</span> <span class='ocrx_word' id='word_1_395' title='bbox 1772 4718 1777 4727; x_wconf 95' lang='lat'><em>·</em></span> 
     </span>
    </p>

    <p class='ocr_par' dir='ltr' id='par_1_12' title="bbox 292 4781 2108 5942">
     <span class='ocr_line' id='line_1_40' title="bbox 403 4781 2059 4899; baseline -0.001 -36"><span class='ocrx_word' id='word_1_396' title='bbox 403 4785 504 4865; x_wconf 88' lang='lat' dir='ltr'>ltem</span> <span class='ocrx_word' id='word_1_397' title='bbox 532 4783 584 4864; x_wconf 92' lang='lat' dir='ltr'>ab</span> <span class='ocrx_word' id='word_1_398' title='bbox 612 4781 778 4863; x_wconf 89' lang='lat' dir='ltr'>ecclesia</span> <span class='ocrx_word' id='word_1_399' title='bbox 802 4784 932 4863; x_wconf 90' lang='lat' dir='ltr'>sancti</span> <span class='ocrx_word' id='word_1_400' title='bbox 960 4785 1151 4894; x_wconf 85' lang='lat' dir='ltr'>nycholai</span> <span class='ocrx_word' id='word_1_401' title='bbox 1186 4784 1391 4899; x_wconf 85' lang='lat' dir='ltr'>usquead</span> <span class='ocrx_word' id='word_1_402' title='bbox 1418 4790 1571 4870; x_wconf 83' lang='lat' dir='ltr'>curiam</span> <span class='ocrx_word' id='word_1_403' title='bbox 1601 4784 1829 4898; x_wconf 87' lang='lat' dir='ltr'>hospitum,</span> <span class='ocrx_word' id='word_1_404' title='bbox 1873 4790 1975 4871; x_wconf 85' lang='lat' dir='ltr'>curia</span> <span class='ocrx_word' id='word_1_405' title='bbox 2000 4806 2059 4861; x_wconf 86' lang='lat' dir='ltr'>nou</span> 
     </span>
     <span class='ocr_line' id='line_1_41' title="bbox 292 4891 2061 5011; baseline -0.003 -30"><span class='ocrx_word' id='word_1_406' title='bbox 292 4894 417 4981; x_wconf 85' lang='lat' dir='ltr'>debet</span> <span class='ocrx_word' id='word_1_407' title='bbox 445 4895 636 5003; x_wconf 88' lang='lat' dir='ltr'>occupari</span> <span class='ocrx_word' id='word_1_408' title='bbox 670 4891 837 4975; x_wconf 88' lang='lat' dir='ltr'>edificiis</span> <span class='ocrx_word' id='word_1_409' title='bbox 864 4922 993 5006; x_wconf 87' lang='lat' dir='ltr'>usque</span> <span class='ocrx_word' id='word_1_410' title='bbox 1020 4894 1072 4977; x_wconf 84' lang='lat' dir='ltr'>ad</span> <span class='ocrx_word' id='word_1_411' title='bbox 1104 4897 1286 5005; x_wconf 91' lang='lat' dir='ltr'>plateam.</span> <span class='ocrx_word' id='word_1_412' title='bbox 1343 4900 1594 4983; x_wconf 89' lang='lat' dir='ltr'>Cimiterium</span> <span class='ocrx_word' id='word_1_413' title='bbox 1621 4902 1756 4983; x_wconf 91' lang='lat' dir='ltr'>sancti</span> <span class='ocrx_word' id='word_1_414' title='bbox 1775 4902 1888 5011; x_wconf 91' lang='lat' dir='ltr'>petri</span> <span class='ocrx_word' id='word_1_415' title='bbox 1915 4898 2061 5008; x_wconf 86' lang='lat' dir='ltr'>sepiatur</span> 
     </span>
     <span class='ocr_line' id='line_1_42' title="bbox 293 5002 2060 5127; baseline -0.003 -35"><span class='ocrx_word' id='word_1_416' title='bbox 293 5002 399 5092; x_wconf 73' lang='lat' dir='ltr'>sicut</span> <span class='ocrx_word' id='word_1_417' title='bbox 420 5007 590 5119; x_wconf 85' lang='lat' dir='ltr'>antiquo</span> <span class='ocrx_word' id='word_1_418' title='bbox 612 5021 849 5090; x_wconf 87' lang='lat' dir='ltr'>consuetum</span> <span class='ocrx_word' id='word_1_419' title='bbox 870 5024 950 5107; x_wconf 89' lang='lat' dir='ltr'>est,</span> <span class='ocrx_word' id='word_1_420' title='bbox 978 5023 1019 5090; x_wconf 89' lang='lat' dir='ltr'>et</span> <span class='ocrx_word' id='word_1_421' title='bbox 1039 5009 1160 5091; x_wconf 85' lang='lat' dir='ltr'>simili</span> <span class='ocrx_word' id='word_1_422' title='bbox 1188 5010 1309 5094; x_wconf 90' lang='lat' dir='ltr'>modo</span> <span class='ocrx_word' id='word_1_423' title='bbox 1338 5012 1449 5094; x_wconf 89' lang='lat' dir='ltr'>curia</span> <span class='ocrx_word' id='word_1_424' title='bbox 1474 5012 1776 5097; x_wconf 86' lang='lat' dir='ltr'>theutonicrum</span> <span class='ocrx_word' id='word_1_425' title='bbox 1798 5032 1842 5105; x_wconf 88' lang='lat' dir='ltr'>et</span> <span class='ocrx_word' id='word_1_426' title='bbox 1857 5010 2060 5127; x_wconf 76' lang='lat' dir='ltr'>golensium</span> 
     </span>
     <span class='ocr_line' id='line_1_43' title="bbox 1947 5872 2108 5942; baseline 0 0"><span class='ocrx_word' id='word_1_427' title='bbox 1947 5898 1956 5911; x_wconf 78' lang='grc'><em>·</em></span> <span class='ocrx_word' id='word_1_428' title='bbox 2071 5872 2108 5942; x_wconf 79' lang='lat' dir='ltr'>.l</span> 
     </span>
    </p>
   </div>
   <div class='ocr_carea' id='block_1_9' title="bbox 0 0 2172 5972">
    <p class='ocr_par' dir='ltr' id='par_1_13' title="bbox 0 0 2172 5972">
     <span class='ocr_line' id='line_1_44' title="bbox 0 0 2172 5972; baseline 0 0"><span class='ocrx_word' id='word_1_429' title='bbox 0 0 2172 5972; x_wconf 95' lang='lat' dir='ltr'> </span> 
     </span>
    </p>
   </div>
  </div>
 </body>
</html>
