4317 5975
933 432 1032 517 ⁸aa...
1140 445 1193 505 22
1303 432 1500 489 ...⁸¹

268 600 640 731 licitum-memoria
668 642 827 755 penitus
849 604 1060 721 eiulante.
1088 646 1263 752 propter
1286 641 1404 754 quod
1418 642 1583 726 multoe
1613 645 1756 728 notaui
1791 672 1907 729 senes
1934 654 2077 757 qnam·

116 774 125 781 “
269 784 395 871 quam
420 758 641 869 locupletes
668 781 804 835 rerum
825 752 1116 861 temporalium
1141 754 1340 872 jacturam
1366 759 1552 863 grauiter
1561 760 1799 841 incurrisse.
1811 788 1840 841 a
1853 787 1939 889 qno
1955 760 2078 843 michi
2141 837 2147 850 ,

268 874 394 979 cup'io
422 901 473 954 ne
488 870 625 953 simile
653 862 756 977 qnid
785 867 922 975 puniar
949 892 1024 975 per
1058 866 1240 949 diuinam
1269 870 1448 977 gratiam
1477 898 1700 981 precauere
1739 891 1950 981 presertim
1984 901 2080 956 cum

185 1048 187 1059 .
266 980 323 1065 ab
351 982 566 1066 heredibus
593 980 691 1060 meis
719 983 759 1058 8r
781 979 937 1085 generis
967 1004 1043 1087 pro
1064 979 1231 1061 solaciis
1252 1008 1341 1091 =que
1377 980 1431 1062 ab
1467 987 1524 1063 eis
1564 1011 1727 1093 sperare
1758 983 1966 1067 deberem-
1991 1010 2079 1067 mo·

270 1092 404 1177 lestias
430 1090 672 1199 multiplices
700 1089 847 1172 cotidie
855 1107 1053 1199 reporto.
1111 1091 1247 1195 Quam
1280 1092 1344 1175 :ob
1374 1120 1460 1175 rem
1498 1094 1556 1178 de
1585 1097 1705 1178 bonis
1733 1100 1842 1180 meis,
1870 1094 2079 1180 voluntate

270 1205 449 1317 perfecta
476 1204 682 1286 constanti
705 1197 846 1285 corde.
874 1204 1072 1315 requisito
1096 1207 1273 1287 consilio
1307 1204 1575 1289 discretorum
1603 1208 1772 1318 pronidi
1792 1210 1933 1291 taliter
1968 1209 2081 1293 ordi·

268 1314 462 1399 nandum.
492 1331 537 1397 vt
565 1315 687 1397 alicui
714 1317 757 1396 in
785 1316 868 1397 vita
896 1343 984 1397 mea
1010 1332 1169 1426 partem
1197 1318 1319 1417 decis
1333 1321 1806 1433 tribuamquises‘titum
1820 1321 1941 1403 michi
1955 1349 2080 1433 qnam

269 1428 342 1514 diu
369 1429 511 1509 vixero
541 1444 581 1509 ct
608 1428 727 1510 bonis
754 1430 851 1509 meis
887 1429 1025 1510 vtilem
1065 1428 1382 1514 sollicitudinem
1419 1432 1557 1517 ualeat
1598 1433 1801 1517 exhibere.
1859 1437 1924 1516 Do
1949 1436 2080 1541 igitur

268 1555 309 1623 et
338 1540 509 1647 assigno¹
527 1540 617 1623 viro
644 1540 870 1621 venerabili
889 1538 1057 1622 domiuo
1088 1543 1151 1625 .Μ.
1183 1542 1503 1653 Archiep'iscopo
1541 1545 1751 1654 upsalensi
1787 1548 1960 1655 eiusque
1988 1554 2079 1627 sire·

270 1650 497 1733 cessoribns
524 1652 568 1732 iu
595 1652 795 1760 vpsaleu'si
823 1652 989 1734 eeclesia
1017 1656 1214 1737 canonice
1242 1655 1512 1739 instituendis.
1545 1660 1684 1739 'vnum
1726 1673 1950 1738 torrentem
1986 1656 2080 1738 -siue

269 1762 357 1845 fors
373 1791 428 1869 tn
456 1759 669 1872 sltaetharg.
695 1792 788 1847 cum
817 1766 1031 1873 piscaturis
1064 1766 1124 1846 ibi
1160 1765 1439 1849 adiacentibus
1474 1770 1552 1850 sub
1582 1771 1663 1850 ista
1697 1766 1936 1849 condicione
1964 1768 2080 1878 quod

268 1872 526 1960 medietatem
554 1872 761 1956 fructuum
790 1874 841 1957 de
859 1877 1086 1987 'piscaturis
1113 1880 1334 1988 percipiam
1363 1907 1447 1989 quo
1475 1880 1530 1962 ad
1553 1882 1685 1961 uitam
1712 1909 1847 1962 meam
1877 1882 1995 1961 item
2016 1880 2081 1962 *ei-

198 2082 206 2091 *
270 1986 364 2071 dem
392 1984 502 2069 dicto
530 1986 707 2070 domiuo.
735 1985 790 2085 M,
817 2003 857 2069 et
886 1988 1066 2072 eiusdem
1094 1990 1392 2073 successoribus
1417 1989 1476 2072 do
1501 1997 1545 2071 '&
1572 1989 1957 2100 assignodimidiam
1969 1995 2081 2072 inar-

131 2148 136 2163 ·
228 2116 229 2119 ‘
269 2100 388 2199 cham
416 2111 526 2179 terre
553 2098 599 2179 in
623 2097 748 2183 Lnnd
777 2127 869 2181 cnm
897 2100 1152 2211 plenitudiue
1184 2131 1394 2211 agrorum.
1429 2119 1654 2211 pratorum.
1686 2130 1913 2187 nemorum.
1945 2102 2082 2212 pisca·

269 2228 470 2293 curarum„
498 2211 605 2294 Jtem
631 2209 884 2295 medietatem
913 2211 1128 2295 domorum
1156 2216 1200 2295 iu
1228 2212 1358 2298 fundo
1395 2213 1504 2297 dicte·
1539 2217 1652 2297 curie
1681 2215 1950 2297 ‘existencinm
1981 2241 2082 2323 per·
2123 2312 2128 2319 ,

153 2320 158 2333 ’
268 2338 395 2434 petua
423 2320 662 2407 donacioue.
689 2324 765 2405 bac
790 2324 1030 2433 condicione
1057 2325 1171 2436 quod
1200 2327 1287 2435 ipse
1314 2354 1378 2409 me
1407 2326 1603 2438 quamdin
1642 2330 1797 2410 vixero.
1840 2326 2080 2411 venirene

266 2432 639 2523 ineisdem,h0nis
667 2434 871 2519 advitam
900 2435 1144 2521 residentem
1172 2455 1360 2520 teneatur
1401 2445 1519 2541 tueri.
1546 2458 1672 2551 pront
1712 2440 1877 2523 utilitati
1924 2464 2010 2546 mee
2037 2445 2081 2523 8r

190 2544 199 2595 7
266 2548 417 2631 honori
445 2572 521 2627 suo
548 2545 656 2629 idem
685 2546 873 2631 dominus
900 2548 1121 2633 crediderit
1147 2552 1352 2660 expedire.
1380 2568 1426 2630 vt
1454 2552 1580 2659 igitur
1607 2552 1682 2633 hec
1711 2550 1886 2652 donacio
1909 2577 1995 2631 mea
2010 2578 2081 2632 ro,

237 2657 351 2743 ‘bur
378 2656 568 2741 obtineat
594 2676 792 2769 perpetue
827 2662 1027 2745 firmitatis
1063 2663 1320 2774 presentibus
1355 2663 1501 2744 litteris
1537 2664 1715 2771 sigillum
1751 2661 1923 2774 capituli
1960 2690 2083 2773 vpsa·

266 2770 389 2855 lensis
417 2797 493 2853 nec
518 2798 605 2852 nou
634 2772 830 2883 &sigilla
859 2773 1117 2856 dominorum
1145 2772 1400 2857 sacerdotnm
1427 2777 1501 2886 qui
1523 2775 1618 2859 huic
1633 2775 1889 2858 ordinacioni
1904 2800 1991 2857 mee
2004 2803 2083 2886 per
2132 2847 2136 2854 .

267 2883 405 2963 omnia
431 2880 707 2965 iuterfuerunt
735 2883 925 2967 videlicet
950 2886 1107 2967 Tbome
1134 2884 1187 2967 de
1215 2885 1436 2995 Almungir.
1478 2887 1636 2968 henrici
1676 2886 1728 2969 de
1765 2886 1961 2969 knutabii.
2004 2891 2082 2971 As·

265 2997 371 3078 aceri
398 2992 451 3075 de
478 2993 811 3102 hunungahaercd
838 2997 982 3076 Amelii
1011 2997 1062 3076 de
1098 2996 1287 3101 farungy.
1315 2995 1450 3079 karuli
1496 2999 1548 3081 de
1592 2998 1775 3082 baesabro
1816 3000 1982 3082 Ernesti
2026 2999 2082 3083 de

263 3103 543 3186 Thorstuuum
576 3121 674 3184 suut
707 3131 897 3212 appensa.
940 3108 1089 3185 Actum
1128 3110 1169 3186 &
1211 3104 1352 3187 datum
1392 3108 1502 3219 apud
1544 3109 1677 3195 Lund.
1748 3115 1869 3196 Anno
1911 3110 2079 3196 domini.

262 3211 780 3299 .M⁰.=GC⁰.LXXXVII.IX'.
809 3214 902 3296 Kal.
931 3214 1102 3323 Marcii·

898 3357 983 3422 uss
1003 3356 1094 3444 sign
1113 3358 1197 3422 uon
1216 3320 1344 3444 cycni
1362 3379 1454 3442 qur.

235 3609 411 3797 5934.
900 3647 1057 3794 ,1287
1106 3647 1155 3755 d.
1205 3688 1234 3794 7
1279 3651 1432 3755 Mars.
1869 3649 2092 3804 Upsala'

291 3813 293 3820 Α
342 3865 490 3932 'Utvalde
507 3864 761 3952 'lrle-Bislopen
783 3867 915 3932 Maurus
931 3871 1062 3935 'Boseons
1074 3872 1169 3956 intyg
1188 3891 1244 3935 om
1255 3871 1476 3957 emorragande
1493 3870 1536 3936 'af
1550 3868 1737 3956 lb'regiende
1746 3870 1823 3937 bref
1828 3873 1953 3941 ochom
1963 3877 2082 3944 Amida

324 3953 327 3966 ’
397 3949 602 4036 npptagande
622 3953 633 4012 i
654 3950 996 4054 lyrlans‘beskpdd..
1112 3985 1118 4002 ¹
2071 3972 2076 3980 “

1587 4022 1596 4045 “
1737 4039 1774 4097 a.
1791 4040 1814 4096 ³.
1831 4059 1855 4096 ι.
1872 4041 1944 4101 aaa

379 4135 581 4218 Oiun'ibus
607 4101 823 4246 presentes=
845 4138 1006 4219 'litteras
1025 4139 1288 4250 inspecturis.
1314 4140 1493 4225 Mucius
1518 4139 1587 4223 dei
1617 4142 1758 4251 *gracia
1793 4145 1958 4228 Electus
1994 4173 2082 4260 ‘rp-

61 4231 66 4242 ³
143 4311 145 4316 ,
262 4245 434 4332 'salensis
447 4247 611 4331 ecclesie
626 4245 1075 4333 consecratussalntem
1090 4254 1132 4333 in
1146 4251 1313 4336 domino
1327 4255 1624 4364 sempiternam.
1652 4253 1813 4338 Tenere
1828 4259 2083 4367 presentium

111 4461 120 4482 κ
263 4377 457 4444 constare
478 4361 671 4442 volumus
695 4361 896 4445 uniuersis
913 4361 1036 4476 quod
1058 4391 1141 4446 nos
1167 4364 1322 4448 litteras
1348 4366 1599 4478 subscriptas
1625 4365 1679 4448 ab
1699 4369 1885 4452 aruwido
1906 4369 1959 4452 de
1972 4371 2082 4457 lund

227 4525 231 4534 ·
268 4472 498 4557 exhibitore
520 4474 775 4582 presentium
794 4478 1096 4585 recepimus&
1122 4476 1347 4578 habuimus,
1367 4484 1409 4561 n
1434 4480 1513 4563 sub
1540 4495 1681 4562 nostra
1695 4480 1879 4564 custodia
1892 4510 2081 4569 reserua-

269 4609 372 4681 mm,
400 4585 443 4666 in
465 4585 546 4666 ‚hec
573 4585 713 4668 rerba.
733 4588 795 4669 ,ΙΝ
820 4590 983 4671 nomine
1007 4593 1075 4672 &c
1103 4590 1157 4672 Se
1157 4594 1419 4702 fir'rega'ende
1431 4594 1514 4676 Nro
1529 4593 1611 4700 933
1626 4592 1662 4700 *)
1684 4597 1750 4676 tdl
1763 4621 1955 4704 appensa.
1970 4592 2082 4706 (dag

216 4764 219 4772 ,
267 4697 342 4779 ocb
358 4699 772 4810 drciroutegldmdu)
800 4699 886 4782 Nos
905 4701 1029 4808 igitur
1045 4699 1254 4812 'prefatum
1282 4703 1483 4788 arwidnm
1511 4707 1650 4817 gracia
1681 4703 1959 4814 predictorum
1995 4707 2079 4790 sub

268 4807 481 4892 beatorum
496 4807 776 4922 Laurencij'&
790 4812 953 4897 lirici&
966 4829 1143 4899 nostram
1157 4819 1453 4928 protectionem
1467 4817 1686 4931 recipimus
1699 4844 1747 4898 ac
1765 4818 2080 4932 munimenepe-

259 4987 544 5012 Μ

303 5053 338 5132 ἢ)
359 5055 508 5144 Nemcen
522 5053 673 5144 adrisere
687 5056 769 5126 alera
789 5058 948 5148 ataugi,
961 5059 1121 5149 'tuntabd
1142 5059 1397 5156 bunncgbcre'bi,
1418 5063 1566 5152 Mureti]
1586 5060 1627 5130 de
1639 5059 1797 5175 Farnrg'i
1809 5059 1939 5130 Eelbrc.
