4317 5975
29 725 40 732 -
106 667 313 777 sapientis,
342 680 508 776 oportet
536 692 611 748 nos
637 667 743 750 diem
772 666 980 750 messionis
1015 683 1194 752 extreme
1235 667 1427 780 operibus
1455 667 1727 754 misericordie
1754 697 1900 783 praue·

108 782 210 875 nire,
243 806 290 858 ac
317 795 551 859 eternorum
579 779 730 858 intuitu
765 780 960 860 seminare
989 779 1177 864 interris
1218 779 1330 892 quod
1375 780 1570 863 reddente
1598 780 1764 863 domino
1806 809 1899 872 eunt

22 958 31 966 .
83 885 371 998 'multiplicato
399 885 538 970 fructu
568 889 800 1000 recolligere
828 889 1047 972 debeamus
1083 893 1124 972 in
1153 892 1265 989 celis,
1308 893 1411 974 Cum
1440 891 1566 1001 igitur
1605 893 1900 1004 Religiosarum

104 1000 352 1084 dominarum
381 1000 580 1081 abbatisse
610 1018 650 1080 et
677 1018 904 1083 conuentus
933 1001 974 1080 in
999 998 1194 1110 gudhem,
1236 1005 1469 1114 monasterii
1496 1006 1900 1090 circumsonasset

108 1115 183 1195 loci
209 1110 467 1194 condiciones
495 1113 650 1192 intenta
680 1111 1025 1194 consideraremus
1064 1111 1298 1220 diligencia,
1341 1113 1626 1224 perpendimus
1654 1113 1766 1226 quod
1793 1114 1899 1200 dicto

21 1321 31 1330 g
104 1223 261 1306 domiue
290 1225 453 1304 racione
482 1222 580 1318 loci,
610 1223 746 1304 multis
773 1223 981 1330 beneficiis
1008 1243 1247 1320 caruerunt,
1283 1252 1363 1334 que
1397 1225 1568 1308 faciliori
1610 1228 1731 1310 modo
1760 1230 1901 1339 acqui·
2027 1317 2034 1330 s

107 1354 236 1418 recent
264 1337 298 1416 si
328 1335 613 1416 monasterium
642 1361 780 1416 earum
809 1334 1049 1417 translatum
1076 1334 1184 1417 soret
1211 1334 1283 1416 ubi
1310 1364 1504 1447 aquarum
1549 1337 1752 1446 beneficiis
1779 1337 1901 1423 inuiti

106 1465 263 1558 possent
290 1463 332 1526 et
361 1446 514 1541 iuuari,
542 1447 638 1549 Quo
665 1448 772 1528 circa
800 1474 874 1529 nus
916 1474 1056 1527 earum
1098 1446 1301 1529 delectum
1343 1476 1419 1557 per
1459 1464 1595 1530 nostre
1638 1451 1900 1559 inposicionis
2021 1487 2025 1494 ¹

103 1559 294 1642 auxilium
323 1585 557 1639 succurrere
584 1559 812 1666 cupientes,
846 1559 923 1668 ipsi
953 1556 1114 1640 domine
1142 1559 1344 1640 abbatisse
1371 1577 1412 1642 et
1439 1559 1658 1642 cotrueatui
1687 1562 1782 1644 eius.
1817 1563 1898 1670 Cu7

104 1673 198 1752 riam
229 1685 406 1750 nostram
436 1696 596 1763 aranea,
624 1697 716 1749 curn
745 1671 934 1752 omnibus
961 1687 1002 1751 et
1028 1667 1198 1777 singulis
1226 1668 1333 1752 dicte
1361 1671 1472 1752 curie
1501 1671 1780 1781 pertinenciis,
1824 1701 1900 1782 pro

105 1782 273 1863 incuset
302 1777 431 1860 fundo
459 1780 710 1889 monasterij,
739 1782 984 1864 contulimus
1009 1780 1128 1888 pleno
1144 1783 1231 1862 iure
1248 1798 1447 1892 perpetuo
1465 1779 1760 1892 possidendam,
1789 1785 1900 1888 Qua·

105 1922 145 1974 re
172 1919 310 1972 omnes
338 1912 378 1974 et
406 1891 585 2000 singulos
613 1895 686 2001 qui
715 1908 918 2001 parentes,
949 1891 1221 2002 propinquos,
1247 1921 1317 1972 seu
1339 1914 1532 2001 cognatos
1555 1921 1676 2003 penes
1705 1897 1813 2004 ipsas
1827 1893 1900 1978 do·

106 2007 226 2084 minas
255 2005 295 2083 in
326 1999 503 2110 gudhem
531 2003 711 2111 sepultos
739 2003 1189 2100 habuerint,instanter
1205 2003 1447 2113 requirimus
1475 2022 1517 2087 et
1544 2007 1759 2116 Rogamus.
1789 2007 1910 2112 Qua·-

105 2118 208 2196 tinus
237 2141 472 2195 consensum
503 2143 644 2195 eorum
673 2132 713 2194 et
743 2114 1077 2210 beniuolentiam,
1106 2115 1227 2196 immo
1268 2115 1495 2223 specialiter
1522 2115 1574 2198 ad
1604 2116 1682 2197 hoc
1713 2116 1900 2202 laborare
2035 2135 2041 2154 ⁸

103 2246 141 2308 et
167 2225 378 2333 cooperari
408 2225 534 2304 velint
563 2225 741 2331 ipsorum
785 2225 947 2333 auxilijs
989 2229 1223 2334 oportunis,
1268 2228 1444 2335 precium
1475 2245 1702 2309 nostrarum
1746 2229 1900 2310 intuitu

88 2361 141 2417 tet
162 2355 320 2432 amore,
353 2351 396 2415 vt
424 2333 530 2416 dicte
566 2336 727 2417 dominc
756 2338 798 2417 in
827 2337 1002 2444 gudhem
1032 2339 1316 2418 monasterium
1359 2365 1495 2419 earum
1537 2367 1627 2418 cum
1657 2339 1899 2447 corporibus

103 2447 248 2529 ibidem
275 2447 444 2555 sepultis
461 2449 658 2528 inaranes
680 2448 894 2529 transferre
925 2449 1091 2554 possint.
1119 2450 1253 2557 gracia
1285 2449 1519 2557 monasterii
1548 2449 1697 2530 ibidem
1713 2466 1899 2530 constru·
1986 2489 1992 2508 ι

49 2620 65 2632 ,
102 2559 204 2644 endi.
234 2561 383 2638 Datum
401 2559 577 2665 visingsat
597 2588 707 2639 anno
722 2556 876 2641 domini
904 2560 978 2641 M⁰.
994 2559 1133 2641 CCC⁰.
1150 2559 1281 2640 Vttt·.
1311 2560 1362 2641 Jn
1377 2575 1521 2642 octaua
1544 2561 1652 2643 beati
1673 2561 1900 2671 Laurencij.
2068 2579 2074 2586 ·

193 2703 337 2786 sigilles,
360 2703 417 2765 Neo
442 2725 454 2766 r
481 2702 605 2786 mycket
625 2702 772 2781 skadodt,
793 2703 851 2767 Nto
873 2721 891 2764 a
915 2709 1019 2765 etstan
1040 2699 1250 2784 l'ullsttadigt,
1272 2701 1312 2788 pa
1334 2721 1452 2766 remsor
1474 2701 1592 2787 llippta
1613 2721 1652 2765 ur
1673 2701 1803 2766 brelrct

111 3064 267 3223 1597.
731 3066 873 3175 1308
920 3066 968 3172 d.
1014 3086 1090 3197 24
1136 3066 1265 3213 Aug.
1561 3136 1565 3143 -
1630 3064 1899 3177 Sktrlrind

163 3255 373 3400 ‘Heptigaraq
386 3251 566 3400 Epppshoph
588 3254 789 3319 Waaotms
808 3254 998 3338 slyddsbrel
1015 3255 1066 3318 hir
1096 3254 1286 3339 Lialiipiogs
1318 3250 1502 3340 Domljrha
1525 3254 1564 3341 pt
1585 3254 1649 3319 alla
1670 3255 1737 3320 deas
1757 3255 1899 3320 erhdllne

244 3362 288 3401 n·
311 3357 348 3399 oc
394 3360 410 3399 r
454 3358 483 3419 rg
507 3357 584 3399 cer.
829 3363 834 3373 ·

1605 3418 1764 3490 bhhn

213 3556 360 3637 Earcus
397 3572 438 3635 et
473 3576 760 3636 waaorusaus
796 3554 862 3639 dei
890 3557 1024 3663 gracia
1067 3554 1190 3636 duces
1233 3580 1435 3637 sweorum
1475 3557 1664 3640 omnibus
1706 3554 1900 3661 dyocesin

99 3673 368 3777 lincopensem
399 3665 718 3749 inhabitantibus
746 3665 793 3773 jn
819 3669 985 3751 domino
1012 3670 1189 3775 graciam
1224 3663 1483 3747 dilectionem
1512 3684 1552 3749 ct
1578 3668 1759 3751 salutem.
1787 3667 1901 3749 Licet
2034 3752 2039 3759 ,

96 3781 149 3864 ad
176 3782 297 3861 huius
325 3780 438 3887 regni
467 3806 607 3859 omnes
636 3778 820 3858 ecclesias
865 3778 994 3858 zelum
1039 3776 1275 3859 deuocionis
1315 3793 1523 3857 teneamur
1552 3778 1701 3859 habere
1730 3778 1900 3859 maxime

94 3914 232 3975 tamen
260 3888 314 3969 ad
354 3890 559 3972 ecclesiam
603 3888 876 3995 lincopensem
919 3915 1042 3998 quam
1087 3887 1370 3993 Progenitores
1410 3890 1537 3968 nostri
1566 3887 1793 3997 specialiter
1820 3886 1899 3969 sibi

95 4004 218 4086 titolo
248 3998 514 4083 vendicarunt
537 4000 622 4083 Nos
650 3999 773 4107 igitur
801 4004 981 4109 ipsorum
1025 3996 1202 4104 vestigiis
1247 3996 1430 4080 inherere
1469 3997 1650 4081 volentes
1680 3996 1900 4107 predictam
1987 4033 2020 4107 j
2075 4059 2081 4079 .

80 4115 301 4198 'ecclesiam
331 4141 417 4223 quo
445 4109 497 4192 ad
525 4112 661 4193 omnia
697 4109 789 4217 jura
830 4109 1096 4192 ecclesiastica
1124 4124 1165 4189 et
1192 4108 1435 4219 episcopalia
1464 4137 1710 4223 quocunque
1738 4112 1907 4191 nomine
1989 4168 1994 4174 -

11 4291 13 4322 ;
94 4242 336 4310 censeantur
363 4252 409 4304 ea
439 4251 521 4334 que
570 4223 822 4329 temporibus
862 4220 1155 4303 venerabilium
1198 4238 1358 4328 patruus
1387 4218 1642 4305 dominorum
1676 4222 1831 4305 henrici
1859 4236 1901 4311 et

11 4338 13 4375 ³
94 4338 302 4423 benedicti
330 4337 614 4445 episcoporum
642 4332 792 4416 ibidem
819 4332 947 4415 felicis
975 4333 1165 4413 memorie
1187 4330 1342 4440 prefata
1370 4330 1573 4441 gaudebat
1605 4333 1769 4417 ecclesia
1799 4358 1900 4440 gau·
1988 4406 1993 4427 ,

94 4452 196 4534 dere
226 4477 298 4558 per
334 4448 468 4527 omnia
506 4444 694 4528 volumus
726 4446 925 4529 libertate.
960 4445 1055 4526 Nou
1089 4441 1347 4525 obstantibus
1387 4446 1547 4525 statutis
1585 4446 1936 4555 quibuscunque

91 4562 217 4647 editis
244 4558 310 4641 uel
339 4576 481 4639 contra
511 4556 717 4640 libertates
744 4554 1032 4640 ecclesiasticas
1066 4553 1342 4663 promulgatis.
1371 4554 1634 4637 Prohibemus
1664 4557 1831 4639 firmiter
1858 4573 1900 4637 et
1948 4549 1957 4561 ’

25 4693 29 4701 “
94 4675 283 4758 districte
311 4696 362 4751 ne
388 4672 480 4778 quis
515 4668 712 4776 prefatam
748 4667 952 4750 ecclesiam
983 4674 1027 4748 in
1057 4667 1259 4775 premissis
1290 4665 1447 4749 iuribus
1476 4666 1545 4765 uel¹
1570 4668 1612 4747 iu
1641 4665 1778 4777 aliquo
1808 4694 1907 4777 pre-1

92 4788 311 4867 missorum
340 4797 545 4890 presumat
572 4778 638 4860 uel
683 4780 831 4862 audeat
873 4776 1039 4863 turbare
1083 4774 1291 4860 offendere
1325 4802 1396 4857 seu
1429 4775 1659 4886 aliqualiter
1688 4778 1900 4861 molestare

88 4899 215 4979 sicuti
247 4894 442 4974 ulcionem
473 4907 648 4972 nostram
677 4892 856 4972 strictam
885 4888 1066 4999 effugere
1083 4886 1179 4969 uelit
1194 4902 1235 4968 et
1257 4884 1472 4969 vindictam
1501 4888 1650 4972 Datum
1680 4886 1898 4973 slierlrind.

90 5016 221 5093 Anno
250 5004 404 5087 domini
432 5000 472 5084 Μ
500 5002 614 5100 CCC,
643 5002 743 5084 Vlll
767 4998 835 5084 die
863 5000 969 5083 beati
998 4996 1267 5082 bartholomei
1295 4998 1483 5108 apostoli.
