4317 5975
746 431 856 504 ,-·
956 387 1047 498 ⁶29
1135 429 1215 496 .-

69 535 275 770 ’,ιδφ
427 623 490 744 ·,
749 619 1262 770 131o‚d.7'Sept.
1603 615 1934 758 narsetem„
2062 672 2064 679 ι

183 808 495 878 ussermannus
512 806 575 883 orb
595 778 801 893 hancque
821 809 1200 904 Mimantis-salubres
1217 811 1260 900 pu
1280 826 1321 872 en
1343 807 1406 870 lntt
1428 807 1440 874 i
1462 825 1502 872 en
1526 817 1587 892 eng
1608 805 1660 871 till
1681 808 1905 885 iliisKettils·

118 899 124 908 ’
224 915 296 956 sous
318 893 415 973 enka,
436 892 660 975 Fru'Bengla.
1652 974 1681 1029 A
1706 973 1725 1028 6

1648 991 1653 1002 ’
1682 1012 1689 1030 ι
1725 991 1773 1028 A·

216 1078 433 1174 Omnibus,
463 1075 515 1157 ad
543 1102 648 1187 quos
675 1091 882 1186 presentes
912 1076 1046 1158 littere
1073 1078 1347 1188 perueneriut.
1376 1077 1628 1172 Brunntcrus
1658 1101 1907 1164 rmrrnssou.

10 1260 12 1263 ⁴
114 1208 150 1272 et
176 1189 426 1271 lllraeamma
453 1213 570 1269 soror
603 1214 686 1270 sua.
724 1186 893 1268 salutem
928 1188 974 1296 jn
1008 1185 1174 1269 domino
1215 1191 1494 1298 sempiternam
1538 1187 1701 1269 Tenore
1737 1217 1906 1296 presen·
1957 1271 1960 1278 ,
2071 1251 2077 1258 ,

113 1305 224 1403 cium.
254 1315 441 1382 constare
468 1298 672 1396 volumus,
701 1298 903 1380 Omnibus
931 1299 1173 1399 Euidenter,
1202 1323 1276 1379 nos
1310 1297 1441 1380 nobili
1476 1301 1660 1397 domine,
1692 1299 1908 1382 Benedicte
1945 1334 1949 1342 ·

114 1414 243 1494 relicte
272 1411 426 1494 domini
462 1410 636 1492 nicholai
673 1408 891 1492 lsiaetilsson
920 1426 1046 1491 totam
1074 1429 1232 1522 partem
1262 1413 1304 1491 in
1333 1426 1454 1521 prato
1483 1409 1593 1492 dieto
1614 1409 1909 1494 hiardaewiikk.
1960 1448 1966 1458 ¹

114 1523 159 1606 ad
188 1551 259 1604 nos
289 1523 579 1632 pertinentem,
608 1548 683 1629 per
709 1537 831 1602 testes
857 1519 1052 1621 idoneos.
1081 1551 1129 1604 ac
1157 1524 1284 1605 eciam
1312 1518 1532 1604 secundum
1561 1521 1693 1630 legum
1722 1523 1910 1621 formam,

115 1634 429 1718 testimonialiter
457 1632 684 1715 vendidisse
712 1636 792 1715 Pro
820 1635 958 1741 precio
995 1632 1262 1744 competeutj,
1290 1631 1500 1719 humiliter
1533 1631 1826 1742 supplicantes,
1856 1665 1910 1715 ne
2050 1661 2051 1664 ‘

115 1749 199 1860 quis
227 1773 501 1827 successorum
540 1751 782 1827 nostrdrum.
822 1772 895 1825 seu
922 1747 1075 1856 quiuis·¹
1088 1747 1212 1844 alter,
1241 1744 1389 1826 dictam
1419 1743 1597 1826 nobilem
1629 1740 1907 1855 domjjnamlll
1960 1829 1972 1844 ,

11 1928 13 1931 .
115 1864 193 1942 siue
208 1856 376 1940 heredes
394 1860 481 1938 eius
495 1856 601 1936 velit.
623 1871 695 1936 aut
711 1874 905 1955 conetur,
937 1885 1059 1966 super
1088 1855 1165 1938 hae
1193 1856 1444 1938 condicione.
1475 1854 1708 1954 Molestare,
1737 1856 1800 1937 vel
1823 1875 1908 1937 tur·
2041 1865 2046 1874 “

116 1973 224 2068 bare,
255 1997 324 2048 seu
353 1966 661 2078 quomodolibet
690 1965 888 2075 jnpedire.
946 1967 1010 2048 Ad
1039 1967 1147 2049 istud
1179 1985 1311 2048 autem
1341 1963 1655 2078 precauendum.
1686 1993 1737 2045 ne
1764 1968 1805 2047 in
1836 1995 1908 2078 po·
2031 2025 2033 2032 ι

114 2099 257 2163 starum
287 2078 420 2188 aliqua
450 2080 576 2190 possit
604 2077 668 2160 vel
697 2075 854 2158 debeat.
882 2078 1158 2161 cauillacionis
1186 2081 1351 2160 materia
1380 2076 1577 2184 suborirj,
1598 2075 1730 2184 sigillo
1744 2093 1911 2178 nostr0,·

114 2221 186 2273 vua
215 2219 306 2272 cum
334 2189 474 2298 sigillis
503 2187 769 2273 discretorum
799 2190 987 2272 videlicet
1014 2190 1169 2272 domini
1198 2190 1388 2298 johannis
1415 2193 1466 2272 de
1496 2186 1673 2284 liaberet,
1690 2205 1730 2269 et
1745 2191 1909 2272 Domini

116 2305 274 2413 gislonis
302 2301 439 2382 clerici
466 2301 644 2383 ciusdem
672 2300 834 2382 domiue
860 2301 915 2384 .B.
944 2319 1149 2409 presentes
1184 2302 1358 2399 litteras,
1401 2300 1589 2382 duximus
1628 2298 1909 2382 lloborandas.
2043 2339 2046 2354 ·

115 2423 276 2510 Actum,
313 2429 355 2493 et
388 2414 548 2494 Datum.
578 2408 815 2496 kalsbaelsoe.
887 2415 1009 2496 Anno
1036 2413 1203 2496 domini.
1234 2413 1306 2494 ΜΟ.
1336 2413 1471 2496 ccc0.
1499 2409 1668 2492 decimo.
1698 2410 1742 2521 jn
1772 2412 1910 2521 vigilia

117 2525 337 2609 natiuitatis
366 2525 533 2635 virginis
560 2525 747 2636 gloriose.
969 2527 975 2532 “

312 2652 316 2658 ’
606 2722 609 2729 .
629 2666 755 2751 sigillet
775 2667 812 2732 Ν.
839 2687 850 2732 t
875 2665 1026 2750 stataet,
1049 2689 1068 2731 2
1090 2666 1151 2732 och
1174 2667 1193 2731 3
1213 2664 1397 2731 bortfallna.

126 3032 292 3183 1693.
635 3170 643 3185 g
751 3040 904 3147 1310
950 3038 1000 3145 d.
1042 3038 1089 3145 8.
1115 3038 1258 3187 Sept.
1499 3032 1502 3039 “
1614 3018 1912 3184 Stegebo'rg.

668 3204 672 3211 .
987 3181 1003 3212 fl
1376 3186 1380 3193 '

193 3225 336 3309 Kooung
356 3225 488 3289 Bracms
506 3223 702 3288 smdustelse
723 3228 767 3313 pa
788 3228 844 3291 det
863 3226 962 3311 byte,¹
985 3226 1196 3309 hmrigenom
1218 3224 1363 3307 Konung
1385 3225 1520 3307 Magnus
1540 3220 1672 3286 erhtllit
1693 3222 1764 3308 jord
1786 3226 1797 3287 i
1818 3225 1914 3288 Wal-

235 3310 357 3386 munsii‚
379 3308 494 3393 Ekehy
513 3308 577 3370 och
587 3306 867 3392 hospitalstomten
885 3310 940 3372 vid
961 3308 1168 3388 Stoekbolm,
1190 3308 1228 3369 as
1244 3307 1366 3392 Upsala
1387 3305 1576 3390 domkyrka,
1599 3316 1685 3367 emot
1707 3306 1777 3391 jord
1799 3308 1809 3368 i
1831 3309 1937 3370 Nor··

118 3428 122 3435 ·
235 3388 281 3474 by
302 3394 313 3453 i
333 3392 491 3473 Wingru,
511 3393 524 3453 i
544 3392 755 3476 Hunabybro,
775 3394 868 3455 lisket
887 3392 991 3455 under
1011 3393 1095 3455 bron
1117 3395 1129 3454 i
1150 3390 1271 3475 Upsala
1294 3390 1357 3453 oob
1388 3390 1498 3452 baliva
1533 3390 1573 3449 dn
1605 3390 1647 3472 pd
1679 3398 1726 3451 ett
1758 3388 1915 3458 hestbmdt

200 3497 204 3506 ’
236 3474 379 3553 aistind,
399 3473 524 3537 bvilket
544 3472 622 3558 byte
644 3478 792 3541 Marsken
817 3474 963 3540 Thorkel
993 3476 1160 3539 Knutsson
1181 3478 1202 3537 b
1221 3474 1360 3537 kronans
1392 3483 1513 3557 viguar
1535 3470 1685 3535 lalandrat
1703 3472 1769 3539 ,och
1791 3474 1915 3557 kyrkem

236 3556 371 3619 affiiudl
392 3556 463 3644 jord
485 3558 496 3619 i
517 3555 648 3643 Husahy
667 3563 732 3627 Rro
754 3559 817 3625 och
838 3558 924 3641 stat,
945 3579 1014 3621 som
1036 3580 1081 3621 nu
1102 3556 1289 3621 dtersttilles.

1667 3633 1701 3690 A.
1719 3638 1744 3692 3.
1763 3655 1786 3694 a.
1842 3626 1846 3635 ’

226 3741 440 3822 Bracaros
463 3740 533 3850 'dei
571 3743 707 3853 gracia
735 3766 939 3823 sweorum
984 3742 1281 3850 gothorumque
1322 3740 1420 3821 Rex.
1463 3738 1665 3823 Omnibus
1713 3758 1916 3849 presentes
2084 3802 2093 3811 .

114 3853 269 3932 litteras
297 3853 557 3961 inspecturis.
614 3852 792 3933 Salutem
818 3852 865 3958 >in
903 3850 1068 3933 domiuo
1104 3852 1400 3959 sempiternam.
1473 3852 1675 3931 Nouerint
1716 3850 1933 3945 vuluersi,
2005 3942 2007 3950 .
2096 3872 2105 3891 ·

112 3961 228 4076 quod
259 3964 342 4043 Nos
371 3956 715 4071 permutationem
744 3961 997 4070 prediorum,
1040 3988 1116 4069 per
1153 3962 1258 4041 bone
1299 3965 1488 4041 memorie
1530 3977 1687 4071 patrem
1733 3978 1917 4041 nostrum

36 4074 40 4077 ’
112 4076 378 4161 karissimum
397 4071 603 4155 dominum
631 4074 843 4182 Magnum,
871 4072 1020 4178 Regem
1049 4072 1195 4152 swecie
1224 4070 1439 4170 illustrem,
1471 4100 1563 4154 cum
1592 4067 1757 4153 ecclesia
1801 4100 1917 4182 vpsa-

114 4189 217 4268 lensi
245 4185 340 4268 olim
370 4184 516 4281 iactam
545 4184 597 4267 de
630 4183 781 4294 prediis
808 4182 1095 4291 infrascriptis,
1123 4180 1311 4264 videlicet
1340 4184 1379 4264 in
1410 4182 1668 4277 Walmunzp.
1705 4180 1917 4263 Tredecim

111 4298 198 4379 oris
236 4314 344 4377 terre
371 4302 465 4385 cum'
492 4294 679 4395 dimidio,
708 4313 748 4376 et
777 4292 940 4381 duobus
968 4291 1145 4375 denariis
1174 4322 1266 4374 cum
1295 4288 1482 4391 dimidio,
1511 4294 1562 4375 Jn
1592 4290 1728 4403 Ekihy
1762 4292 1918 4375 duode·
1968 4308 1973 4317 “

111 4412 193 4493 cim
222 4411 305 4491 oris
333 4422 461 4505 terre,
489 4425 529 4488 et
556 4435 648 4489 area
677 4424 761 4489 tota
797 4406 872 4489 sita
913 4432 1042 4514 prope
1077 4404 1329 4500 stocholmis,
1371 4407 1413 4486 in
1456 4434 1535 4518 qua
1578 4404 1798 4517 aliquando
1837 4404 1942 4517 surt-

112 4520 262 4603 domus
306 4518 577 4626 leprosorum,
620 4519 828 4600 Cimiterio
869 4514 1078 4597 dumtaxat
1107 4531 1290 4624 excepto.
1347 4518 1437 4621 Que
1469 4514 1606 4627 predia
1649 4516 1754 4625 jdem
1801 4532 1917 4625 pater

114 4649 257 4716 noster
298 4629 444 4711 babuit
473 4628 525 4713 de
553 4631 639 4738 ipsa
676 4628 854 4710 Ecclesia
890 4626 1089 4739 vpsatensi
1140 4626 1497 4736 Recompensaudo
1540 4626 1618 4708 sibi
1646 4630 1687 4707 in
1718 4627 1916 4735 Wingru,

113 4747 159 4826 in
191 4742 285 4824 villa
315 4742 482 4842 Norbir,
511 4742 656 4851 viginti
691 4739 792 4822 duas
819 4766 912 4821 oras
941 4755 1068 4836 terre,
1097 4740 1148 4819 ln
1178 4738 1336 4847 lrusaby
1364 4738 1460 4829 bro,
1489 4736 1692 4819 dimidiam
1714 4738 1916 4821 Marcham

10 4878 15 4883 '
113 4870 249 4951 terre,
279 4856 384 4934 Jtem
412 4854 624 4965 piscariam
652 4850 807 4963 vpsalie
833 4850 910 4934 sub
939 4866 1082 4960 ponte,
1119 4865 1160 4929 et
1196 4848 1449 4931 medietatem
1491 4850 1649 4959 ampnis
1685 4848 1834 4932 ibidem
1864 4850 1917 4932 ad
2058 4916 2063 4922 .

109 4960 687 5150 ⁰r³⁶¹¹¹⁰¹l¹,’1l,2„¹,⁰¹}135t⁰d⁵¹¹⁰
714 4979 996 5067 sexcentorum
1023 4962 1320 5074 quinquaginta
1349 4959 1519 5071 pedum,
1552 4988 1633 5072 que
1667 4961 1725 5043 sic
1751 4960 1816 5124 irbi
1845 4962 1918 5042 tri·
1981 4960 1984 4965 ’
2050 5032 2053 5041 .
