4317 5975
840 496 896 520 ·-
1009 450 1089 533 303
1200 480 1285 511 -·

137 666 203 772 gis
232 666 383 762 svecie,
402 683 441 746 rt
465 665 705 749 venerahilis
735 670 861 777 patris
890 667 1041 749 domini
1072 670 1135 750 .N.
1166 672 1384 779 upsalensis
1414 672 1723 782 archiepiscopi,
1752 691 1790 754 et
1806 671 1946 755 fratris

137 777 264 857 Olaui
294 780 554 885 prouincialis
583 775 705 859 dacie.
736 809 814 859 vna
858 807 949 859 cum
993 785 1163 888 proprio
1193 784 1448 890 presentibus
1477 787 1793 895 sunt'appensa.
1861 786 1942 864 Da·

138 904 231 969 tum
267 886 376 997 apud
414 892 619 1001 antiquam
661 890 916 997 sightoniam.
951 894 1071 971 Anno
1107 892 1261 974 domini
1299 895 1356 975 M·
1381 894 1466 977 CC‘
1502 898 1769 1004 Nonagesimo
1809 897 1940 990 Nono.

136 998 493 1105 Dominieainlra
514 1017 678 1083 octauas
709 1003 827 1088 beati.
843 1003 1006 1083 Martini
1036 1002 1288 1085 confessoris.
1852 1026 1855 1029 ’

741 1127 891 1212 sigillent
920 1152 931 1192 1
958 1127 1069 1205 hortu
1091 1130 1173 1207 ²-l
1193 1129 1344 1191 skadede.

145 1444 317 1632 rapa.
734 1500 914 1640 '1299
961 1494 997 1601 d
1045 1533 1116 1657 ²]
1166 1496 1293 1602 Nov.
1730 1496 1940 1602 Baerem.
1980 1486 1995 1650 Ἰ

218 1678 453 1765 drhebiskopen
476 1658 547 1745 Nus
567 1682 733 1747 Accessere
754 1684 860 1766 intyg,
891 1693 939 1745 att
965 1682 1029 1746 baa
1056 1695 1228 1765 emottaget
1247 1684 1268 1747 8
1289 1681 1380 1744 mark
1402 1657 1577 1767 penningar
1603 1681 1640 1743 al
1656 1682 1773 1745 Priora
1794 1682 1805 1742 i
1827 1682 1940 1762 δίμυ-

303 1786 341 1825 oa
364 1764 473 1841 lsrael,
511 1766 560 1825 liir
588 1766 634 1827 St.
665 1768 752 1829 Petri
782 1766 900 1851 kyrios
926 1767 1073 1849 rflkuing,
1104 1765 1272 1831 hvaremot
1293 1787 1332 1828 en
1354 1765 1445 1827 marl
1468 1764 1537 1853 iord
1559 1764 1569 1825 i
1591 1762 1725 1848 Bildahy
1747 1763 1866 1827 lemnae
1887 1764 1938 1825 till

302 1847 434 1907 nimnde
457 1848 567 1930 lyris.

1625 1928 1786 1985 aaa&

253 2032 462 2111 Vniuersis
504 2048 706 2140 presentes
756 2033 910 2114 litteras
955 2033 1218 2143 inspecturis,
1249 2035 1458 2114 Nacouaus
1494 2031 1631 2114 diuina
1676 2034 1938 2115 miseracione

129 2142 461 2251 archiepiscopus
490 2143 720 2251 upsalensis,
748 2142 915 2239 salutern
946 2143 988 2227 in
1013 2144 1179 2227 domino
1206 2146 1503 2252 sempiternam,
1532 2144 1727 2225 Constare
1750 2142 1938 2225 volumus

132 2282 210 2364 per
241 2270 471 2383 presentes,
484 2251 595 2365 quod
624 2256 708 2335 Nos
736 2256 843 2336 Octo
872 2252 1055 2339 Marchas
1075 2256 1167 2339 den.
1183 2284 1204 2334 a
1220 2256 1424 2363 Religioso
1438 2258 1526 2336 viro
1541 2255 1664 2335 fratre
1681 2255 1834 2365 israele,
1850 2256 1936 2363 pri·

129 2391 206 2445 ore
241 2366 472 2445 sictoniensr
508 2368 734 2475 recepimus
770 2368 812 2445 in
855 2367 1066 2450 utilitatem
1111 2366 1277 2448 ecclesie
1321 2368 1430 2462 beati
1475 2367 1580 2475 petri
1614 2368 1783 2448 sictonie
1817 2369 1935 2448 cuias
1976 2414 1980 2417 -
2098 2384 2103 2399 ’

128 2474 240 2584 jdem
283 2474 613 2586 quandocunque
661 2478 810 2557 Rector
854 2477 1006 2574 luerat,
1046 2476 1360 2576 conuertendas,
1403 2476 1482 2558 Sed
1517 2480 1629 2588 quia
1660 2475 1791 2559 dictas
1838 2494 1935 2559 octo

128 2586 315 2667 marchas
344 2590 385 2667 in
416 2615 507 2667 vsus
536 2603 696 2668 nostros
723 2591 1015 2687 connectimus,
1046 2592 1130 2671 Nos
1160 2588 1323 2684 utilitati
1351 2588 1516 2670 ecclesie
1544 2588 1726 2699 predicte
1746 2585 1934 2670 videlicet

103 2697 242 2793 ,beati
284 2699 406 2806 petri,
435 2704 474 2778 8r
502 2697 714 2779 commodo
743 2701 909 2781 rectoris
938 2702 1024 2781 eius
1052 2699 1262 2782 intendere
1290 2702 1500 2809 cupientes
1527 2726 1646 2781 ruam
1676 2728 1788 2781 oram
1824 2716 1935 2780 terre

112 2809 298 2891 invilla
338 2807 506 2907 hildahir
542 2809 784 2890 sub·incola
815 2826 955 2892 nostro
983 2810 1144 2893 hanone
1178 2813 1297 2892 sitam
1338 2814 1586 2918 assignamus
1622 2817 1662 2891 &
1688 2812 1931 2920 appropria-

132 2918 222 3002 mus
254 2920 374 3029 pleno
401 2920 491 3027 jure
520 2948 592 3030 per
621 2939 824 3030 presentes
853 2938 1077 3032 prouentus
1106 2950 1177 3005 seu
1205 2918 1386 3002 redditus
1415 2918 1464 3002 de
1492 2922 1599 3003 dicta
1636 2949 1707 3003 ora
1742 2940 1850 3004 terre
1886 2923 1931 3002 in
2008 2989 2014 2998 .

131 3049 338 3142 posterum
377 3033 493 3111 annis
532 3033 699 3140 singulis
727 3035 1021 3142 proueniantes,
1051 3033 1249 3147 equaliter
1278 3034 1383 3114 inter
1419 3059 1631 3141 personam
1659 3039 1699 3114 8r
1736 3034 1929 3115 fabricam

128 3145 257 3254 ipsius
285 3141 450 3224 ecclesie
479 3142 625 3223 dehere
664 3143 792 3224 diuidi
822 3143 1095 3242 declarantes,
1133 3145 1178 3253 jn
1207 3144 1354 3224 horum
1396 3144 1521 3250 igitur
1557 3142 1722 3225 euidens
1750 3151 1951 3248 testimu-¹

128 3257 267 3350 nium,
302 3253 475 3360 sigillum
522 3270 702 3334 nostrum
751 3259 1005 3362 presentibus
1040 3274 1100 3337 est
1146 3273 1391 3365 appensum,
1433 3254 1581 3335 Datum
1616 3253 1725 3362 apud
1763 3255 1929 3336 Baeremi

124 3392 240 3447 anno
268 3363 423 3446 domini
450 3364 679 3461 lllillesimo,
708 3365 809 3448 CC‘.
838 3365 929 3447 XCl
967 3369 1098 3464 Nono,
1128 3368 1287 3470 Quinto
1314 3363 1391 3444 lral.
1419 3363 1664 3445 Decembris.

586 3507 709 3591 sigillet
730 3507 879 3588 sladadt,
900 3509 941 3595 pt
963 3531 1000 3572 en
1025 3531 1064 3574 ur
1085 3509 1210 3572 hrelvet
1231 3507 1337 3593 llippt
1357 3527 1467 3570 rernm.

131 3825 304 4015 ¹²93·
795 3911 942 4018 1299
988 3873 1037 3982 d.
1084 3877 1115 3980 5
1161 3873 1285 3980 Dec.
1727 3869 1915 4016 Upsala

206 4056 292 4120 Cam,
317 4054 529 4117 Garocassom
554 4055 722 4138 Bytesbrel'
747 4057 788 4142 pt
815 4055 922 4139 godai
951 4055 1060 4122 Walla
1089 4079 1129 4119 m.
1157 4056 1190 4121 fl.
1211 4069 1265 4138 rt,
1285 4079 1352 4121 som
1375 4055 1493 4120 lemnae
1519 4055 1569 4120 till
1592 4053 1825 4140 iriehislopen
1848 4053 1927 4132 liris,

167 4177 179 4198 ,
292 4149 378 4202 mot
397 4136 475 4218 gode
496 4139 506 4200 i
528 4139 652 4224 Berghy
670 4131 734 4202 'och
756 4138 832 4205 llera
853 4139 972 4204 stillen-
1564 4223 1588 4276 A
1619 4221 1648 4275 ἀ
1661 4239 1677 4276 ⁸
1703 4239 1727 4277 ι
1748 4221 1782 4276 3,

235 4324 443 4406 Vniuersis
471 4337 676 4433 presentes
705 4324 857 4404 litteras
888 4323 1148 4430 inspecturis,
1205 4324 1404 4406 torosos
1433 4347 1725 4420 cascosrssou,
1754 4321 1923 4404 salutem
2020 4343 2036 4368 -’

118 4437 166 4515 in
197 4430 362 4514 domino
389 4436 683 4543 sempiternam,
711 4435 870 4517 Tenere
899 4435 1149 4542 presencium
1178 4429 1282 4515 lucio
1311 4435 1575 4531 manifestum,
1609 4462 1670 4515 me
1686 4462 1776 4516 cum
1793 4434 1924 4514 Reue-

117 4543 255 4640 rendo
289 4561 405 4654 patre
444 4545 610 4628 domino
654 4546 825 4628 Nicolao
869 4541 1007 4626 diuina
1053 4546 1331 4642 miseracione,
1374 4547 1678 4654 archiepiscopo
1724 4545 1925 4655 upsalensi
1968 4631 1980 4641 ,

122 4653 359 4766 prediorum
398 4657 738 4767 permutacionem
774 4656 912 4738 fecisse
948 4657 991 4736 in
1026 4657 1136 4736 hunc
1179 4655 1363 4754 modum,
1398 4657 1583 4740 videlicet
1618 4655 1731 4766 quod
1762 4656 1925 4755 hahuit,

119 4767 174 4849 de
213 4794 294 4866 me,
321 4766 534 4851 duodecim
562 4796 653 4850 oras
680 4786 807 4865 terre,
837 4769 877 4848 in
909 4767 1001 4846 villa
1030 4766 1180 4848 vallum
1210 4768 1401 4876 parochie
1436 4767 1715 4874 slrieptunum,
1742 4767 1841 4877 jtem
1878 4771 1922 4850 in

120 4879 248 4974 Runa
293 4880 485 4989 parochia
528 4878 627 4960 aker
667 4877 770 4960 duos
810 4876 960 4962 solidos
1003 4897 1110 4960 terre
1145 4907 1236 4960 cum
1272 4877 1459 4974 dimidio,
1491 4877 1589 4986 jtem
1624 4881 1666 4960 in
1706 4881 1792 4987 ipsa
1828 4880 1922 4960 villa

122 5003 313 5072 ostunum
349 5017 465 5074 vnam
501 5017 614 5071 oram
649 5007 777 5090 terre,
802 4991 900 5100 jtem
937 4991 980 5069 in
1017 4989 1230 5096 hierghum
1259 4988 1450 5098 parochie
1478 4987 1583 5089 aher,
1612 5009 1790 5103 quatuor
1825 4990 1922 5071 soli·
2063 5056 2067 5060 Α
