4317 5975
844 449 902 469 ..
1010 406 1086 504 lu
1179 448 1263 518 Ι...

144 628 258 709 mino
284 630 406 711 Petro
433 624 485 730 de
514 622 697 736 eliaeryth
732 624 867 707 Fratri
897 654 1000 709 meo.
1023 643 1069 709 vt
1104 628 1182 739 ipsi
1210 628 1261 713 de
1291 624 1367 709 biis
1393 654 1437 711 se
1461 625 1637 713 'fideliter
1676 630 1952 715 intromittant

144 758 185 823 et
213 738 353 821 debito
381 738 549 848 effectuj
579 738 830 847 mancipent,
857 739 1077 821 secundum
1107 739 1218 852 quod
1248 740 1453 827 voluerint
1479 743 1521 822 iu
1551 758 1733 825 extremo
1754 747 1950 842 examine,
2007 790 2018 817 .

145 880 281 933 coram
310 852 505 933 altissimo
534 849 671 964 judice
701 848 958 961 respondere.
992 851 1045 933 ln
1072 852 1341 955 buiusautem
1370 848 1643 937 ordinacionis
1671 872 1713 937 et
1741 856 1837 939 lacti
1866 857 1953 935 eui·
2033 848 2038 855 ’

145 964 327 1045 denciam
356 982 398 1046 et
426 964 775 1045 confirmacionem
809 964 1033 1071 pleniorem
1062 965 1238 1073 sigillum
1268 992 1399 1046 meum
1430 985 1509 1049 tna
1535 994 1627 1049 cum
1650 968 1791 1079 sigiliis
1819 966 1952 1049 dioto·

88 1092 96 1106 ·
145 1104 235 1156 rum
277 1073 462 1159 videlicet
503 1067 833 1156 lobannis'lrali
863 1074 935 1184 lilij
965 1075 1043 1185 mcj
1085 1092 1127 1157 et
1169 1076 1324 1186 dominj
1353 1076 1552 1177 petendo
1594 1078 1778 1180 eliserith
1816 1079 1954 1160 fratris

145 1186 223 1295 maj
253 1188 508 1295 presentibus
536 1202 631 1267 sunt
663 1212 854 1294 appensa.
894 1190 1041 1269 Actum
1070 1191 1191 1269 Anno
1221 1186 1374 1297 dontinj
1404 1188 1491 1270 .Μ“.
1521 1191 1655 1275 CCC'.
1684 1194 1854 1299 Quarto.
1897 1192 1951 1271 Jn
2073 1246 2076 1257 -

143 1298 209 1380 die
239 1296 353 1410 Beatj
380 1297 571 1409 Gregorij
601 1324 717 1405 pape.
834 1339 837 1343 ⁴
1047 1369 1053 1379 „

606 1408 749 1491 sigilles:
770 1408 829 1470 lito
854 1426 864 1469 s
890 1404 950 1469 oola
973 1428 991 1470 2
1014 1407 1203 1488 bortlsllos3
1227 1406 1288 1473 Nto
1309 1408 1328 1471 3
1349 1408 1491 1481 sladadt.

22 1716 29 1729 ,
156 1655 325 1768 1422.
766 1638 917 1791 1304
966 1638 1014 1744 d.
1039 1617 1042 1626 ’
1063 1640 1136 1745 26
1183 1641 1335 1748 Mars.
1776 1594 1950 1749 Sisara.

225 1825 433 1969 Domprosteo
456 1824 575 1888 Bracae
596 1826 606 1887 i
627 1822 727 1887 διατι
749 1826 936 1905 Frirllariog
957 1826 1039 1887 loiris·
1059 1824 1173 1910 Bislop
1192 1808 1342 1909 Bryuoll',
1364 1837 1413 1891 att
1433 1826 1474 1890 de
1494 1824 1569 1909 gods
1591 1823 1653 1901 ba‘n
1675 1826 1751 1911 lr'ipt
1772 1828 1784 1892 i
1805 1800 1951 1894 Ranllrir

276 1929 315 1971 oe
359 1908 543 1989 Blomberg,
556 1918 609 1972 tro
630 1909 737 1994 liiptm
760 1910 829 1972 isle
851 1909 904 1971 [δι’
921 1908 1097 1991 lraosegns,
1119 1918 1194 1971 uteo
1216 1910 1266 1973 tor
1286 1909 1751 1999 Domprosterietsmedel,ocb
1769 1912 1859 1974 alites
1882 1913 1952 1975 det-

277 2012 394 2055 samma
417 1992 553 2071 tilllriira.

1574 2103 1585 2118 κ
1699 2074 1735 2130 Λ.
1751 2075 1776 2130 6.
1794 2094 1818 2132 a.

206 2297 211 2307 ,
254 2210 457 2294 Omnibus
484 2236 651 2319 presens
678 2210 873 2318 scriptum
892 2206 1177 2306 cernentibus,
1207 2207 1459 2293 Brarmcrus
1487 2212 1680 2293 scarensis
1709 2213 1950 2321 prepositus,

140 2320 319 2403 Salutem
348 2321 395 2430 jn
422 2320 589 2403 domino
616 2324 914 2431 sempiternam.
943 2320 1202 2403 Constitutus
1229 2318 1274 2429 jn
1306 2323 1512 2430 presencia
1541 2322 1783 2403 venerabilis
1811 2326 1950 2431 patris,

139 2433 306 2514 Domini
333 2432 572 2542 briniulphi
599 2435 793 2515 scarensis
821 2432 1036 2541 Episcopi,
1067 2446 1109 2512 et
1141 2432 1318 2542 Capituli
1346 2432 1429 2531 sui,
1466 2432 1660 2515 testificor
1689 2449 1731 2515 et
1758 2434 1952 2542 pupplice
1988 2460 2027 2538 j,

140 2542 413 2653 recognosco,
440 2542 553 2655 quod
580 2545 714 2626 omnia
745 2559 787 2626 et
813 2542 972 2652 singula
1002 2540 1141 2653 predia
1171 2542 1359 2653 empticia
1387 2572 1468 2657 que
1498 2544 1630 2631 habeo
1657 2544 1702 2654 ju
1733 2544 1951 2627 ranakrum

139 2670 184 2736 et
214 2656 504 2765 blomaebiaerg,
532 2656 696 2738 nonde
724 2654 844 2748 bonis
878 2682 950 2735 seu
987 2651 1214 2737 redditibus
1259 2656 1609 2765 patrimonialibus
1650 2655 1713 2739 ve'l
1743 2659 1951 2755 maternis,

139 2790 214 2847 seu
244 2767 379 2866 luero,
408 2767 600 2866 artilicio,
628 2767 693 2849 nel
722 2767 919 2849 industria
949 2766 1133 2877 qualibet
1162 2765 1385 2877 personali,
1412 2766 1481 2851 sed
1506 2766 1842 2875 deprouentibus
1859 2794 1952 2876 pre·

142 2879 325 2986 positure
354 2878 650 2977 tantummodo,
677 2878 1016 2990 conquisiueram.
1044 2876 1185 2959 volens
1214 2879 1401 2977 firmiter,
1429 2880 1540 2992 quod
1557 2878 1668 2983 dicta,
1690 2876 1842 2998 predia·
1858 2906 1949 2980 cum
2029 2946 2031 2955 ,

141 2991 445 3084 omnibussuis
472 2989 728 3089 adiacenciis,
757 2992 862 3072 intra
891 3005 1008 3102 sepes
1035 3007 1077 3072 et
1105 3007 1242 3087 extra,
1272 2993 1527 3100 prepositure
1542 2991 1729 3090 scarensi,
1759 2987 1948 3100 adquam
1973 3059 1980 3066 ,
2095 3095 2099 3106 ι

141 3097 198 3182 de
224 3101 316 3211 jure
345 3105 571 3213 pertinent,
601 3103 647 3213 jn
676 3116 935 3212 perpetuum,
972 3119 1052 3184 tarn
1083 3129 1145 3183 mc
1175 3101 1368 3184 defuncto
1395 3131 1517 3213 quam
1547 3105 1731 3199 uiuente,
1775 3099 1962 3183 debeant

142 3216 363 3321 pertinere.
394 3215 455 3296 Ne
482 3215 609 3325 igitur
636 3217 851 3325 quisquam
882 3211 1075 3295 heredum
1107 3240 1287 3296 meorum
1312 3213 1375 3303 vel
1405 3213 1650 3324 quisalius,
1680 3213 1816 3296 colore
1846 3241 1949 3323 quo·

141 3323 244 3407 libet
271 3327 455 3437 quesito,
484 3354 556 3408 seu
583 3328 810 3436 excogitata
841 3325 1019 3421 malicia,
1054 3323 1258 3434 sepedicta
1296 3323 1438 3434 predia
1481 3345 1573 3433 post
1601 3342 1769 3408 mortem
1801 3353 1951 3422 meam,

141 3437 294 3544 juiuste
322 3447 479 3546 petere,
509 3438 744 3535 vendicare,
766 3465 838 3518 seu
868 3464 1070 3546 occupare
1099 3436 1230 3517 valeat
1247 3437 1308 3516 vel
1339 3441 1567 3544 attemptet,
1595 3466 1671 3518 vna
1702 3466 1791 3517 cnm
1818 3435 1951 3544 sigillo
2084 3467 2115 3529 ῃ

89 3618 99 3625 .
140 3547 373 3658 Reuerendj
401 3549 545 3658 patris,
576 3550 740 3630 Domini
767 3549 821 3634 .B.
849 3550 1045 3630 scarensis
1072 3547 1264 3657 Episcopi
1294 3547 1538 3661 supradicti,
1566 3549 1950 3658 sigillumCapituli

139 3661 357 3757 warensis,
384 3677 425 3740 et
452 3661 626 3770 sigillum
657 3688 788 3742 meum
825 3661 1036 3768 proprium
1081 3659 1338 3768 presentibus
1367 3661 1517 3770 apponi
1550 3659 1648 3770 leci,
1691 3662 1741 3740 Jn
1772 3661 1951 3739 testimo-

141 3773 255 3851 nium
285 3787 326 3851 et
355 3769 604 3854 euidenciam
649 3772 935 3883 premissorum
976 3770 1212 3880 pleniorem.
1255 3771 1419 3852 'Datum
1469 3773 1604 3854 scaris.
1647 3799 1754 3851 anno
1784 3771 1949 3852 domini.
1998 3783 2004 3798 '
2080 3861 2085 3869 Ι

117 3881 443 3972 ,recocunt
471 3883 517 3993 jn
545 3913 642 3968 cena
673 3882 837 3966 aomina.

161 4025 213 4128 Pri
223 4024 421 4108 frainsidan:
440 4029 489 4094 ua
511 4028 599 4094 bonis
620 4030 650 4091 iu
671 4047 837 4092 musarum
857 4037 889 4088 et
911 4020 1123 4130 blomelsyerg
1144 4023 1301 4108 requisitis
1323 4043 1378 4109 per
1399 4020 1558 4120 domiuum
1577 4024 1775 4087 benedictum
1798 4025 1928 4134 tuatonis

543 4143 672 4228 sigillata
693 4145 754 4208 lito
780 4166 791 4208 ι
817 4142 877 4207 och
901 4163 920 4204 s
941 4141 1119 4221 horitan-r,
1141 4143 1199 4204 ttro
1221 4140 1240 4202 3
1263 4149 1366 4202 ntstuo
1388 4138 1545 4202 oslsdudt.

86 4411 91 4420 ’
149 4369 324 4504 1423.
765 4374 914 4504 1304
961 4269 1133 4479 diro
1179 4371 1340 4522 April.
1766 4443 1773 4463 ·
1826 4368 1947 4476 Slso.
2069 4353 2080 4368 ’

229 4559 422 4626 Abbedissau
446 4559 606 4626 Rsnronos
626 4560 688 4623 orb
710 4563 916 4626 &summi
939 4560 1003 4624 sko
1024 4560 1144 4623 kloster
1176 4561 1334 4644 Fullmsgt
1355 4565 1403 4624 fiir
1425 4561 1513 4624 eleros
1535 4564 1649 4645 tjenare
1671 4557 1871 4641 Westgiithe,
1903 4572 1949 4621 att

156 4643 165 4656 '
231 4709 236 4720 ,
278 4645 427 4734 bortbpta
449 4645 469 4707 5
490 4646 655 4726 ortuglsod
677 4645 745 4728 jord
766 4649 776 4708 i
797 4647 915 4708 Kumla
938 4647 984 4707 till
1007 4647 1213 4728 Domprostrn
1242 4645 1379 4708 Andreas
1400 4649 1409 4706 i
1431 4645 1565 4728 Upsola,
1598 4655 1663 4707 mot
1685 4643 1726 4730 3}
1747 4643 1947 4728 iirtuglundi

142 4766 146 4772 «
276 4727 459 4812 Strymsta,
478 4738 560 4792 urat
580 4729 622 4815 pt
642 4729 742 4812 tinget
761 4732 780 4792 d
801 4731 944 4792 blostreis
965 4737 1078 4809 ’ΝΜ
1100 4729 1173 4790 d‘lf'
1196 4729 1278 4810 Sim
1301 4729 1389 4792 sm·
1691 4809 1715 4864 Α
1744 4811 1760 4863 ³
1784 4813 1811 4864 n,

127 4921 130 4924 ’
258 4945 467 5028 Vniuersis
495 4965 701 5053 presentes
735 4947 889 5029 litteras
904 4918 1157 5055 inspecturis,
1186 4943 1322 5041 Soror,
1353 4945 1406 5042 R,
1435 4949 1627 5030 sororum,
1650 4947 1689 5026 in
1721 4943 1794 5026 sko
1820 4943 1945 5024 abba·

136 5057 241 5139 tissa
271 5073 466 5168 totusque
493 5074 720 5142 conuentus
749 5059 915 5141 salutem
950 5060 990 5136 in
1021 5057 1188 5138 domino
1218 5057 1470 5140 vniuersitati
1502 5075 1632 5139 uestre
1647 5085 1721 5165 per
1736 5071 1944 5165 presentes
