4317 5975
956 433 1381 499 *112⁴-

268 624 377 731 tem,
410 635 680 719 scotacioncm
714 632 894 745 legitima
933 648 978 717 et
1017 634 1249 747 approbata
1288 626 1515 715 secundum
1562 628 1694 739 patrie
1735 626 2057 719 consuetudinem

270 749 428 832 scoteni
454 746 640 830 videlicet
667 775 791 829 manu
819 774 907 829 mea
935 776 1028 829 cum
1057 747 1245 838 manibus
1268 746 1491 828 astancium
1519 740 1634 824 haste
1661 742 1860 851 apposita,
1888 768 1953 849 ex·
1968 772 2057 831 con·

270 884 395 941 sensu
418 855 557 942 dilecti
584 861 718 945 mariti
746 860 824 941 mei
858 860 1025 942 Bosonis
1053 866 1094 943 81
1120 858 1292 941 honesto
1319 858 1447 938 milite
1476 851 1643 937 domino
1678 854 1865 935 Toluone
1900 882 1972 962 per
2004 885 2059 941 mc

270 985 394 1051 etex
421 987 535 1079 parte
563 1000 650 1053 mea
681 971 808 1055 verba
833 972 987 1083 quibus
1012 988 1176 1053 sectans
1210 971 1339 1054 utitur
1372 968 1606 1079 proferente
1641 968 1747 1053 sieut
1785 976 1952 1072 rogatus
1992 967 2062 1051 luit

271 1106 347 1191 per
375 1106 437 1161 me
463 1086 506 1163 &
533 1082 762 1192 predictum
790 1085 979 1164 maritum
1007 1111 1141 1165 meum
1173 1080 1458 1174 transfer-endo
1496 1080 1539 1161 in
1577 1074 1954 1189 ipsumdominum
1987 1105 2063 1162 sca·

270 1188 433 1273 mensem
459 1198 777 1277 &successores
803 1198 890 1277 eius
918 1212 966 1275 ut
992 1210 1150 1276 tactum
1175 1210 1238 1275 est
1265 1195 1568 1304 possessionem.
1605 1190 1911 1301 proprietatem.
1946 1188 2064 1293 domi-

168 1312 171 1319 ’
272 1302 387 1383 nium
413 1308 456 1386 81
481 1331 604 1387 omne
632 1309 696 1389 ius
722 1306 834 1419 quod
865 1307 961 1387 mihi
987 1303 1040 1389 de
1069 1305 1189 1387 dictis
1214 1306 1340 1388 curiis
1366 1323 1409 1387 ct
1444 1330 1587 1385 earum
1619 1301 1882 1411 pertinenciis
1917 1329 2065 1411 compe·

271 1413 387 1493 tebat
416 1416 592 1497 Domino
619 1419 670 1501 N.
696 1420 897 1499 canonico
917 1419 1100 1500 scarensi
1124 1417 1292 1499 ecclesie
1318 1417 1539 1527 recipiente
1571 1412 1777 1525 predictas
1809 1415 2066 1497 scotacionem

272 1532 317 1605 81
344 1528 653 1611 translacionem
684 1533 972 1640 possessionem
1007 1560 1056 1610 ac
1096 1530 1359 1639 proprietatis
1386 1530 1474 1610 vice
1501 1544 1544 1607 et
1571 1528 1738 1607 nomine
1764 1525 1977 1606 memorati
2002 1524 2066 1607 do·

32 1670 34 1677 ·
116 1658 119 1667 ‘
160 1666 161 1669 ‘
273 1639 385 1766 mini·
400 1641 584 1749 episcopi
616 1643 812 1722 scarensis
847 1643 1053 1752 premissis
1092 1641 1284 1722 omnibus
1322 1638 1562 1722 renunciaui
1604 1638 1768 1749 puplice
1809 1653 1860 1727 et*
1894 1664 2067 1746 expresse

274 1774 387 1831 omm
416 1752 496 1831 auri
522 1753 750 1833 accioni'&
778 1755 1014 1863 excepcioni
1042 1770 1162 1865 atque
1189 1752 1304 1835 omni
1322 1752 1484 1833 auxilio
1513 1750 1648 1861 legum
1684 1766 1726 1830 et
1762 1749 1862 1831 iuris
1897 1750 2069 1831 canonici
2116 1818 2121 1825 .

275 1860 345 1941 uel
371 1862 504 1942 ciuilis
523 1858 590 1973 ¹jta
620 1864 735 1976 quod
763 1880 846 1945 tam
874 1864 1092 1946 heredibus
1127 1866 1224 1945 meis
1262 1891 1388 1975 qnam
1428 1861 1527 1944 mihi
1562 1863 1693 1943 omnis
1722 1861 1896 1943 facultas
1922 1860 2071 1941 sublata

273 1988 337 2052 est
366 1972 588 2081 predictam
618 1976 866 2086 legacionem
894 1978 959 2060 vel
988 1977 1273 2085 premissorum
1300 1972 1479 2085 aliquod,
1507 1974 1593 2055 vllo
1613 2000 1803 2083 umquam
1818 1990 2069 2081 tempore...

242 2186 245 2195 ι
275 2085 442 2165 accione
470 2086 639 2168 alicuius
668 2115 871 2169 reuocare.
897 2085 1106 2196 sepedicto
1133 2116 1233 2170 vero
1255 2086 1424 2172 domino
1444 2087 1621 2167 scarensi
1631 2100 1672 2166 et
1686 2084 1858 2165 cuilibet
1871 2085 1958 2165 eius
1972 2110 2070 2163 man·

277 2192 422 2277 datum
449 2197 618 2278 habenti
648 2216 887 2307 potestatem
916 2227 1191 2281 concesseram
1220 2226 1284 2281 me
1309 2198 1468 2280 sublata
1495 2194 1548 2277 de
1577 2196 1711 2277 medio
1737 2197 1876 2277 statim
1907 2196 2071 2277 auctmi

167 2374 172 2381 .
274 2321 360 2387 tate
390 2312 556 2416 propria
584 2311 809 2421 &absque
838 2312 1035 2420 principis
1062 2317 1104 2391 81
1130 2307 1274 2393 iudicis
1299 2308 1520 2391 cuiuslibet
1547 2307 1817 2418 requisicione
1852 2323 1897 2388 et
1931 2306 2071 2417 absque

276 2416 359 2497 vlla
388 2420 487 2499 iuris
509 2422 669 2529 proprij
699 2422 861 2519 lesione,
889 2420 998 2503 dicta
1027 2422 1136 2503 bona
1163 2428 1205 2504 81
1230 2423 1365 2504 curias
1394 2419 1573 2502 intrandi
1600 2417 1829 2528 occupandi
1851 2415 2071 2529 possidendi
2128 2447 2129 2450 ‘

275 2528 478 2613 vendendi
504 2530 717 2641 obligandi
745 2539 1071 2643 &quocumque
1100 2531 1222 2615 modo
1257 2534 1433 2615 voluerit
1472 2558 1522 2613 ac
1562 2533 1731 2641 poterit.
1757 2528 1988 2613 ordinandi.
2025 2531 2071 2608 ln

276 2642 460 2721 omnium
486 2660 625 2724 autem
660 2646 945 2751 premissorum
974 2647 1250 2726 testimonium
1277 2662 1400 2725 testes
1422 2645 1574 2748 ,vocaui
1602 2648 1645 2723 &
1672 2642 1725 2723 ad
1753 2643 1832 2725 hoc
1861 2640 2072 2752 specialiter

235 2828 241 2838 .
277 2753 424 2860 rogaui
453 2751 731 2861 infrascriptos
760 2783 864 2866 quos
893 2762 932 2837 &
959 2757 1089 2863 sigilla
1116 2785 1190 2838 sua
1227 2757 1372 2867 rogaui
1406 2781 1618 2866 apponere
1652 2754 1748 2837 huic
1783 2758 1942 2864 scripto
1976 2749 2075 2832 vide·

276 2860 595 2947 licet-dominos.
630 2865 885 2946 Tholuonem
914 2886 1066 2973 paetaers
1084 2894 1174 2947 sun.
1203 2868 1401 2949 Beronem
1428 2867 1669 2949 canonicum
1688 2862 2072 2947 Scarensisecclcsie

87 3003 89 3010 '
154 2993 164 3001 ’
276 2972 529 3060 Asmuudum
557 2993 753 3058 rectorem
781 2978 946 3058 ecclesie
975 2977 1337 3087 Sundraesbiraergh
1364 2982 1405 3057 &
1446 2979 1699 3087 prepositum
1741 2977 1924 3088 qualine.
1966 2974 2074 3056 Nico-

278 3090 389 3168 laum
424 3103 623 3167 reotorem
666 3088 718 3169 dc
760 3087 881 3166 Sitne.
926 3088 1169 3188 Simeonem
1211 3107 1409 3170 rectorem
1442 3090 1608 3195 ecclesie
1652 3089 1847 3189 Kithem.
1888 3085 2076 3168 'lhubbo-

275 3224 372 3280 nem
397 3194 657 3282 sacerdotem.
683 3214 725 3278 et
751 3195 945 3278 dilectum
974 3201 1164 3280 maritum
1199 3227 1333 3284 meum
1377 3201 1585 3280 Bosonem.
1636 3200 1806 3280 Juarum
1855 3197 2075 3307 odgertbaer

276 3337 368 3398 sun.
396 3307 627 3392 Arnuidum
665 3305 725 3390 de.
762 3307 1079 3390 Munislundum.
1124 3311 1297 3392 allonem
1338 3317 1379 3390 &
1423 3309 1647 3390 frostanum
1692 3313 1852 3390 vicinos
1895 3335 2005 3389 meos
2042 3307 2076 3384 in

273 3420 587 3550 Kiaetilstlrorp.
650 3423 797 3504 Actum
847 3409 1158 3534 Kiaetilsthorp.
1208 3449 1318 3504 anno
1359 3419 1527 3502 domini.
1581 3419 1982 3507 M⁰.Cc⁰atc·.1·.vl
2020 3415 2076 3499 dic

277 3534 824 3750 meHSIlllIblgdshagnerius
852 3659 988 3723 rector
1013 3641 1180 3725 ecclesie
1206 3642 1346 3738 otioso
1374 3644 1615 3752 parochialis
1643 3642 1835 3729 sacerdos
1864 3650 1907 3725 8t
1934 3637 2031 3721 conl
2062 3677 2078 3696 ··

478 3782 545 3835 sor
574 3755 698 3863 ipsius
727 3753 869 3834 helene
897 3755 1141 3863 supradictis
1170 3773 1338 3864 rogatus
1366 3755 1532 3836 interlui
1559 3773 1601 3836 et
1633 3755 1739 3836 sicut
1766 3752 1852 3834 vidi
1883 3761 1924 3834 &
1951 3748 2078 3833 audiui

477 3865 636 3974 juratus
665 3863 838 3949 fideliter
867 3865 939 3945 hec
966 3868 1194 3977 conscripsi·
1218 3885 1261 3948 et
1295 3870 1338 3949 iu
1356 3881 1515 3966 ‚testem
1534 3937 1539 3940 .
1556 3893 1618 3948 me
1652 3865 1871 3948 subscribo
1908 3881 1952 3946 et
1982 3860 2079 3972 sigil-

479 3979 564 4057 lum
593 4003 724 4058 meum
753 4002 929 4088 appono.

563 4119 710 4201 sigillent
736 4119 823 4198 1-4,
844 4118 876 4220 ⁶?
898 4140 917 4203 7
939 4119 1121 4200 hortlallne,
1140 4141 1300 4184 remsoroa
1320 4140 1416 4206 qrar3
1436 4119 1476 4184 af
1492 4119 1513 4181 5
1533 4128 1577 4182 ctt
1598 4117 1801 4203 styclcqvar.

290 4403 460 4548 1039.
926 4399 1098 4548 1191.
1138 4401 1188 4507 d.
1237 4443 1266 4547 7
1314 4403 1440 4551 Apr.
1530 4512 1532 4515 ,
1616 4519 1619 4522 ,
1730 4474 1741 4485 -
1787 4393 2082 4507 Warnhem.

364 4589 503 4654 Canilen
524 4588 536 4652 i
556 4587 732 4675 Linhb‘piog
753 4587 889 4654 Smaas
909 4590 1174 4654 testamentarisla
1193 4587 1367 4673 anordning
1386 4612 1440 4654 om
1461 4591 1506 4652 sio
1525 4589 1772 4674 qvarldtenslap.
1879 4668 1906 4725 A
1935 4668 1961 4737 ᾧ

390 4773 636 4887 innomine
677 4771 832 4855 domini
871 4801 1000 4854 amen.
1049 4772 1137 4882 Ego
1179 4771 1392 4855 Srannaus
1433 4772 1654 4852 canonicus
1696 4769 1970 4880 lincopensls,
1999 4763 2081 4845 licet

281 4907 454 4994 corpore
476 4882 620 4968 debilis
649 4903 779 4970 mente
807 4903 1107 4984 tamassanus,
1135 4901 1417 4967 testamentum
1446 4911 1579 4963 meum
1608 4881 1658 4963 dc
1692 4881 1814 4963 bonis
1847 4910 1934 4992 que
1972 4873 2081 5007 michi

1909 5018 2035 5074 racio·
