4317 5975
982 469 1038 485 ....
1152 422 1230 506 150
1338 470 1399 489 .-

291 651 399 733 uerit
426 646 725 742 admittendam,
755 648 882 754 ipsam
912 645 1076 726 Curiam
1104 672 1225 755 quam
1244 640 1436 750 ¹predicte
1464 644 1640 725 Ecclesie
1677 647 1880 757 assignauj
1914 667 2082 760 pet-,so-

292 766 423 843 rorios
454 790 561 842 meos
589 777 745 869 petrum
776 763 816 844 8(
833 756 1062 865 'byrgernm
1093 753 1276 865 precipio
1305 752 1602 835 distrahendam
1642 784 1719 864 pro
1755 764 1894 867 precio
1930 791 2083 871 compe·

234 870 237 881 '
296 874 399 981 tentj
427 880 467 953 8(
495 872 545 954 de
571 868 714 951 eodem
742 870 879 977 precio
906 871 1064 949 soluere
1093 871 1136 949 in
1163 883 1405 947 testamento
1433 894 1523 945 meo
1551 868 1736 947 XLvffl.
1771 863 2083 956 marcas‘llocle·

293 980 352 1067 sie
386 985 461 1063 iam
492 985 626 1093 sepius
655 997 887 1074 memorate,
917 983 977 1060 De
1007 980 1166 1091 reliquo
1195 1004 1291 1058 vero
1321 976 1463 1059 debita<
1487 1006 1574 1058 mea
1604 982 1636 1058 si
1665 1009 1746 1090 qua
1773 980 1928 1063 luerint
1950 986 2084 1065 iuuen-

296 1115 338 1176 ta
361 1096 527 1202 plenius
552 1093 853 1202 persoluentur.
882 1092 947 1173 vel
976 1106 1083 1171 uerte
1112 1095 1153 1171 in
1182 1117 1275 1171 rsus
1304 1115 1529 1197 pauperum
1564 1091 1598 1169 si
1638 1093 1771 1171 omnia
1816 1092 1957 1175 debita
2002 1124 2084 1204 per-

296 1206 428 1289 soluta
460 1206 611 1286 fuerint
641 1202 812 1283 fideliter
840 1202 1134 1311 expendantur,
1164 1200 1268 1283 Item
1298 1201 1641 1282 inremissionem
1671 1208 1951 1312 peccaminum
1987 1225 2086 1288 meo·

297 1344 386 1399 rum
417 1322 456 1397 8(
489 1317 659 1395 aliorum
688 1342 764 1423 pro
792 1313 941 1423 quibus
964 1312 1156 1393 uexillum
1200 1328 1350 1393 sancte
1378 1314 1511 1393 crucis
1558 1316 1754 1423 assumpsi
1802 1314 2084 1418 redimendum,

296 1429 465 1512 confero
494 1428 629 1508 omnia
658 1426 765 1505 bona
795 1452 880 1504 mea
908 1426 1052 1536 quein
1082 1422 1487 1523 be'slebir&roslosd,
1517 1428 1556 1503 8(
1584 1426 1795 1507 wismarcb
1826 1427 2014 1535 possideo
2040 1431 2084 1512 ad

298 1542 523 1622 subsidium
553 1556 659 1619 terre
688 1555 822 1616 sancte
851 1537 972 1618 modo
1001 1564 1087 1647 quo
1114 1535 1255 1616 videro
1292 1535 1433 1614 melius
1467 1535 1668 1643 expedire.
1707 1540 1811 1618 Jtern
1848 1540 2084 1622 Mo'nialibus

299 1655 360 1733 De
391 1650 547 1748 askaby'r
577 1648 742 1730 confero
771 1646 871 1727 duas
901 1648 1052 1727 Marcus
1075 1648 1249 1758 argentj,
1279 1648 1382 1728 Jtem
1410 1647 1603 1727 fratribus
1626 1648 1852 1759 ,skeningie
1891 1653 1954 1734 ,IL
1987 1653 2083 1732 Mar·
2138 1733 2140 1738 .

301 1792 369 1845 cas
396 1766 566 1871 argenti,
596 1764 699 1840 Jtem
728 1760 815 1839 aliis
844 1758 1038 1838 Claustris
1066 1760 1298 1870 ubieunque
1327 1759 1370 1837 iu
1405 1784 1532 1863 regno
1561 1758 1700 1841 Svecie
1728 1764 1971 1858 constitutis,
1999 1790 2085 1844 con·

302 1874 390 1955 fero
420 1875 481 1954 ll.
511 1874 663 1952 Marcus
692 1868 798 1966 dem,
828 1872 880 1951 Et
907 1870 1127 1981 vnieujque
1144 1870 1333 1981 hospitali
1362 1872 1403 1951 .1.
1435 1869 1607 1951 Marcam
1621 1870 1726 1969 deu,
1756 1877 1860 1954 item
1877 1875 2086 1985 vuicuique

289 1986 477 2067 xEcclesie
507 1986 548 2063 in
574 1982 691 2062 ‘ouius
722 1982 934 2090 parrochia
976 2010 1060 2061 mea
1106 1983 1214 2062 bona
1253 2000 1349 2062 sunt
1387 1984 1605 2062 constituta
1649 1984 1816 2067 confero
1848 1987 1892 2066 J.
1923 1986 2086 2067 Marcam

302 2098 407 2193 den,
435 2101 475 2174 8(
504 2092 702 2200 sacerdotj
732 2095 773 2173 .l.
806 2120 967 2173 vaccam
994 2097 1081 2173 siue
1111 2094 1269 2174 bouem.
1299 2094 1435 2203 Siquis
1471 2122 1570 2173 vero
1596 2098 1833 2177 temeritatis
1861 2097 1950 2179 siue
1987 2097 2087 2177 mali·

303 2210 363 2289 oie
392 2222 581 2314 pretextu
610 2204 688 2285 hoc
726 2233 856 2284 meum
886 2204 1089 2285 infirmare
1125 2206 1429 2313 presumpserit,
1464 2207 1891 2288 excommunicacione
1928 2209 1993 2291 dei
2027 2238 2087 2318 pa·

288 2320 377 2401 ,tris
406 2318 694 2425 omnipotentis
721 2321 763 2395 8(
792 2332 1020 2397 sanctorum
1051 2318 1232 2397 omnium
1260 2316 1439 2395 feriatur,
1476 2317 1530 2395 Et
1561 2345 1652 2396 cum
1689 2319 1819 2428 impiis
1857 2322 1903 2400 in
1938 2320 2003 2401 die
2035 2322 2087 2399 iu·

303 2428 400 2537 dloij
430 2424 626 2538 pereipiat
653 2430 898 2537 porcionem.
930 2426 1181 2539 Exequtores
1219 2427 1338 2507 buius
1371 2433 1601 2507 testamenti
1646 2431 1722 2509 mei
1763 2432 1975 2513 constituo
2017 2434 2089 2513 Do

303 2544 457 2621 minum
496 2542 739 2648 Episcopum
786 2537 1080 2647 lincopensem,
1119 2540 1334 2619 Dominum
1376 2538 1435 2617 th.
1480 2538 1746 2620 Marscalcum
1784 2536 1945 2654 domini
1984 2546 2086 2655 regis,

305 2651 524 2737 Dominum
554 2654 613 2731 Jo.
644 2650 892 2758 prepositum
921 2668 1257 2757 strengenensem,
1293 2652 1346 2729 Et
1382 2652 1600 2731 Dominum
1637 2651 1853 2734 Nicolaum
1890 2655 2134 2762 legiferum·

288 2760 504 2863 [verendis.
533 2778 577 2841 vt
614 2763 738 2869 igitur
777 2761 909 2841 omnis
951 2762 1194 2870 ambiguitas
1235 2790 1357 2870 super
1401 2762 1602 2871 premissis
1644 2764 1779 2846 valeat
1820 2770 2087 2864 remoueri&

271 2873 547 2956 excludatur
575 2873 733 2952 occasio
767 2873 948 2981 quelibet
982 2873 1213 2954 volentibus
1252 2872 1475 2979 malignari.
1510 2872 1693 2981 Sigillum
1732 2876 1899 2988 Dominj
1935 2879 1978 2959 Β.
2006 2878 2085 2959 illn-

305 2991 398 3068 stris
426 2988 530 3093 regis
558 2983 721 3079 Sweoie,
749 2989 790 3063 8(
818 2983 1060 3066 venerabilis
1089 2988 1215 3093 patris
1244 2986 1289 3066 L.
1333 2987 1523 3093 Episcopi
1558 2983 1811 3097 lincopensis,
1848 2995 1889 3072 8(
1924 2989 2087 3099 Domiuj,

305 3099 359 3195 Μ,
387 3096 565 3206 Legiferi
587 3095 848 3204 osgotborum
878 3103 918 3175 8(
948 3097 1113 3205 Dominj
1141 3097 1196 3176 tb.
1226 3094 1449 3202 Marskalcj,
1478 3103 1519 3176 8(
1547 3100 1722 3195 Domini,
1751 3102 1858 3199 Dae,
1888 3104 2088 3198 Jabansvn,

197 3232 203 3244 ’
305 3214 347 3290 8(
374 3207 537 3314 Dominj
566 3207 973 3316 lobannisprepositj
989 3209 1303 3315 Strengenensis,
1320 3213 1358 3286 8(
1374 3207 1548 3314 sigillum
1564 3210 1729 3317 Dominj
1744 3211 1941 3294 karolide
1957 3216 2087 3310 Norrc,

306 3349 385 3401 vna
414 3345 502 3398 cum
549 3317 680 3425 sigillo
725 3345 813 3399 meo
854 3318 952 3404 duxi
996 3321 1250 3426 presentibus
1293 3318 1548 3427 apponenda,
1592 3324 1742 3403 Datum
1785 3341 1910 3408 anno
1939 3323 2088 3432 dominj.

307 3427 694 3549 u·‚c·c⁹,xe⁹111·.

310 3655 355 3718 af
380 3654 420 3716 de
452 3652 652 3736 upprtlnade
684 3654 801 3738 sigilles
835 3653 928 3714 balva
961 3651 1061 3734 aldi-ig
1095 3675 1161 3714 mer
1193 3662 1231 3714 tu
1263 3667 1308 3717 ett
1327 3656 1406 3717 elles·
1428 3673 1498 3718 asne
1524 3658 1563 3740 pt
1592 3657 1716 3736 trddar,
1748 3659 1814 3720 soni
1850 3682 1893 3723 nu
1918 3669 1972 3724 bro
1997 3661 2090 3735 bom,

301 3793 306 3801 .
391 3737 453 3800 och
474 3737 526 3798 det
547 3736 720 3815 sistotmda,
742 3737 820 3800 eller
841 3735 959 3798 hvillret
979 3740 1288 3820 pergamcotsrimean
1309 3740 1407 3801 finces
1426 3761 1513 3823 qvae,
1535 3739 1638 3803 bliftit
1659 3753 1736 3804 satte
1767 3743 1870 3807 under
1895 3744 2021 3810 breftet.

321 4057 517 4264 1084.ι
629 4151 693 4266 ’ἶ
1126 4133 1294 4281 1293.

323 4423 327 4434 ,
391 4357 477 4420 Dans
498 4353 539 4439 ps
560 4375 597 4416 en
614 4355 686 4416 'resa
709 4353 817 4436 giorda
838 4353 1033 4417 Testamenta
1052 4354 1116 4418 ocb
1138 4355 1311 4438 anordm'ug
1337 4377 1389 4419 om
1418 4358 1581 4443 qvarldtne
1603 4360 1723 4427 ldsdrcu
1744 4363 1804 4427 ocb
1827 4361 2006 4458 penniugan
2056 4346 2062 4355 ’

424 4578 475 4656 ln
504 4576 665 4654 nomine
692 4575 821 4684 patris
849 4582 887 4656 8(
914 4574 986 4656 lilii
1016 4579 1055 4654 8(
1083 4577 1249 4683 spiritus
1291 4581 1420 4659 sancti
1449 4607 1578 4662 amen.
1629 4581 1717 4692 Ego
1760 4585 1944 4680 Daunus,
1989 4579 2021 4658 si
2057 4573 2093 4653 in

265 4789 272 4796 ι
310 4689 386 4769 bac
415 4685 479 4768 tia
509 4711 570 4765 me
599 4688 700 4765 mori
729 4687 958 4795 contigerit,
988 4715 1117 4766 meum
1148 4689 1190 4768 in
1215 4689 1327 4768 bunc
1356 4688 1519 4771 modum
1553 4692 1687 4775 condo
1724 4699 1764 4776 &
1801 4694 1946 4777 ordino
1983 4701 2092 4768 testa·

313 4817 504 4880 mentum.
534 4799 587 4878 Jn
615 4800 754 4906 primis
783 4797 874 4906 lego
903 4797 1101 4892 fratribus
1130 4797 1454 4911 predicatoribus
1482 4801 1687 4904 Silttunie,
1727 4836 1851 4892 vnum
1888 4829 2005 4917 equm
2040 4793 2094 4875 nl·

308 4939 438 5022 grum,
470 4908 653 5020 quinque
682 4934 905 4994 annorum,
923 4909 1117 4991 fratribus
1145 4930 1280 4994 autem
1317 4915 1540 4996 minoribus
1580 4915 1799 5017 stokholm,
1841 4944 1961 4999 vnam
1996 4933 2095 4989 mar·
