4317 5975
786 415 851 456 -x
955 326 1087 467 513⁵
1147 424 1204 449 «-

107 604 237 683 Porro
262 604 360 710 quie
390 618 596 710 presentes
624 603 758 686 littere
785 604 1004 715 nequirent
1038 600 1172 692 forsan
1202 622 1372 727 propter
1393 604 1551 688 uiarum
1581 602 1809 689 discrimina
1837 609 1904 693 uel

108 713 184 795 aliu
213 713 497 823 impedimenta
527 714 700 825 legitima
720 733 897 798 uestrum
921 718 1087 828 singulis
1101 717 1310 799 commode
1326 719 1561 829 presentari.
1590 720 1778 800 uolumus
1792 720 1905 833 quod

109 840 247 935 perte
276 826 479 907 frater..
511 828 826 935 Archiepiseope
853 826 1050 908 dictarum
1080 830 1302 910 litterarum
1340 844 1638 936 transumptum
1678 857 1798 911 manu
1829 860 1906 941 pu·

108 936 211 1018 blica
240 940 459 1046 scriptum,
485 954 640 1047 tuoque
668 940 957 1019 communitum
987 939 1121 1047 sigillo
1150 940 1267 1022 uobis
1295 941 1443 1025 fratres
1480 941 1745 1051 suffraganeis
1773 958 1907 1025 trans
2039 994 2041 1001 ,

10 1085 11 1091 Ν
108 1050 289 1130 mittatur
317 1050 383 1131 cui
412 1049 596 1132 adbiberi
625 1076 699 1158 per
727 1076 801 1131 uos
831 1049 1019 1132 uolumus
1047 1049 1163 1132 uelut
1190 1050 1454 1159 originalibus
1486 1042 1641 1161 plenam
1667 1050 1794 1133 fidem.
1826 1055 1909 1134 Da·

10 1175 11 1238 ῖ
108 1176 191 1241 turn
221 1160 332 1268 apud
358 1159 509 1241 Villam
534 1167 680 1241 noua'm
709 1160 996 1244 Auinioneusis
1020 1160 1191 1244 diocesis
1219 1164 1258 1243 ll
1286 1160 1362 1243 kal.
1420 1164 1611 1247 Octobris
1644 1164 1905 1249 pontificatus

108 1271 234 1355 nostri
261 1275 382 1353 Auno
409 1269 612 1353 Secundo.
1196 1288 1200 1293 '

460 1412 571 1478 Under
591 1414 775 1501 uppueclet:
800 1416 893 1480 Auno
913 1414 1030 1499 domiuj
1052 1412 1218 1478 Millesiruo
1239 1408 1302 1478 &o
1323 1415 1543 1479 christifideles.

587 1528 638 1591 Pe
657 1527 844 1614 uppueclet':
863 1529 978 1590 tradita
1000 1527 1040 1591 de
1060 1528 1154 1591 Curis
1173 1528 1424 1594 Transmortsue.

305 1642 355 1708 Pe
364 1642 565 1728 frinsidan:
585 1644 742 1728 osumtill
756 1656 800 1707 ett
820 1655 901 1707 stura
921 1644 958 1723 B,
977 1644 1036 1707 uolt
1055 1640 1249 1727 nedanfit're:
1268 1640 1513 1735 Arebiepiscopo
1535 1644 1717 1733 Vpsuleusi.'

652 1758 820 1846 lllybullun
846 1758 949 1826 tillils
971 1756 1166 1823 meterent
1188 1759 1361 1825 bortlslleu.

44 2214 47 2217 ⁴
115 2056 283 2169 1561.
430 1990 434 1997 Ι
762 2062 901 2207 ¹307
950 2060 998 2167 cl
1045 2054 1237 2221 5001.
1570 2056 1903 2210 Harolrstorp.

16 2322 53 2375 .Ι
186 2281 295 2362 Ηοτῐίς
317 2278 416 2378 Erras
437 2281 634 2363 lb'rslrilniug
655 2282 697 2428 pl
719 2282 758 2365 37
781 2283 869 2344 mark
892 2281 992 2379 liidie,
1016 2280 1183 2363 llullngus
1204 2281 1241 2343 sl
1259 2279 1450 2379 Abbedissuu
1472 2278 1649 2380 llstlrarinn
1670 2280 1680 2342 i
1702 2280 1816 2344 Wreta
1837 2292 1905 2346 uret

236 2365 436 2450 lb'rpuntarug
457 2366 494 2427 cf
510 2367 634 2447 Mones,
680 2367 782 2430 villeu
802 2365 880 2451 gard
902 2365 1041 2430 trlllaller
1061 2364 1209 2445 llostret,
1231 2385 1283 2427 om
1295 2365 1463 2448 epsluldeu
1475 2384 1558 2427 mom
1572 2374 1654 2427 nasta
1666 2362 1743 2449 plsk
1763 2363 1904 2428 betultes.

1657 2478 1773 2537 nst

215 2615 417 2699 Omnibus
445 2632 651 2727 presentes
679 2617 834 2702 litteras
862 2615 1106 2727 inspecturis
1133 2614 1283 2699 Enrcus
1312 2613 1378 2699 dei
1405 2615 1539 2726 gracie
1556 2616 1652 2697 Dux
1679 2636 1904 2713 evaeorum,

97 2730 269 2810 salutem
299 2728 536 2811 indumine
564 2734 845 2839 sempiternam
870 2730 1024 2811 Notum
1052 2728 1430 2838 lacimusvniuersis
1459 2754 1534 2813 uos
1561 2753 1585 2809 a
1612 2724 1800 2838 religiosa
1830 2722 1903 2809 do·

104 2842 208 2920 mina
237 2838 397 2921 domina
426 2839 608 2924 katerine
637 2840 837 2921 abbatissa
868 2842 910 2921 iu
938 2854 1116 2923 wretum
1144 2842 1313 2949 triginta
1335 2854 1490 2950 septem
1518 2838 1701 2923 marchas
1729 2839 1822 2948 puri
1839 2842 1916 2919 eri

100 2957 211 3060 genti
242 2970 383 3034 mutuo
411 2954 607 3063 recepisse
638 2954 678 3034 in
708 2951 812 3034 festo
839 2979 958 3064 pasce
987 2952 1169 3063 proxime
1197 2966 1370 3068 venturo
1400 2949 1689 3060 persoluendas
1719 2977 1796 3061 pro
1810 2950 1902 3062 qui·

100 3063 176 3143 bus
204 3062 282 3144 sibi
310 3063 465 3144 curiam
494 3082 673 3147 nostram
702 3093 850 3145 monaes
892 3090 983 3144 eum
1026 3061 1215 3146 omnibus
1256 3061 1363 3144 dicte
1405 3063 1517 3145 curie
1557 3063 1797 3144 adiacenciis
1837 3064 1901 3143 in·

101 3177 406 3282 pignorauimus
434 3177 510 3257 isto
540 3176 660 3258 modo
689 3193 733 3256 vt
761 3177 795 3257 si
823 3175 930 3258 dicta
946 3176 1057 3264 ouria
1079 3173 1186 3257 infra
1201 3174 1415 3255 terminum
1437 3171 1664 3282 predictum
1694 3171 1902 3282 redempta

9 3327 16 3348 ι
99 3313 181 3389 non
212 3279 335 3367 luerit
365 3287 442 3394 ipsi
479 3288 652 3368 Domine
678 3305 719 3369 et
747 3288 967 3369 concentui
1002 3314 1076 3366 suo
1121 3303 1319 3395 perpetuo
1361 3285 1494 3381 cedat,
1537 3287 1593 3367 ite
1622 3300 1756 3366 tamen
1787 3283 1900 3397 quod

99 3395 200 3478 illud
231 3397 348 3477 nobis
375 3399 566 3508 supplere
594 3415 780 3479 teneatur
809 3402 848 3480 in
877 3425 961 3508 quo
990 3397 1097 3478 dicta
1128 3397 1241 3476 curia
1282 3395 1423 3478 melior
1452 3423 1525 3505 per
1553 3394 1778 3508 fidedignas
1807 3423 1900 3507 per·

98 3535 217 3589 sones
245 3535 295 3588 ex
326 3526 439 3615 parte
468 3525 604 3592 nostra
634 3525 675 3591 et
702 3537 771 3590 sus
810 3508 1076 3590 nominandas
1106 3508 1229 3588 luerit
1257 3507 1432 3588 iudicata
1460 3511 1512 3589 ln
1541 3509 1657 3590 cuius
1700 3509 1759 3590 rei
1788 3509 1901 3588 testi·

100 3620 279 3698 monium
308 3620 481 3727 sigillum
511 3621 645 3702 fratris
675 3621 803 3702 nostri
846 3621 1043 3703 karissimi
1084 3619 1237 3700 domini
1279 3615 1393 3698 ducis
1436 3619 1671 3701 waldemari
1698 3648 1777 3702 vna
1806 3646 1899 3701 cum
1976 3713 1980 3718 ,

97 3729 232 3837 sigillo
262 3746 403 3810 nostro
431 3732 685 3840 presentibus
712 3749 773 3812 est
816 3759 1057 3840 appensum,
1100 3733 1250 3812 Datum
1278 3727 1563 3840 Haroksthorp
1608 3759 1717 3813 anno
1746 3729 1900 3814 domini

80 3839 171 3922 «Μῖ
202 3840 434 3928 CCC.*Vll.
463 3845 588 3924 tercio
616 3868 712 3922 nou.
742 3842 931 3925 octobris.

437 3981 523 4052 usae
549 3982 676 4066 Sigilleu
698 3984 869 4048 bortlsllus
890 3984 961 4048 lrlu
981 3979 1022 4047 ‹te
1041 4003 1080 4047 ur
1103 3983 1223 4050 brelret
1243 3977 1364 4068 llipptu
1386 4002 1559 4050 remsorua.

102 4343 264 4455 1562.
747 4347 894 4496 1307
919 4285 1016 4458 'ds
1042 4383 1110 4462 21
1163 4341 1276 4456 Oet
1746 4347 1897 4457 ans.

177 4570 286 4632 Fornr
307 4570 449 4633 Junssoss
471 4571 549 4634 Brel'
563 4591 615 4633 om
637 4570 807 4655 lurdabyte·
823 4571 893 4635 med
915 4576 1092 4656 Margareta
1114 4575 1124 4638 i
1147 4575 1304 4658 llickeby‚
1326 4575 1344 4638 l
1367 4574 1483 4638 beonet
1504 4573 1607 4636 siluere
1627 4582 1756 4656 signer,
1789 4568 1896 4634 bruri-

229 4672 340 4762 peuom
361 4651 384 4738 ᾗ
403 4653 568 4718 murllsud
590 4656 601 4717 i
622 4653 749 4776 llusuby
771 4658 938 4721 Murlbetu
961 4657 1062 4725 henne
1086 4660 1200 4722 lemnus
1221 4660 1270 4722 tur
1291 4659 1360 4742 jord
1382 4661 1391 4721 l
1413 4659 1509 4722 Flnb'.
1697 4679 1702 4688 ·

1641 4738 1676 4794 Α.
1692 4739 1717 4793 6.
1735 4739 1763 4792 b.

207 4869 409 4952 Omnibus
438 4888 643 4981 presentes
686 4867 840 4956 litteras
881 4872 1146 4984 inspecturis,
1188 4897 1321 4958 russo
1350 4897 1524 4958 Joussou
1554 4868 1719 4953 salutem
1750 4871 1791 4950 in
1820 4867 1894 4952 do·
2026 4973 2031 4976 ,
2096 4987 2102 5005 ,
2137 4917 2143 4923 -

83 4983 205 5067 mino
226 4987 540 5093 sempiternam,
567 4983 728 5073 Tenere
755 4987 1007 5102 presencium
1034 5004 1221 5070 constare
1250 4985 1437 5070 volumus
1463 4982 1672 5070 euidenter
1700 5009 1772 5064 nus
1801 5007 1893 5062 uum
