4317 5975
791 359 871 481 ..ζ
957 416 1051 526 4¹7.
1150 454 1284 481 ...-

102 628 434 740 predicatoribus
449 627 690 726 -halmarrrie,
719 659 788 715 sex
816 636 997 715 marchas
1024 632 1181 733 denar,
1218 636 1328 717 Jtem:
1348 630 1557 719 sordribus
1582 620 1771 761 ibidem,
1793 654 1894 758 grta·

103 759 196 823 tuor
225 742 407 829 Marchas
434 742 593 839 denar,
621 744 724 825 Jtem
752 743 962 825 sororibus
981 746 1101 853 apud
1119 762 1300 828 sanctum
1318 751 1530 829 martimrm
1546 745 1766 851 alteningre,
1795 770 1923 853 qua-s
2040 726 2098 857 ι’,
2135 774 2138 783 ·

101 870 197 933 tuor
225 854 405 933 marchas
433 852 593 949 denen,
636 857 741 934 ltem
782 856 1052 937 conuentibus
1078 856 1262 938 fratrum.
1281 856 1611 967 predicatorum,
1644 873 1896 962 strengenas,

103 962 310 1071 skaeningi,
339 963 526 1061 skarum,
554 963 757 1068 lydosum,
786 966 943 1065 rabbi,
971 964 1180 1067 finlandie,
1210 970 1390 1075 singulis,
1417 988 1499 1049 tres
1515 966 1698 1051 Marchas
1712 964 1898 1045 denario·

97 1084 212 1170 rum,
242 1079 344 1155 Jtem
392 1074 661 1183 monasterljs,
690 1077 931 1172 aluastrum,
959 1103 1171 1177 waernem,
1202 1078 1342 1177 nidal,
1371 1080 1577 1185 juluttum,
1605 1076 1786 1183 singulis,
1815 1092 1898 1157 tres

99 1184 468 1282 Marchasssdenar.,
510 1189 614 1267 Jtem
645 1188 899 1294 monasteriis
927 1216 1133 1286 sororum,
1183 1206 1368 1269 wretunu
1399 1190 1553 1288 asliabir
1583 1187 1767 1296 gudhem.
1797 1189 1899 1281 risa·

64 1404 67 1410 1
98 1297 255 1404 baergh,
285 1295 461 1394 toodha,
484 1296 638 1377 ordinis
665 1302 806 1378 sancti·
824 1299 1053 1394 Benedicti,
1080 1299 1266 1409 singulis,
1287 1316 1375 1382 tres
1404 1302 1583 1392 marchas
1611 1300 1746 1382 denar.
1793 1300 1897 1379 Jtem

51 1462 56 1467 -
96 1408 551 1498 eouuentibussratrum
568 1409 768 1489 minorum
790 1410 952 1516 vpsalie.
981 1410 1496 1519 Enichopie..stolrholmis.
1524 1428 1565 1491 et
1592 1410 1801 1492 sororibus
1818 1408 1896 1489 ibi·¹

97 1520 210 1613 dem,
239 1520 343 1599 Jtem
372 1513 852 1633 arbugha,:suderlsopie
878 1521 1101 1628 Nychopie.
1143 1524 1376 1628 Linclropie
1421 1522 1691 1627 Junaechopie.
1719 1520 1895 1599 skarum.

96 1630 243 1727 nieht.
273 1632 464 1736 singulis,
504 1648 585 1711 tres
613 1630 794 1714 mamhas
830 1632 988 1726 denar,
1024 1635 1129 1713 ltem
1159 1634 1349 1741 hospitali
1377 1635 1418 1713 in
1450 1633 1769 1727 Esleilsthuuum,
1813 1647 1896 1709 tres

93 1741 278 1834 marchas
306 1739 463 1841 denar,
509 1745 611 1823 Jtem
640 1741 822 1823 ,cuilibet
850 1743 1013 1825 ecclesie
1041 1745 1082 1822 in
1112 1746 1227 1823 cuius
1256 1744 1468 1851 parrochia
1496 1745 1649 1824 curiam
1691 1740 1895 1849 possideo,

30 1931 33 1935 .
93 1870 136 1933 ct
179 1853 265 1932 eius
293 1855 459 1947 rectori,
504 1852 555 1933 de
583 1853 765 1962 qualibet
807 1856 918 1933 curia
970 1855 1011 1934 in
1054 1852 1122 1933 illa
1166 1856 1379 1961 parrochia
1407 1856 1504 1950 sita,
1549 1880 1665 1935 ruam
1694 1852 1895 1947 Marcham

94 1962 253 2059 denar,
294 1967 398 2059 Jtem
446 1963 634 2070 hospitali
664 1962 908 2072 Enichopie,
951 1980 1033 2046 tres
1049 1965 1245 2048 Marchas
1273 1966 1429 2061 denar,
1477 1968 1578 2045 ltem
1609 1962 1896 2071 hospitalibus,

86 2072 411 2181 sudlrerchopie,
456 2075 684 2183 skaeningie.
726 2074 900 2155 starum.
938 2074 1165 2173 lirdhosum.
1195 2076 1337 2175 wisbin
1381 2076 1548 2157 cuilibet
1583 2075 1683 2157 duas
1711 2070 1895 2154 Marchas

93 2184 250 2282 denar„
294 2188 415 2283 item,
458 2186 597 2265 domui
635 2185 698 2267 dei
742 2187 913 2293 rpsalie,
956 2203 1044 2266 tres
1080 2186 1263 2267 Marchas
1305 2186 1465 2282 denar,
1510 2190 1612 2280 Jtem
1655 2185 1794 2265 domui
1830 2182 1895 2261 dei

92 2294 351 2391 stokholmis‚
402 2325 520 2392 ruam
571 2299 772 2377 Marcham
816 2297 975 2392 denar,
1025 2302 1127 2377 trem
1173 2298 1281 2377 balta
1330 2300 1523 2377 seruienti
1568 2324 1677 2392 mec,
1720 2310 1896 2405 quatuor

90 2408 278 2509 Marchas
305 2407 441 2489 denar.
491 2408 554 2488 Ad
583 2406 820 2488 soluendum
842 2428 998 2497 ¹autem
1029 2410 1219 2519 premissa
1248 2436 1334 2503 ¹mea
1377 2410 1506 2515 legata
1554 2436 1625 2515 per
1653 2422 1894 2519 exequtores

90 2519 214 2598 huius
248 2521 475 2599 testamenti
521 2521 616 2613 mei,
658 2523 691 2600 si
727 2549 799 2627 per
842 2548 904 2597 me
955 2536 1036 2599 met
1064 2522 1190 2627 ipsam
1240 2534 1333 2597 aute
1383 2520 1537 2599 obitum
1589 2544 1716 2597 arreum
1761 2514 1893 2597 soluta
1989 2534 1990 2537 ‘

89 2628 376 2723 nonfucrint,
404 2630 555 2737 obligo.
584 2630 758 2737 deputo.
795 2647 836 2708 et
864 2631 1034 2737 assigno
1080 2632 1230 2717 curiam
1257 2658 1399 2712 meam
1440 2628 1664 2735 hroathorp
1699 2630 1741 2712 in
1771 2616 1891 2709 aleia.

89 2768 253 2820 necnon
283 2743 481 2832 etcurias
527 2769 651 2835 meas,
689 2740 877 2837 sundabir
920 2758 961 2829 et
989 2740 1172 2836 sandem,
1216 2742 1258 2819 in
1286 2743 1521 2849 westgocia,
1564 2735 1894 2841 Quas,distrahi

90 2868 136 2931 et
166 2850 288 2932 vendi
316 2852 408 2930 volo
437 2879 510 2959 per
542 2870 781 2963 exequtores
817 2851 1089 2958 supradictos,
1120 2871 1242 2961 prout
1271 2854 1366 2960 ipsis
1411 2851 1616 2933 videbitur
1656 2848 1892 2955 expediens,
1925 2903 1927 2907 -
2032 2869 2041 2875 ·

89 2962 126 3044 si
155 2960 320 3043 heredes
350 2962 444 3059 mei,
490 2962 615 3043 dictas
660 2964 802 3042 Curias
851 2992 932 3043 non
964 2960 1206 3044 redemerint
1241 2965 1344 3042 infra
1375 2992 1525 3043 antrum
1556 2991 1576 3041 a
1605 2977 1786 3068 tempore
1815 2960 1894 3038 mei

79 3076 231 3184 'obitus
259 3071 594 3181 computandum,
627 3073 750 3152 'Jnlra
786 3102 907 3183 quem
940 3091 1074 3154 tamen
1105 3101 1274 3171 annum,
1314 3073 1494 3182 predicte
1536 3072 1676 3166 Curie,
1719 3073 1770 3151 ab
1799 3097 1891 3149 exe-

24 3218 25 3224 *
89 3183 310 3296 qutoribus
354 3186 473 3264 huius
516 3188 740 3264 testamenti
793 3190 886 3282 mei,
939 3203 1199 3293 occupentur.
1251 3201 1453 3292 regantur.
1501 3202 1540 3264 et
1589 3196 1891 3263 conserueutur·

90 3299 199 3376 Item
229 3295 378 3374 famulo
409 3323 496 3375 meo
525 3295 693 3391 leaetillo,
724 3296 789 3378 do,
817 3315 857 3374 et
887 3297 987 3402 lego.
1017 3312 1111 3376 octo
1140 3294 1289 3375 solidos
1327 3313 1434 3374 terre
1464 3299 1505 3374 in
1535 3290 1770 3387 brohnfdhi,
1800 3316 1891 3398 par-⁴

89 3407 231 3488 rochia
260 3405 431 3487 dunler.
462 3411 576 3486 Jtem.
607 3407 756 3487 famulo
786 3435 874 3486 meo
902 3407 1080 3502 Thome,
1110 3407 1297 3509 Quatuor
1320 3404 1467 3484 solidos
1497 3425 1603 3488 terre
1633 3407 1674 3485 in
1703 3419 1891 3498 wretunt,¹

89 3517 307 3627 parrochia
338 3516 510 3616 sundbir.
542 3519 731 3624 lngiruni
762 3517 909 3598 famule
939 3518 1263 3620 mee,*Quatuor
1291 3517 1441 3597 solidos
1461 3534 1581 3612 terre,
1611 3517 1653 3594 iu
1681 3513 1891 3608 sudherhi

86 3630 304 3737 parrochia
333 3629 504 3726 husabtr.
561 3630 697 3740 Seruis
733 3657 899 3738 quoque
928 3645 968 3708 et
997 3629 1151 3707 ancillis
1186 3629 1282 3707 meis
1311 3627 1497 3706 omnibus
1540 3627 1696 3734 plenam
1726 3623 1892 3704 consero

85 3740 332 3820 libertatem.
378 3743 587 3836 Preterea,
631 3769 702 3847 per
737 3742 815 3819 hoc
858 3754 1140 3820 testamentum
1188 3768 1338 3833 nreum,
1381 3738 1492 3847 <pund
1522 3739 1572 3817 de
1596 3763 1793 3816 consensu
1822 3764 1890 3814 ex-

89 3878 235 3960 presso
264 3850 500 3930 dilectarum
532 3852 702 3930 filiarum
732 3842 908 3929 mearum
939 3848 1230 3957 predictarum,
1263 3841 1334 3955 per
1364 3877 1424 3927 me
1454 3847 1659 3928 conditum
1678 3865 1737 3925 est
1766 3861 1888 3952 atque

89 3963 267 4055 factum,
295 3988 461 4058 reuoco,
491 3964 622 4055 irrito,
647 3980 687 4040 et
715 3987 839 4068 casso,
869 3959 1144 4071 quodcunque
1173 3974 1453 4038 testamentum
1471 3988 1492 4036 a
1510 3987 1570 4037 me
1588 3960 1698 4066 prius
1728 3956 1888 4058 laetum,

86 4102 161 4157 seu
188 4069 495 4180 quomodolibet
510 4075 751 4152 ordinatum.
782 4071 1034 4179 Exequtores
1056 4073 1174 4150 buius
1192 4072 1429 4164 testamenti,
1460 4072 1675 4162 constituo,
1690 4067 1818 4159 'facio
1848 4082 1889 4144 et

24 4179 26 4183 ⁷
87 4182 258 4279 ordino,
287 4170 534 4263 venerabiles
557 4200 689 4291 patres
718 4199 758 4261 et
786 4183 981 4274 dominos,
1013 4181 1224 4261 Nicolaum
1250 4182 1497 4289 vpsalensem
1529 4179 1888 4286 archiepiscopum,

38 4371 46 4382 ,
87 4312 134 4376 et
162 4311 487 4401 strengenensem
517 4311 557 4372 et
586 4297 824 4374 arusiensem
863 4295 1105 4400 Episcopus,
1142 4309 1182 4372 et
1212 4295 1443 4398 magistrum
1489 4290 1677 4370 andream
1711 4287 1889 4394 preposi-

86 4425 179 4485 tum
210 4404 374 4483 ecclesie
400 4406 639 4512 vpsaleusis,
668 4422 709 4483 et
739 4405 998 4482 honorabiles
1015 4404 1135 4498 viros,
1166 4405 1359 4482 Dominus
1375 4404 1596 4482 lohannem
1616 4399 1888 4479 sudbaerman-

86 4518 161 4596 nie
191 4532 230 4593 et
256 4515 464 4622 Bia-gerum
496 4515 687 4622 vplandie
716 4515 918 4620 legiferos,
961 4515 1123 4619 Rogans
1152 4529 1193 4591 et
1221 4517 1414 4594 instanter
1448 4531 1607 4620 petens,
1654 4526 1694 4587 rt
1725 4510 1800 4588 hoc
1831 4527 1890 4588 te-

88 4642 335 4708 stamentum
365 4655 496 4704 meum
525 4652 594 4704 seu
633 4645 808 4704 extreme
853 4623 1073 4703 voluntatis
1121 4627 1442 4718 ordinacionem,
1486 4623 1649 4730 implere
1692 4622 1819 4700 uelint
1846 4639 1890 4700 rt

91 4738 290 4847 perficere
321 4756 489 4844 propter
518 4735 650 4815 deum.
679 4735 800 4836 Quod
831 4737 863 4813 si
894 4736 970 4812 biis
984 4734 1230 4844 exequendis
1243 4762 1380 4814 omnes
1410 4739 1604 4813 interesse
1630 4735 1889 4839 nequiuerint

84 4877 163 4930 seu
191 4847 418 4942 noluerint,
449 4847 505 4926 illi
535 4848 797 4926 nihilominus
824 4847 895 4954 qui
923 4873 968 4923 ea
998 4844 1420 4950 voluerintperllcerc‚
1452 4845 1637 4953 premissa
1663 4844 1888 4951 exequendi
1923 4871 1927 4879 ·
2048 4861 2053 4878 '

85 4979 138 5042 et
163 4957 356 5057 faciendi,
386 4958 545 5067 plenam
575 4975 616 5054 et
646 4956 808 5066 liberam
840 4954 1015 5035 habeant
1042 4955 1309 5051 racunuem,
1353 4981 1474 5064 quam
1506 4957 1602 5063 ipsis
1630 4974 1888 5063 tenorepre·
