<?xml version="1.0" encoding="UTF-8"?>
<!DOCTYPE html PUBLIC "-//W3C//DTD XHTML 1.0 Transitional//EN"
    "http://www.w3.org/TR/xhtml1/DTD/xhtml1-transitional.dtd">
<html xmlns="http://www.w3.org/1999/xhtml" xml:lang="en" lang="en">
 <head>
  <title>
</title>
<meta http-equiv="Content-Type" content="text/html;charset=utf-8" />
  <meta name='ocr-system' content='tesseract 3.04.00' />
  <meta name='ocr-capabilities' content='ocr_page ocr_carea ocr_par ocr_line ocrx_word'/>
</head>
<body>
  <div class='ocr_page' id='page_1' title='image "./svensktdiplomat01swegoog/svensktdiplomat01swegoog_0031.png"; bbox 0 0 4317 5975; ppageno 0'>
   <div class='ocr_carea' id='block_1_1' title="bbox 112 420 2066 821">
    <p class='ocr_par' dir='ltr' id='par_1_1' title="bbox 112 420 2066 821">
     <span class='ocr_line' id='line_1_1' title="bbox 960 420 1407 533; baseline -0.011 1"><span class='ocrx_word' id='word_1_1' title='bbox 960 462 1027 487; x_wconf 87' lang='lat'><strong>···</strong></span> <span class='ocrx_word' id='word_1_2' title='bbox 1133 420 1186 533; x_wconf 51' lang='grc' dir='ltr'><strong>ἰθ</strong></span> <span class='ocrx_word' id='word_1_3' title='bbox 1293 460 1407 529; x_wconf 80' lang='lat'><strong>···.</strong></span> 
     </span>
     <span class='ocr_line' id='line_1_2' title="bbox 112 562 2066 821; baseline 0.002 -61"><span class='ocrx_word' id='word_1_4' title='bbox 112 684 153 774; x_wconf 66' lang='grc' dir='ltr'><strong><em>ᾔ</em></strong></span> <span class='ocrx_word' id='word_1_5' title='bbox 263 656 398 821; x_wconf 76' lang='lat'><strong>92&#39;7.</strong></span> <span class='ocrx_word' id='word_1_6' title='bbox 783 646 799 737; x_wconf 62' lang='grc' dir='ltr'>Γ</span> <span class='ocrx_word' id='word_1_7' title='bbox 899 644 1052 755; x_wconf 83' lang='lat'>1286</span> <span class='ocrx_word' id='word_1_8' title='bbox 1098 645 1149 754; x_wconf 91' lang='lat' dir='ltr'><strong>d.</strong></span> <span class='ocrx_word' id='word_1_9' title='bbox 1197 648 1271 759; x_wconf 81' lang='lat'><strong>28</strong></span> <span class='ocrx_word' id='word_1_10' title='bbox 1317 608 1475 806; x_wconf 65' lang='lat' dir='ltr'><strong>Oce</strong></span> <span class='ocrx_word' id='word_1_11' title='bbox 1665 738 1673 749; x_wconf 94' lang='lat'>.</span> <span class='ocrx_word' id='word_1_12' title='bbox 1780 562 2066 763; x_wconf 48' lang='lat' dir='ltr'><strong>&#39;Gudbemi</strong></span> 
     </span>
    </p>
   </div>
   <div class='ocr_carea' id='block_1_2' title="bbox 333 866 2069 1101">
    <p class='ocr_par' dir='ltr' id='par_1_2' title="bbox 333 866 2069 1101">
     <span class='ocr_line' id='line_1_3' title="bbox 342 866 2069 964; baseline -0.002 -17"><span class='ocrx_word' id='word_1_13' title='bbox 342 883 474 951; x_wconf 74' lang='lat' dir='ltr'><strong>Guma</strong></span> <span class='ocrx_word' id='word_1_14' title='bbox 494 880 614 943; x_wconf 66' lang='lat' dir='ltr'><strong>Asson</strong></span> <span class='ocrx_word' id='word_1_15' title='bbox 633 867 753 936; x_wconf 83' lang='lat' dir='ltr'><strong>dotters</strong></span> <span class='ocrx_word' id='word_1_16' title='bbox 772 870 944 955; x_wconf 69' lang='lat' dir='ltr'><strong>ssdlvcbrel&#39;</strong></span> <span class='ocrx_word' id='word_1_17' title='bbox 959 872 1001 959; x_wconf 79' lang='lat' dir='ltr'><strong>pt</strong></span> <span class='ocrx_word' id='word_1_18' title='bbox 1020 870 1073 936; x_wconf 79' lang='lat' dir='ltr'><strong>citt</strong></span> <span class='ocrx_word' id='word_1_19' title='bbox 1093 870 1220 936; x_wconf 67' lang='lat' dir='ltr'><strong>llderue</strong></span> <span class='ocrx_word' id='word_1_20' title='bbox 1239 868 1405 956; x_wconf 67' lang='lat' dir='ltr'><strong>arfvcgods</strong></span> <span class='ocrx_word' id='word_1_21' title='bbox 1424 871 1437 935; x_wconf 87' lang='lat' dir='ltr'><strong>i</strong></span> <span class='ocrx_word' id='word_1_22' title='bbox 1457 866 1634 956; x_wconf 69' lang='lat' dir='ltr'><strong>Ogaluude,</strong></span> <span class='ocrx_word' id='word_1_23' title='bbox 1655 871 1759 939; x_wconf 81' lang='lat' dir='ltr'><strong>tillila</strong></span> <span class='ocrx_word' id='word_1_24' title='bbox 1772 874 1858 943; x_wconf 45' lang='lat' dir='ltr'><strong>&#39;med</strong></span> <span class='ocrx_word' id='word_1_25' title='bbox 1883 897 1924 941; x_wconf 85' lang='lat' dir='ltr'><strong>en</strong></span> <span class='ocrx_word' id='word_1_26' title='bbox 1949 897 2069 964; x_wconf 64' lang='lat' dir='ltr'><strong>vern,</strong></span> 
     </span>
     <span class='ocr_line' id='line_1_4' title="bbox 333 954 1930 1101; baseline -0.013 -69"><span class='ocrx_word' id='word_1_27' title='bbox 333 992 337 998; x_wconf 72' lang='grc'>’</span> <span class='ocrx_word' id='word_1_28' title='bbox 393 967 443 1031; x_wconf 89' lang='lat' dir='ltr'><strong>till</strong></span> <span class='ocrx_word' id='word_1_29' title='bbox 463 961 620 1027; x_wconf 83' lang='lat' dir='ltr'><strong>Gudhcms</strong></span> <span class='ocrx_word' id='word_1_30' title='bbox 641 954 769 1019; x_wconf 77' lang='lat' dir='ltr'><strong>kloster.</strong></span> <span class='ocrx_word' id='word_1_31' title='bbox 1717 1040 1754 1097; x_wconf 44' lang='lat' dir='ltr'><strong>A·</strong></span> <span class='ocrx_word' id='word_1_32' title='bbox 1771 1040 1797 1097; x_wconf 41' lang='lat'><strong>3·</strong></span> <span class='ocrx_word' id='word_1_33' title='bbox 1811 1039 1837 1097; x_wconf 50' lang='grc' dir='ltr'>ι</span> <span class='ocrx_word' id='word_1_34' title='bbox 1854 1058 1884 1101; x_wconf 52' lang='grc' dir='ltr'><strong>π</strong></span> <span class='ocrx_word' id='word_1_35' title='bbox 1902 1046 1930 1100; x_wconf 43' lang='lat' dir='ltr'>a</span> 
     </span>
    </p>
   </div>
   <div class='ocr_carea' id='block_1_3' title="bbox 225 1120 2138 2238">
    <p class='ocr_par' dir='ltr' id='par_1_3' title="bbox 255 1120 2138 2045">
     <span class='ocr_line' id='line_1_5' title="bbox 367 1120 2097 1257; baseline 0.004 -32"><span class='ocrx_word' id='word_1_36' title='bbox 367 1152 455 1253; x_wconf 85' lang='lat' dir='ltr'><strong>Ego</strong></span> <span class='ocrx_word' id='word_1_37' title='bbox 482 1140 665 1225; x_wconf 74' lang='lat' dir='ltr'><strong>Gonnus</strong></span> <span class='ocrx_word' id='word_1_38' title='bbox 688 1141 856 1223; x_wconf 79' lang='lat' dir='ltr'><strong>&#39;Aucort</strong></span> <span class='ocrx_word' id='word_1_39' title='bbox 891 1138 973 1222; x_wconf 90' lang='lat' dir='ltr'><strong>lilia</strong></span> <span class='ocrx_word' id='word_1_40' title='bbox 1001 1142 1045 1222; x_wconf 93' lang='lat' dir='ltr'><strong>in</strong></span> <span class='ocrx_word' id='word_1_41' title='bbox 1074 1142 1348 1249; x_wconf 88' lang='lat' dir='ltr'><strong>remissionem</strong></span> <span class='ocrx_word' id='word_1_42' title='bbox 1383 1120 1644 1257; x_wconf 82' lang='lat' dir='ltr'><strong>peccatorum</strong></span> <span class='ocrx_word' id='word_1_43' title='bbox 1679 1172 1863 1227; x_wconf 89' lang='lat' dir='ltr'><strong>meorum</strong></span> <span class='ocrx_word' id='word_1_44' title='bbox 1896 1142 2097 1235; x_wconf 63' lang='lat' dir='ltr'><strong>confero„</strong></span> 
     </span>
     <span class='ocr_line' id='line_1_6' title="bbox 258 1249 2068 1369; baseline -0.004 -21"><span class='ocrx_word' id='word_1_45' title='bbox 258 1259 419 1348; x_wconf 82' lang='lat' dir='ltr'><strong>ecclesie</strong></span> <span class='ocrx_word' id='word_1_46' title='bbox 444 1271 585 1337; x_wconf 80' lang='lat' dir='ltr'><strong>&#39;sancte</strong></span> <span class='ocrx_word' id='word_1_47' title='bbox 616 1254 738 1335; x_wconf 87' lang='lat' dir='ltr'><strong>marie</strong></span> <span class='ocrx_word' id='word_1_48' title='bbox 767 1249 818 1336; x_wconf 93' lang='lat' dir='ltr'><strong>de</strong></span> <span class='ocrx_word' id='word_1_49' title='bbox 846 1252 1035 1361; x_wconf 86' lang='lat' dir='ltr'><strong>gudhaem</strong></span> <span class='ocrx_word' id='word_1_50' title='bbox 1061 1254 1234 1336; x_wconf 86' lang='lat' dir='ltr'><strong>fundum</strong></span> <span class='ocrx_word' id='word_1_51' title='bbox 1263 1281 1386 1366; x_wconf 87' lang='lat' dir='ltr'><strong>quem</strong></span> <span class='ocrx_word' id='word_1_52' title='bbox 1421 1280 1470 1335; x_wconf 86' lang='lat' dir='ltr'><strong>ex</strong></span> <span class='ocrx_word' id='word_1_53' title='bbox 1507 1254 1731 1337; x_wconf 88' lang='lat' dir='ltr'><strong>hereditate</strong></span> <span class='ocrx_word' id='word_1_54' title='bbox 1766 1276 1935 1367; x_wconf 84' lang='lat' dir='ltr'><strong>paterna</strong></span> <span class='ocrx_word' id='word_1_55' title='bbox 1970 1284 2068 1369; x_wconf 90' lang='lat' dir='ltr'><strong>pos·</strong></span> 
     </span>
     <span class='ocr_line' id='line_1_7' title="bbox 256 1362 2138 1479; baseline -0.003 -23"><span class='ocrx_word' id='word_1_56' title='bbox 256 1370 368 1457; x_wconf 89' lang='lat' dir='ltr'><strong>sideo</strong></span> <span class='ocrx_word' id='word_1_57' title='bbox 396 1364 676 1477; x_wconf 70' lang='lat' dir='ltr'><strong>dghalun&#39;dum</strong></span> <span class='ocrx_word' id='word_1_58' title='bbox 703 1393 797 1448; x_wconf 93' lang='lat' dir='ltr'><strong>cum</strong></span> <span class='ocrx_word' id='word_1_59' title='bbox 825 1362 1016 1448; x_wconf 83' lang='lat' dir='ltr'><strong>omnib&#39;us</strong></span> <span class='ocrx_word' id='word_1_60' title='bbox 1042 1366 1274 1476; x_wconf 86' lang='lat' dir='ltr'><strong>attinencijs</strong></span> <span class='ocrx_word' id='word_1_61' title='bbox 1318 1363 1508 1447; x_wconf 89' lang='lat' dir='ltr'><strong>uidelicet</strong></span> <span class='ocrx_word' id='word_1_62' title='bbox 1541 1366 1655 1448; x_wconf 91' lang='lat' dir='ltr'><strong>siluis</strong></span> <span class='ocrx_word' id='word_1_63' title='bbox 1689 1370 1944 1479; x_wconf 74' lang='lat' dir='ltr'><strong>piscariis&amp;</strong></span> <span class='ocrx_word' id='word_1_64' title='bbox 1972 1397 2068 1451; x_wconf 90' lang='lat' dir='ltr'><strong>cum</strong></span> <span class='ocrx_word' id='word_1_65' title='bbox 2132 1394 2138 1405; x_wconf 82' lang='lat'><strong><em>‘</em></strong></span> 
     </span>
     <span class='ocr_line' id='line_1_8' title="bbox 255 1476 2069 1589; baseline -0.003 -20"><span class='ocrx_word' id='word_1_66' title='bbox 255 1504 340 1569; x_wconf 89' lang='lat' dir='ltr'><strong>uno</strong></span> <span class='ocrx_word' id='word_1_67' title='bbox 370 1478 613 1563; x_wconf 79' lang='lat' dir='ltr'><strong>molendino</strong></span> <span class='ocrx_word' id='word_1_68' title='bbox 655 1477 807 1560; x_wconf 81' lang='lat' dir='ltr'><strong>¹Alium</strong></span> <span class='ocrx_word' id='word_1_69' title='bbox 835 1504 936 1558; x_wconf 93' lang='lat' dir='ltr'><strong>uero</strong></span> <span class='ocrx_word' id='word_1_70' title='bbox 966 1476 1142 1587; x_wconf 88' lang='lat' dir='ltr'><strong>fundum</strong></span> <span class='ocrx_word' id='word_1_71' title='bbox 1169 1506 1290 1589; x_wconf 91' lang='lat' dir='ltr'><strong>quem</strong></span> <span class='ocrx_word' id='word_1_72' title='bbox 1327 1476 1477 1558; x_wconf 87' lang='lat' dir='ltr'><strong>ibidem</strong></span> <span class='ocrx_word' id='word_1_73' title='bbox 1512 1506 1578 1561; x_wconf 82' lang='lat' dir='ltr'><strong>ex·</strong></span> <span class='ocrx_word' id='word_1_74' title='bbox 1597 1484 1849 1564; x_wconf 83' lang='lat' dir='ltr'><strong>successione</strong></span> <span class='ocrx_word' id='word_1_75' title='bbox 1884 1499 2069 1564; x_wconf 87' lang='lat' dir='ltr'><strong>materna</strong></span> 
     </span>
     <span class='ocr_line' id='line_1_9' title="bbox 255 1585 2070 1713; baseline -0.002 -36"><span class='ocrx_word' id='word_1_76' title='bbox 255 1592 444 1713; x_wconf 88' lang='lat' dir='ltr'><strong>possideo</strong></span> <span class='ocrx_word' id='word_1_77' title='bbox 476 1590 528 1675; x_wconf 94' lang='lat' dir='ltr'><strong>ad</strong></span> <span class='ocrx_word' id='word_1_78' title='bbox 557 1618 654 1673; x_wconf 88' lang='lat' dir='ltr'><strong>usus</strong></span> <span class='ocrx_word' id='word_1_79' title='bbox 682 1590 871 1703; x_wconf 89' lang='lat' dir='ltr'><strong>proprios</strong></span> <span class='ocrx_word' id='word_1_80' title='bbox 886 1585 996 1670; x_wconf 68' lang='lat' dir='ltr'><strong>suolo</strong></span> <span class='ocrx_word' id='word_1_81' title='bbox 1024 1617 1243 1672; x_wconf 86' lang='lat' dir='ltr'><strong>reseruare.</strong></span> <span class='ocrx_word' id='word_1_82' title='bbox 1278 1605 1420 1701; x_wconf 88' lang='lat' dir='ltr'><strong>preter</strong></span> <span class='ocrx_word' id='word_1_83' title='bbox 1444 1588 1665 1701; x_wconf 82' lang='lat' dir='ltr'><strong>uthskiptir</strong></span> <span class='ocrx_word' id='word_1_84' title='bbox 1691 1592 1820 1674; x_wconf 87' lang='lat' dir='ltr'><strong>silicet</strong></span> <span class='ocrx_word' id='word_1_85' title='bbox 1851 1594 1974 1676; x_wconf 87' lang='lat' dir='ltr'><strong>siluas</strong></span> <span class='ocrx_word' id='word_1_86' title='bbox 2002 1594 2070 1703; x_wconf 88' lang='lat' dir='ltr'><strong>pi·</strong></span> 
     </span>
     <span class='ocr_line' id='line_1_10' title="bbox 256 1700 2067 1816; baseline -0.003 -25"><span class='ocrx_word' id='word_1_87' title='bbox 256 1723 438 1791; x_wconf 86' lang='lat' dir='ltr'><strong>scaturas</strong></span> <span class='ocrx_word' id='word_1_88' title='bbox 451 1731 551 1816; x_wconf 88' lang='lat' dir='ltr'><strong>quas</strong></span> <span class='ocrx_word' id='word_1_89' title='bbox 565 1730 704 1785; x_wconf 90' lang='lat' dir='ltr'><strong>omnes</strong></span> <span class='ocrx_word' id='word_1_90' title='bbox 718 1702 931 1813; x_wconf 89' lang='lat' dir='ltr'><strong>utriusque</strong></span> <span class='ocrx_word' id='word_1_91' title='bbox 943 1700 1059 1783; x_wconf 86' lang='lat' dir='ltr'><strong>fundi</strong></span> <span class='ocrx_word' id='word_1_92' title='bbox 1075 1702 1244 1783; x_wconf 89' lang='lat' dir='ltr'><strong>ecclesie</strong></span> <span class='ocrx_word' id='word_1_93' title='bbox 1256 1700 1443 1809; x_wconf 86' lang='lat' dir='ltr'><strong>gudbaem</strong></span> <span class='ocrx_word' id='word_1_94' title='bbox 1466 1705 1652 1811; x_wconf 88' lang='lat' dir='ltr'><strong>superius</strong></span> <span class='ocrx_word' id='word_1_95' title='bbox 1675 1708 1878 1787; x_wconf 88' lang='lat' dir='ltr'><strong>nominate</strong></span> <span class='ocrx_word' id='word_1_96' title='bbox 1898 1704 2067 1787; x_wconf 82' lang='lat' dir='ltr'><strong>confero</strong></span> 
     </span>
     <span class='ocr_line' id='line_1_11' title="bbox 257 1812 2070 1929; baseline -0.002 -29"><span class='ocrx_word' id='word_1_97' title='bbox 257 1820 480 1929; x_wconf 78' lang='lat' dir='ltr'><strong>&amp;assigno</strong></span> <span class='ocrx_word' id='word_1_98' title='bbox 510 1814 644 1923; x_wconf 88' lang='lat' dir='ltr'><strong>Hujus</strong></span> <span class='ocrx_word' id='word_1_99' title='bbox 659 1814 719 1924; x_wconf 82' lang='lat' dir='ltr'><strong>rej</strong></span> <span class='ocrx_word' id='word_1_100' title='bbox 733 1830 853 1896; x_wconf 88' lang='lat' dir='ltr'><strong>testes</strong></span> <span class='ocrx_word' id='word_1_101' title='bbox 873 1833 969 1896; x_wconf 91' lang='lat' dir='ltr'><strong>sunt</strong></span> <span class='ocrx_word' id='word_1_102' title='bbox 989 1812 1430 1924; x_wconf 86' lang='lat' dir='ltr'><strong>dominus&#39;cpiscopus.</strong></span> <span class='ocrx_word' id='word_1_103' title='bbox 1462 1815 1648 1897; x_wconf 90' lang='lat' dir='ltr'><strong>dominus</strong></span> <span class='ocrx_word' id='word_1_104' title='bbox 1670 1820 1902 1927; x_wconf 88' lang='lat' dir='ltr'><strong>prepositus</strong></span> <span class='ocrx_word' id='word_1_105' title='bbox 1924 1845 1970 1898; x_wconf 86' lang='lat' dir='ltr'><strong>ac</strong></span> <span class='ocrx_word' id='word_1_106' title='bbox 1993 1814 2070 1927; x_wconf 79' lang='lat' dir='ltr'><strong>alij</strong></span> 
     </span>
     <span class='ocr_line' id='line_1_12' title="bbox 260 1924 2069 2045; baseline -0.001 -34"><span class='ocrx_word' id='word_1_107' title='bbox 260 1931 397 2045; x_wconf 88' lang='lat' dir='ltr'><strong>plures</strong></span> <span class='ocrx_word' id='word_1_108' title='bbox 419 1927 594 2035; x_wconf 86' lang='lat' dir='ltr'><strong>fidedign</strong></span> <span class='ocrx_word' id='word_1_109' title='bbox 599 1956 625 2037; x_wconf 85' lang='lat' dir='ltr'>J</span> <span class='ocrx_word' id='word_1_110' title='bbox 653 1926 706 2009; x_wconf 86' lang='lat' dir='ltr'><strong>ad</strong></span> <span class='ocrx_word' id='word_1_111' title='bbox 734 1925 980 2037; x_wconf 90' lang='lat' dir='ltr'><strong>quodetiam</strong></span> <span class='ocrx_word' id='word_1_112' title='bbox 996 1927 1270 2007; x_wconf 88' lang='lat' dir='ltr'><strong>testimonium</strong></span> <span class='ocrx_word' id='word_1_113' title='bbox 1283 1924 1458 2031; x_wconf 85' lang='lat' dir='ltr'><strong>sigillum</strong></span> <span class='ocrx_word' id='word_1_114' title='bbox 1474 1924 1629 2007; x_wconf 90' lang='lat' dir='ltr'><strong>domini</strong></span> <span class='ocrx_word' id='word_1_115' title='bbox 1640 1930 1820 2038; x_wconf 84' lang='lat' dir='ltr'><strong>episcopi</strong></span> <span class='ocrx_word' id='word_1_116' title='bbox 1836 1924 1896 2012; x_wconf 76' lang='lat' dir='ltr'><strong>cst&#39;</strong></span> <span class='ocrx_word' id='word_1_117' title='bbox 1910 1956 2069 2039; x_wconf 88' lang='lat' dir='ltr'><strong>appen-</strong></span> 
     </span>
    </p>

    <p class='ocr_par' dir='ltr' id='par_1_4' title="bbox 225 2036 2071 2238">
     <span class='ocr_line' id='line_1_13' title="bbox 225 2036 2071 2153; baseline -0.001 -28"><span class='ocrx_word' id='word_1_118' title='bbox 225 2071 356 2149; x_wconf 50' lang='lat' dir='ltr'><strong>„sum</strong></span> <span class='ocrx_word' id='word_1_119' title='bbox 412 2044 561 2123; x_wconf 87' lang='lat' dir='ltr'><strong>Datum</strong></span> <span class='ocrx_word' id='word_1_120' title='bbox 595 2038 783 2149; x_wconf 81' lang='lat' dir='ltr'><strong>gudhaem</strong></span> <span class='ocrx_word' id='word_1_121' title='bbox 822 2066 931 2120; x_wconf 91' lang='lat' dir='ltr'><strong>auno</strong></span> <span class='ocrx_word' id='word_1_122' title='bbox 971 2036 1139 2121; x_wconf 88' lang='lat' dir='ltr'><strong>domini.</strong></span> <span class='ocrx_word' id='word_1_123' title='bbox 1176 2036 1634 2123; x_wconf 79' lang='lat' dir='ltr'><strong>M⁶.CC·.LXXX⁰.VI⁸.</strong></span> <span class='ocrx_word' id='word_1_124' title='bbox 1658 2042 1715 2129; x_wconf 73' lang='lat' dir='ltr'><strong>‚in</strong></span> <span class='ocrx_word' id='word_1_125' title='bbox 1751 2039 1817 2123; x_wconf 88' lang='lat' dir='ltr'><strong>die</strong></span> <span class='ocrx_word' id='word_1_126' title='bbox 1858 2039 2071 2153; x_wconf 88' lang='lat' dir='ltr'><strong>apostolo·</strong></span> 
     </span>
     <span class='ocr_line' id='line_1_14' title="bbox 258 2148 746 2238; baseline -0.012 0"><span class='ocrx_word' id='word_1_127' title='bbox 258 2183 349 2238; x_wconf 89' lang='lat' dir='ltr'><strong>rum</strong></span> <span class='ocrx_word' id='word_1_128' title='bbox 377 2151 540 2235; x_wconf 90' lang='lat' dir='ltr'><strong>simonis</strong></span> <span class='ocrx_word' id='word_1_129' title='bbox 569 2156 610 2233; x_wconf 70' lang='lat' dir='ltr'><strong>tr</strong></span> <span class='ocrx_word' id='word_1_130' title='bbox 637 2148 746 2232; x_wconf 88' lang='lat' dir='ltr'><strong>iude.</strong></span> 
     </span>
    </p>
   </div>
   <div class='ocr_carea' id='block_1_4' title="bbox 391 2272 2143 2461">
    <p class='ocr_par' dir='ltr' id='par_1_5' title="bbox 391 2272 2143 2461">
     <span class='ocr_line' id='line_1_15' title="bbox 391 2272 2049 2384; baseline -0.001 -24"><span class='ocrx_word' id='word_1_131' title='bbox 391 2296 522 2380; x_wconf 74' lang='lat' dir='ltr'><strong>sigillet,</strong></span> <span class='ocrx_word' id='word_1_132' title='bbox 543 2273 610 2359; x_wconf 78' lang='lat' dir='ltr'><strong>som</strong></span> <span class='ocrx_word' id='word_1_133' title='bbox 631 2293 748 2384; x_wconf 67' lang='lat' dir='ltr'><strong>benger</strong></span> <span class='ocrx_word' id='word_1_134' title='bbox 768 2295 780 2359; x_wconf 87' lang='lat' dir='ltr'><strong>i</strong></span> <span class='ocrx_word' id='word_1_135' title='bbox 799 2316 839 2360; x_wconf 89' lang='lat' dir='ltr'><strong>cn</strong></span> <span class='ocrx_word' id='word_1_136' title='bbox 860 2314 899 2359; x_wconf 88' lang='grc' dir='ltr'>ιιι·</span> <span class='ocrx_word' id='word_1_137' title='bbox 919 2294 1041 2357; x_wconf 85' lang='lat' dir='ltr'><strong>brelvet</strong></span> <span class='ocrx_word' id='word_1_138' title='bbox 1061 2293 1164 2379; x_wconf 84' lang='lat' dir='ltr'><strong>llippt</strong></span> <span class='ocrx_word' id='word_1_139' title='bbox 1185 2316 1300 2371; x_wconf 80' lang='lat' dir='ltr'><strong>remss,</strong></span> <span class='ocrx_word' id='word_1_140' title='bbox 1322 2303 1356 2355; x_wconf 77' lang='lat' dir='ltr'><strong>tr</strong></span> <span class='ocrx_word' id='word_1_141' title='bbox 1377 2272 1527 2379; x_wconf 71' lang='lat' dir='ltr'><strong>sudeliqt,</strong></span> <span class='ocrx_word' id='word_1_142' title='bbox 1545 2293 1618 2358; x_wconf 89' lang='lat' dir='ltr'><strong>med</strong></span> <span class='ocrx_word' id='word_1_143' title='bbox 1639 2296 1762 2382; x_wconf 75' lang='lat' dir='ltr'><strong>iutryck</strong></span> <span class='ocrx_word' id='word_1_144' title='bbox 1781 2297 1824 2384; x_wconf 82' lang='lat' dir='ltr'><strong>pt</strong></span> <span class='ocrx_word' id='word_1_145' title='bbox 1845 2296 1931 2361; x_wconf 69' lang='lat' dir='ltr'><strong>hade</strong></span> <span class='ocrx_word' id='word_1_146' title='bbox 2046 2342 2049 2346; x_wconf 52' lang='lat'><em>›</em></span> 
     </span>
     <span class='ocr_line' id='line_1_16' title="bbox 915 2372 2143 2461; baseline -0.003 -21"><span class='ocrx_word' id='word_1_147' title='bbox 915 2377 1009 2459; x_wconf 79' lang='lat' dir='ltr'><strong>tidor‚</strong></span> <span class='ocrx_word' id='word_1_148' title='bbox 1032 2382 1113 2440; x_wconf 82' lang='lat' dir='ltr'><strong>men&#39;</strong></span> <span class='ocrx_word' id='word_1_149' title='bbox 1126 2380 1251 2461; x_wconf 81' lang='lat' dir='ltr'><strong>mycket</strong></span> <span class='ocrx_word' id='word_1_150' title='bbox 1271 2377 1412 2441; x_wconf 78' lang='lat' dir='ltr'><strong>sladadt.</strong></span> <span class='ocrx_word' id='word_1_151' title='bbox 1448 2407 1452 2415; x_wconf 61' lang='lat'><strong><em>¹</em></strong></span> <span class='ocrx_word' id='word_1_152' title='bbox 2137 2372 2143 2393; x_wconf 82' lang='lat'><em>&#39;</em></span> 
     </span>
    </p>
   </div>
   <div class='ocr_carea' id='block_1_5' title="bbox 261 2710 2156 2899">
    <p class='ocr_par' dir='ltr' id='par_1_6' title="bbox 261 2710 2156 2899">
     <span class='ocr_line' id='line_1_17' title="bbox 261 2710 2156 2899; baseline -0.002 -46"><span class='ocrx_word' id='word_1_153' title='bbox 261 2746 395 2894; x_wconf 82' lang='lat'><strong>928.</strong></span> <span class='ocrx_word' id='word_1_154' title='bbox 463 2856 471 2899; x_wconf 31' lang='grc' dir='ltr'>ε</span> <span class='ocrx_word' id='word_1_155' title='bbox 562 2858 565 2868; x_wconf 63' lang='grc'><strong>,</strong></span> <span class='ocrx_word' id='word_1_156' title='bbox 895 2742 1046 2858; x_wconf 85' lang='lat'>1286</span> <span class='ocrx_word' id='word_1_157' title='bbox 1094 2742 1143 2851; x_wconf 90' lang='lat' dir='ltr'><strong>d.</strong></span> <span class='ocrx_word' id='word_1_158' title='bbox 1193 2783 1262 2890; x_wconf 81' lang='lat'><strong>27</strong></span> <span class='ocrx_word' id='word_1_159' title='bbox 1310 2744 1439 2852; x_wconf 81' lang='lat' dir='ltr'><strong>Nor.</strong></span> <span class='ocrx_word' id='word_1_160' title='bbox 1752 2740 2101 2895; x_wconf 50' lang='lat' dir='ltr'><strong>liuldpmg(</strong></span> <span class='ocrx_word' id='word_1_161' title='bbox 2151 2710 2156 2719; x_wconf 32' lang='lat'><em>¹</em></span> 
     </span>
    </p>
   </div>
   <div class='ocr_carea' id='block_1_6' title="bbox 270 2944 1932 3139">
    <p class='ocr_par' dir='ltr' id='par_1_7' title="bbox 270 2944 1932 3139">
     <span class='ocr_line' id='line_1_18' title="bbox 270 2944 1669 3055; baseline -0.001 -25"><span class='ocrx_word' id='word_1_162' title='bbox 270 2944 288 2965; x_wconf 43' lang='lat'><strong>²</strong></span> <span class='ocrx_word' id='word_1_163' title='bbox 339 2964 505 3053; x_wconf 82' lang='lat' dir='ltr'><strong>Bislopens</strong></span> <span class='ocrx_word' id='word_1_164' title='bbox 526 2966 537 3030; x_wconf 91' lang='lat' dir='ltr'><strong>i</strong></span> <span class='ocrx_word' id='word_1_165' title='bbox 558 2964 747 3055; x_wconf 70' lang='lat' dir='ltr'><strong>Liuldping,</strong></span> <span class='ocrx_word' id='word_1_166' title='bbox 770 2968 878 3053; x_wconf 76' lang='lat' dir='ltr'><strong>Hertig</strong></span> <span class='ocrx_word' id='word_1_167' title='bbox 901 2970 1018 3033; x_wconf 68' lang='lat' dir='ltr'><strong>lictors</strong></span> <span class='ocrx_word' id='word_1_168' title='bbox 1038 2968 1089 3030; x_wconf 87' lang='lat' dir='ltr'><strong>till</strong></span> <span class='ocrx_word' id='word_1_169' title='bbox 1109 2963 1349 3050; x_wconf 77' lang='lat' dir='ltr'><strong>Dom-Capitlet</strong></span> <span class='ocrx_word' id='word_1_170' title='bbox 1370 2962 1452 3046; x_wconf 73' lang='lat' dir='ltr'><strong>gilae</strong></span> <span class='ocrx_word' id='word_1_171' title='bbox 1471 2962 1669 3049; x_wconf 76' lang='lat' dir='ltr'><strong>Privilegier.</strong></span> 
     </span>
     <span class='ocr_line' id='line_1_19' title="bbox 548 3077 1932 3139; baseline 0.01 -17"><span class='ocrx_word' id='word_1_172' title='bbox 548 3113 552 3122; x_wconf 93' lang='lat'><em>.</em></span> <span class='ocrx_word' id='word_1_173' title='bbox 1762 3077 1932 3139; x_wconf 52' lang='lat' dir='ltr'><strong>bion</strong></span> 
     </span>
    </p>
   </div>
   <div class='ocr_carea' id='block_1_7' title="bbox 243 3211 2157 5120">
    <p class='ocr_par' dir='ltr' id='par_1_8' title="bbox 243 3211 2157 5120">
     <span class='ocr_line' id='line_1_20' title="bbox 365 3211 2143 3326; baseline 0.003 -30"><span class='ocrx_word' id='word_1_174' title='bbox 365 3216 577 3314; x_wconf 89' lang='lat' dir='ltr'><strong>Vniuersis</strong></span> <span class='ocrx_word' id='word_1_175' title='bbox 605 3211 932 3298; x_wconf 88' lang='lat' dir='ltr'><strong>christifidelibus</strong></span> <span class='ocrx_word' id='word_1_176' title='bbox 960 3241 1124 3324; x_wconf 76' lang='lat' dir='ltr'><strong>presens</strong></span> <span class='ocrx_word' id='word_1_177' title='bbox 1152 3218 1347 3326; x_wconf 91' lang='lat' dir='ltr'><strong>scriptum</strong></span> <span class='ocrx_word' id='word_1_178' title='bbox 1375 3215 1523 3297; x_wconf 85' lang='lat' dir='ltr'><strong>visuris</strong></span> <span class='ocrx_word' id='word_1_179' title='bbox 1535 3215 1601 3297; x_wconf 91' lang='lat' dir='ltr'><strong>uel</strong></span> <span class='ocrx_word' id='word_1_180' title='bbox 1617 3214 1828 3298; x_wconf 86' lang='lat' dir='ltr'><strong>audituris.</strong></span> <span class='ocrx_word' id='word_1_181' title='bbox 1865 3218 2064 3302; x_wconf 76' lang='lat' dir='ltr'><strong>Bsnamc·</strong></span> <span class='ocrx_word' id='word_1_182' title='bbox 2118 3233 2143 3323; x_wconf 60' lang='lat' dir='ltr'><em>J</em></span> 
     </span>
     <span class='ocr_line' id='line_1_21' title="bbox 257 3325 2063 3438; baseline 0 -25"><span class='ocrx_word' id='word_1_183' title='bbox 257 3353 334 3414; x_wconf 80' lang='lat' dir='ltr'><strong>rus</strong></span> <span class='ocrx_word' id='word_1_184' title='bbox 365 3329 626 3410; x_wconf 81' lang='lat' dir='ltr'><strong>miseracione</strong></span> <span class='ocrx_word' id='word_1_185' title='bbox 654 3325 794 3408; x_wconf 91' lang='lat' dir='ltr'><strong>diuina</strong></span> <span class='ocrx_word' id='word_1_186' title='bbox 824 3329 1051 3438; x_wconf 90' lang='lat' dir='ltr'><strong>Episcopus</strong></span> <span class='ocrx_word' id='word_1_187' title='bbox 1080 3327 1356 3436; x_wconf 86' lang='lat' dir='ltr'><strong>Liucopensis,</strong></span> <span class='ocrx_word' id='word_1_188' title='bbox 1383 3330 1480 3409; x_wconf 78' lang='lat' dir='ltr'><strong>Dux</strong></span> <span class='ocrx_word' id='word_1_189' title='bbox 1506 3328 1720 3410; x_wconf 88' lang='lat' dir='ltr'><strong>Finlandie</strong></span> <span class='ocrx_word' id='word_1_190' title='bbox 1743 3332 1969 3411; x_wconf 89' lang='lat' dir='ltr'><strong>salutemin</strong></span> <span class='ocrx_word' id='word_1_191' title='bbox 1986 3331 2063 3414; x_wconf 93' lang='lat' dir='ltr'><strong>do·</strong></span> 
     </span>
     <span class='ocr_line' id='line_1_22' title="bbox 255 3438 2064 3553; baseline 0.001 -29"><span class='ocrx_word' id='word_1_192' title='bbox 255 3441 690 3548; x_wconf 80' lang='lat' dir='ltr'><strong>mino&#39;sempiternam.</strong></span> <span class='ocrx_word' id='word_1_193' title='bbox 752 3438 934 3534; x_wconf 89' lang='lat' dir='ltr'><strong>Seculari</strong></span> <span class='ocrx_word' id='word_1_194' title='bbox 970 3440 1154 3548; x_wconf 87' lang='lat' dir='ltr'><strong>deputati</strong></span> <span class='ocrx_word' id='word_1_195' title='bbox 1191 3440 1337 3553; x_wconf 80' lang='lat' dir='ltr'><strong>milicie</strong></span> <span class='ocrx_word' id='word_1_196' title='bbox 1364 3467 1389 3520; x_wconf 81' lang='lat' dir='ltr'><strong>a</strong></span> <span class='ocrx_word' id='word_1_197' title='bbox 1415 3455 1579 3520; x_wconf 87' lang='lat' dir='ltr'><strong>terreno</strong></span> <span class='ocrx_word' id='word_1_198' title='bbox 1607 3468 1779 3550; x_wconf 88' lang='lat' dir='ltr'><strong>prorsus</strong></span> <span class='ocrx_word' id='word_1_199' title='bbox 1803 3443 1974 3552; x_wconf 84' lang='lat' dir='ltr'><strong>imperio</strong></span> <span class='ocrx_word' id='word_1_200' title='bbox 1991 3473 2064 3526; x_wconf 82' lang='lat' dir='ltr'><strong>va·</strong></span> 
     </span>
     <span class='ocr_line' id='line_1_23' title="bbox 255 3547 2063 3666; baseline -0.001 -30"><span class='ocrx_word' id='word_1_201' title='bbox 255 3552 580 3662; x_wconf 20' lang='lat' dir='ltr'><strong>riistpriuilegiis</strong></span> <span class='ocrx_word' id='word_1_202' title='bbox 608 3547 657 3632; x_wconf 77' lang='lat' dir='ltr'><strong>ac&#39;</strong></span> <span class='ocrx_word' id='word_1_203' title='bbox 683 3547 844 3633; x_wconf 89' lang='lat' dir='ltr'><strong>dillusis</strong></span> <span class='ocrx_word' id='word_1_204' title='bbox 873 3551 1129 3635; x_wconf 85' lang='lat' dir='ltr'><strong>libertatibus</strong></span> <span class='ocrx_word' id='word_1_205' title='bbox 1157 3580 1241 3632; x_wconf 91' lang='lat' dir='ltr'><strong>nou</strong></span> <span class='ocrx_word' id='word_1_206' title='bbox 1276 3553 1479 3632; x_wconf 88' lang='lat' dir='ltr'><strong>immerito</strong></span> <span class='ocrx_word' id='word_1_207' title='bbox 1514 3568 1610 3633; x_wconf 88' lang='lat' dir='ltr'><strong>sunt</strong></span> <span class='ocrx_word' id='word_1_208' title='bbox 1644 3551 1778 3634; x_wconf 67' lang='lat' dir='ltr'><strong>ditati,</strong></span> <span class='ocrx_word' id='word_1_209' title='bbox 1802 3553 1856 3634; x_wconf 86' lang='lat' dir='ltr'><strong>ad</strong></span> <span class='ocrx_word' id='word_1_210' title='bbox 1881 3581 2063 3666; x_wconf 91' lang='lat' dir='ltr'><strong>quorum</strong></span> 
     </span>
     <span class='ocr_line' id='line_1_24' title="bbox 254 3662 2062 3775; baseline 0.001 -27"><span class='ocrx_word' id='word_1_211' title='bbox 254 3668 383 3770; x_wconf 65' lang='lat' dir='ltr'><strong>instar</strong></span> <span class='ocrx_word' id='word_1_212' title='bbox 399 3666 503 3775; x_wconf 85' lang='lat' dir='ltr'><strong>quis</strong></span> <span class='ocrx_word' id='word_1_213' title='bbox 530 3690 626 3764; x_wconf 85' lang='lat' dir='ltr'><strong>sane</strong></span> <span class='ocrx_word' id='word_1_214' title='bbox 654 3665 799 3744; x_wconf 89' lang='lat' dir='ltr'><strong>mentis</strong></span> <span class='ocrx_word' id='word_1_215' title='bbox 827 3665 1007 3772; x_wconf 82' lang='lat' dir='ltr'><strong>ambigat</strong></span> <span class='ocrx_word' id='word_1_216' title='bbox 1033 3662 1176 3744; x_wconf 87' lang='lat' dir='ltr'><strong>christi</strong></span> <span class='ocrx_word' id='word_1_217' title='bbox 1203 3665 1404 3772; x_wconf 85' lang='lat' dir='ltr'><strong>ascriptos</strong></span> <span class='ocrx_word' id='word_1_218' title='bbox 1429 3662 1580 3746; x_wconf 82' lang='lat' dir='ltr'><strong>milicie</strong></span> <span class='ocrx_word' id='word_1_219' title='bbox 1604 3663 1874 3774; x_wconf 86' lang='lat' dir='ltr'><strong>amplioribus</strong></span> <span class='ocrx_word' id='word_1_220' title='bbox 1889 3695 1942 3748; x_wconf 49' lang='lat' dir='ltr'><strong>ac*</strong></span> <span class='ocrx_word' id='word_1_221' title='bbox 1959 3666 2062 3750; x_wconf 83' lang='lat' dir='ltr'><strong>vbe-</strong></span> 
     </span>
     <span class='ocr_line' id='line_1_25' title="bbox 254 3773 2061 3888; baseline -0.001 -27"><span class='ocrx_word' id='word_1_222' title='bbox 254 3777 433 3880; x_wconf 81' lang='lat' dir='ltr'><strong>rioribus</strong></span> <span class='ocrx_word' id='word_1_223' title='bbox 458 3774 724 3886; x_wconf 85' lang='lat' dir='ltr'><strong>exsequendis</strong></span> <span class='ocrx_word' id='word_1_224' title='bbox 752 3774 988 3858; x_wconf 83' lang='lat' dir='ltr'><strong>libertatum</strong></span> <span class='ocrx_word' id='word_1_225' title='bbox 1016 3774 1189 3856; x_wconf 83' lang='lat' dir='ltr'><strong>cumulis</strong></span> <span class='ocrx_word' id='word_1_226' title='bbox 1215 3775 1370 3885; x_wconf 87' lang='lat' dir='ltr'><strong>quibus</strong></span> <span class='ocrx_word' id='word_1_227' title='bbox 1393 3773 1545 3857; x_wconf 79' lang='lat' dir='ltr'><strong>sorcius</strong></span> <span class='ocrx_word' id='word_1_228' title='bbox 1577 3793 1784 3858; x_wconf 84' lang='lat' dir='ltr'><strong>certamen</strong></span> <span class='ocrx_word' id='word_1_229' title='bbox 1818 3775 2061 3888; x_wconf 82' lang='lat' dir='ltr'><strong>aggredien-</strong></span> 
     </span>
     <span class='ocr_line' id='line_1_26' title="bbox 255 3887 2157 3998; baseline 0.002 -28"><span class='ocrx_word' id='word_1_230' title='bbox 255 3889 385 3990; x_wconf 77' lang='lat' dir='ltr'><strong>tibus,</strong></span> <span class='ocrx_word' id='word_1_231' title='bbox 414 3915 663 3998; x_wconf 84' lang='lat' dir='ltr'><strong>regnumque</strong></span> <span class='ocrx_word' id='word_1_232' title='bbox 692 3889 755 3969; x_wconf 89' lang='lat' dir='ltr'><strong>sui</strong></span> <span class='ocrx_word' id='word_1_233' title='bbox 789 3887 983 3998; x_wconf 83' lang='lat' dir='ltr'><strong>principis</strong></span> <span class='ocrx_word' id='word_1_234' title='bbox 1026 3891 1202 3996; x_wconf 84' lang='lat' dir='ltr'><strong>primum</strong></span> <span class='ocrx_word' id='word_1_235' title='bbox 1244 3887 1509 3998; x_wconf 87' lang='lat' dir='ltr'><strong>querentibus</strong></span> <span class='ocrx_word' id='word_1_236' title='bbox 1550 3887 1645 3998; x_wconf 88' lang='lat' dir='ltr'><strong>ipso</strong></span> <span class='ocrx_word' id='word_1_237' title='bbox 1676 3905 1908 3988; x_wconf 83' lang='lat' dir='ltr'><strong>attestante,</strong></span> <span class='ocrx_word' id='word_1_238' title='bbox 1951 3889 2060 3974; x_wconf 87' lang='lat' dir='ltr'><strong>adici</strong></span> <span class='ocrx_word' id='word_1_239' title='bbox 2150 3907 2157 3916; x_wconf 90' lang='lat'><em>&#39;</em></span> 
     </span>
     <span class='ocr_line' id='line_1_27' title="bbox 255 3989 2062 4112; baseline 0.002 -28"><span class='ocrx_word' id='word_1_240' title='bbox 255 4004 389 4084; x_wconf 85' lang='lat' dir='ltr'><strong>omnia</strong></span> <span class='ocrx_word' id='word_1_241' title='bbox 416 4001 492 4083; x_wconf 91' lang='lat' dir='ltr'><strong>bec</strong></span> <span class='ocrx_word' id='word_1_242' title='bbox 517 3997 680 4098; x_wconf 63' lang='lat' dir='ltr'><strong>debete.</strong></span> <span class='ocrx_word' id='word_1_243' title='bbox 737 4001 888 4082; x_wconf 92' lang='lat' dir='ltr'><strong>Verum</strong></span> <span class='ocrx_word' id='word_1_244' title='bbox 916 3999 1013 4112; x_wconf 86' lang='lat' dir='ltr'><strong>quia</strong></span> <span class='ocrx_word' id='word_1_245' title='bbox 1041 4017 1173 4082; x_wconf 89' lang='lat' dir='ltr'><strong>mater</strong></span> <span class='ocrx_word' id='word_1_246' title='bbox 1197 3998 1362 4080; x_wconf 88' lang='lat' dir='ltr'><strong>ecclesia</strong></span> <span class='ocrx_word' id='word_1_247' title='bbox 1392 3989 1537 4081; x_wconf 87' lang='lat' dir='ltr'><strong>maiori</strong></span> <span class='ocrx_word' id='word_1_248' title='bbox 1562 4029 1686 4112; x_wconf 89' lang='lat' dir='ltr'><strong>quam</strong></span> <span class='ocrx_word' id='word_1_249' title='bbox 1718 4001 1804 4085; x_wconf 87' lang='lat' dir='ltr'><strong>filie·</strong></span> <span class='ocrx_word' id='word_1_250' title='bbox 1828 4001 1950 4086; x_wconf 91' lang='lat' dir='ltr'><strong>debet</strong></span> <span class='ocrx_word' id='word_1_251' title='bbox 1986 4001 2062 4088; x_wconf 87' lang='lat' dir='ltr'><strong>bo·</strong></span> 
     </span>
     <span class='ocr_line' id='line_1_28' title="bbox 243 4110 2062 4222; baseline 0 -26"><span class='ocrx_word' id='word_1_252' title='bbox 243 4131 354 4196; x_wconf 64' lang='lat' dir='ltr'><strong>‘nore</strong></span> <span class='ocrx_word' id='word_1_253' title='bbox 398 4117 438 4192; x_wconf 84' lang='grc' dir='ltr'><strong>8ι</strong></span> <span class='ocrx_word' id='word_1_254' title='bbox 469 4118 710 4218; x_wconf 81' lang='lat' dir='ltr'><strong>¹reuerencia</strong></span> <span class='ocrx_word' id='word_1_255' title='bbox 751 4110 966 4192; x_wconf 78' lang='lat' dir='ltr'><strong>humilius¹</strong></span> <span class='ocrx_word' id='word_1_256' title='bbox 985 4113 1215 4222; x_wconf 81' lang='lat' dir='ltr'><strong>amplexari.</strong></span> <span class='ocrx_word' id='word_1_257' title='bbox 1253 4112 1409 4194; x_wconf 87' lang='lat' dir='ltr'><strong>racioni</strong></span> <span class='ocrx_word' id='word_1_258' title='bbox 1442 4140 1670 4222; x_wconf 89' lang='lat' dir='ltr'><strong>consonum</strong></span> <span class='ocrx_word' id='word_1_259' title='bbox 1711 4113 1969 4211; x_wconf 81' lang='lat' dir='ltr'><strong>arbitramur,</strong></span> <span class='ocrx_word' id='word_1_260' title='bbox 2012 4131 2062 4196; x_wconf 84' lang='lat' dir='ltr'><strong>vt</strong></span> 
     </span>
     <span class='ocr_line' id='line_1_29' title="bbox 255 4222 2063 4336; baseline 0.001 -28"><span class='ocrx_word' id='word_1_261' title='bbox 255 4227 381 4336; x_wconf 91' lang='lat' dir='ltr'><strong>ipsius</strong></span> <span class='ocrx_word' id='word_1_262' title='bbox 409 4225 547 4304; x_wconf 90' lang='lat' dir='ltr'><strong>matris</strong></span> <span class='ocrx_word' id='word_1_263' title='bbox 575 4222 740 4303; x_wconf 87' lang='lat' dir='ltr'><strong>ecclesie</strong></span> <span class='ocrx_word' id='word_1_264' title='bbox 776 4223 950 4304; x_wconf 90' lang='lat' dir='ltr'><strong>ministri</strong></span> <span class='ocrx_word' id='word_1_265' title='bbox 985 4251 1058 4331; x_wconf 90' lang='lat' dir='ltr'><strong>pre</strong></span> <span class='ocrx_word' id='word_1_266' title='bbox 1092 4223 1264 4304; x_wconf 88' lang='lat' dir='ltr'><strong>filiarum</strong></span> <span class='ocrx_word' id='word_1_267' title='bbox 1307 4225 1499 4304; x_wconf 85' lang='lat' dir='ltr'><strong>ministris</strong></span> <span class='ocrx_word' id='word_1_268' title='bbox 1541 4225 1840 4333; x_wconf 82' lang='lat' dir='ltr'><strong>prerogatiuam</strong></span> <span class='ocrx_word' id='word_1_269' title='bbox 1885 4223 2063 4310; x_wconf 83' lang='lat' dir='ltr'><strong>babeant</strong></span> 
     </span>
     <span class='ocr_line' id='line_1_30' title="bbox 255 4332 2058 4447; baseline 0.001 -28"><span class='ocrx_word' id='word_1_270' title='bbox 255 4335 536 4447; x_wconf 87' lang='lat' dir='ltr'><strong>episcopalem.</strong></span> <span class='ocrx_word' id='word_1_271' title='bbox 593 4332 867 4438; x_wconf 88' lang='lat' dir='ltr'><strong>Quamobrem</strong></span> <span class='ocrx_word' id='word_1_272' title='bbox 896 4351 977 4416; x_wconf 89' lang='lat' dir='ltr'><strong>tam</strong></span> <span class='ocrx_word' id='word_1_273' title='bbox 1005 4336 1187 4444; x_wconf 82' lang='lat' dir='ltr'><strong>personis</strong></span> <span class='ocrx_word' id='word_1_274' title='bbox 1215 4335 1259 4412; x_wconf 90' lang='lat' dir='ltr'><strong>in</strong></span> <span class='ocrx_word' id='word_1_275' title='bbox 1297 4334 1497 4442; x_wconf 77' lang='lat' dir='ltr'><strong>dignitate,</strong></span> <span class='ocrx_word' id='word_1_276' title='bbox 1520 4338 1759 4439; x_wconf 21' lang='lat' dir='ltr'><strong>&#39;constitutis</strong></span> <span class='ocrx_word' id='word_1_277' title='bbox 1795 4334 1848 4416; x_wconf 89' lang='lat' dir='ltr'><strong>de</strong></span> <span class='ocrx_word' id='word_1_278' title='bbox 1884 4337 2058 4446; x_wconf 86' lang='lat' dir='ltr'><strong>collegio</strong></span> 
     </span>
     <span class='ocr_line' id='line_1_31' title="bbox 255 4441 2059 4556; baseline 0.002 -26"><span class='ocrx_word' id='word_1_279' title='bbox 255 4447 419 4530; x_wconf 89' lang='lat' dir='ltr'><strong>ecclesie</strong></span> <span class='ocrx_word' id='word_1_280' title='bbox 448 4463 583 4529; x_wconf 87' lang='lat' dir='ltr'><strong>nostre</strong></span> <span class='ocrx_word' id='word_1_281' title='bbox 611 4447 877 4553; x_wconf 89' lang='lat' dir='ltr'><strong>Liucopensis</strong></span> <span class='ocrx_word' id='word_1_282' title='bbox 903 4474 1028 4556; x_wconf 91' lang='lat' dir='ltr'><strong>quam</strong></span> <span class='ocrx_word' id='word_1_283' title='bbox 1054 4445 1211 4524; x_wconf 86' lang='lat' dir='ltr'><strong>ceteris</strong></span> <span class='ocrx_word' id='word_1_284' title='bbox 1228 4443 1406 4525; x_wconf 87' lang='lat' dir='ltr'><strong>eiusdem</strong></span> <span class='ocrx_word' id='word_1_285' title='bbox 1437 4441 1600 4555; x_wconf 72' lang='lat' dir='ltr'><strong>collegi]</strong></span> <span class='ocrx_word' id='word_1_286' title='bbox 1626 4447 1840 4528; x_wconf 84' lang='lat' dir='ltr'><strong>Canonicis</strong></span> <span class='ocrx_word' id='word_1_287' title='bbox 1868 4445 2059 4534; x_wconf 84' lang='lat' dir='ltr'><strong>duximus</strong></span> 
     </span>
     <span class='ocr_line' id='line_1_32' title="bbox 256 4554 2061 4670; baseline 0.002 -30"><span class='ocrx_word' id='word_1_288' title='bbox 256 4555 561 4664; x_wconf 83' lang='lat' dir='ltr'><strong>indulgendum.</strong></span> <span class='ocrx_word' id='word_1_289' title='bbox 588 4571 633 4637; x_wconf 84' lang='lat' dir='ltr'><strong>vt</strong></span> <span class='ocrx_word' id='word_1_290' title='bbox 660 4557 798 4637; x_wconf 86' lang='lat' dir='ltr'><strong>nullus</strong></span> <span class='ocrx_word' id='word_1_291' title='bbox 837 4586 977 4638; x_wconf 83' lang='lat' dir='ltr'><strong>eorum</strong></span> <span class='ocrx_word' id='word_1_292' title='bbox 1020 4554 1206 4637; x_wconf 87' lang='lat' dir='ltr'><strong>decetero</strong></span> <span class='ocrx_word' id='word_1_293' title='bbox 1234 4556 1442 4636; x_wconf 88' lang='lat' dir='ltr'><strong>ecclesiam</strong></span> <span class='ocrx_word' id='word_1_294' title='bbox 1470 4555 1622 4637; x_wconf 85' lang='lat' dir='ltr'><strong>habens</strong></span> <span class='ocrx_word' id='word_1_295' title='bbox 1651 4556 1839 4668; x_wconf 83' lang='lat' dir='ltr'><strong>dignitati</strong></span> <span class='ocrx_word' id='word_1_296' title='bbox 1866 4560 1933 4641; x_wconf 90' lang='lat' dir='ltr'><strong>uel</strong></span> <span class='ocrx_word' id='word_1_297' title='bbox 1964 4589 2061 4670; x_wconf 86' lang='lat' dir='ltr'><strong>pre·</strong></span> 
     </span>
     <span class='ocr_line' id='line_1_33' title="bbox 254 4665 2125 4779; baseline 0.002 -28"><span class='ocrx_word' id='word_1_298' title='bbox 254 4668 388 4751; x_wconf 85' lang='lat' dir='ltr'><strong>bende</strong></span> <span class='ocrx_word' id='word_1_299' title='bbox 400 4691 595 4750; x_wconf 81' lang='lat' dir='ltr'><strong>annexam</strong></span> <span class='ocrx_word' id='word_1_300' title='bbox 608 4696 675 4750; x_wconf 87' lang='lat' dir='ltr'><strong>seu</strong></span> <span class='ocrx_word' id='word_1_301' title='bbox 700 4669 798 4748; x_wconf 86' lang='lat' dir='ltr'><strong>alias</strong></span> <span class='ocrx_word' id='word_1_302' title='bbox 820 4668 1020 4765; x_wconf 89' lang='lat' dir='ltr'><strong>collatam,</strong></span> <span class='ocrx_word' id='word_1_303' title='bbox 1041 4665 1371 4764; x_wconf 87' lang='lat' dir='ltr'><strong>cathedraticum,</strong></span> <span class='ocrx_word' id='word_1_304' title='bbox 1393 4665 1686 4767; x_wconf 68' lang='lat' dir='ltr'><strong>sinodaticum,</strong></span> <span class='ocrx_word' id='word_1_305' title='bbox 1709 4673 2059 4779; x_wconf 77' lang='lat' dir='ltr'><strong>procuracionem,</strong></span> <span class='ocrx_word' id='word_1_306' title='bbox 2115 4756 2125 4765; x_wconf 74' lang='grc'><strong>,</strong></span> 
     </span>
     <span class='ocr_line' id='line_1_34' title="bbox 255 4777 2062 4891; baseline 0 -27"><span class='ocrx_word' id='word_1_307' title='bbox 255 4782 617 4878; x_wconf 90' lang='lat' dir='ltr'><strong>contribucionem,</strong></span> <span class='ocrx_word' id='word_1_308' title='bbox 638 4779 874 4875; x_wconf 90' lang='lat' dir='ltr'><strong>subsidium,</strong></span> <span class='ocrx_word' id='word_1_309' title='bbox 892 4797 964 4861; x_wconf 87' lang='lat' dir='ltr'><strong>aut</strong></span> <span class='ocrx_word' id='word_1_310' title='bbox 984 4797 1171 4891; x_wconf 89' lang='lat' dir='ltr'><strong>questum</strong></span> <span class='ocrx_word' id='word_1_311' title='bbox 1216 4777 1407 4859; x_wconf 85' lang='lat' dir='ltr'><strong>uemlibet</strong></span> <span class='ocrx_word' id='word_1_312' title='bbox 1420 4781 1612 4888; x_wconf 90' lang='lat' dir='ltr'><strong>episcopo</strong></span> <span class='ocrx_word' id='word_1_313' title='bbox 1626 4781 1784 4863; x_wconf 90' lang='lat' dir='ltr'><strong>soluere</strong></span> <span class='ocrx_word' id='word_1_314' title='bbox 1799 4808 1871 4861; x_wconf 89' lang='lat' dir='ltr'><strong>seu</strong></span> <span class='ocrx_word' id='word_1_315' title='bbox 1885 4782 2062 4868; x_wconf 85' lang='lat' dir='ltr'><strong>reddere</strong></span> 
     </span>
     <span class='ocr_line' id='line_1_35' title="bbox 255 4809 2059 5011; baseline 0.001 -37"><span class='ocrx_word' id='word_1_316' title='bbox 255 4909 454 4975; x_wconf 82' lang='lat' dir='ltr'><strong>teneatur.</strong></span> <span class='ocrx_word' id='word_1_317' title='bbox 477 4891 684 4973; x_wconf 83' lang='lat' dir='ltr'><strong>¹adicimus</strong></span> <span class='ocrx_word' id='word_1_318' title='bbox 716 4893 882 5001; x_wconf 89' lang='lat' dir='ltr'><strong>insuper</strong></span> <span class='ocrx_word' id='word_1_319' title='bbox 910 4906 955 4972; x_wconf 92' lang='lat' dir='ltr'><strong>vt</strong></span> <span class='ocrx_word' id='word_1_320' title='bbox 990 4891 1145 5000; x_wconf 84' lang='lat' dir='ltr'><strong>prefate</strong></span> <span class='ocrx_word' id='word_1_321' title='bbox 1180 4809 1423 4998; x_wconf 80' lang='lat' dir='ltr'><strong>dignitatum</strong></span> <span class='ocrx_word' id='word_1_322' title='bbox 1459 4917 1630 4999; x_wconf 90' lang='lat' dir='ltr'><strong>persone</strong></span> <span class='ocrx_word' id='word_1_323' title='bbox 1666 4921 1714 5010; x_wconf 75' lang='lat' dir='ltr'><strong>aq</strong></span> <span class='ocrx_word' id='word_1_324' title='bbox 1743 4895 1935 5011; x_wconf 69' lang='lat' dir='ltr'><strong>cpupnici</strong></span> <span class='ocrx_word' id='word_1_325' title='bbox 1971 4923 2059 4976; x_wconf 89' lang='lat' dir='ltr'><strong>me-</strong></span> 
     </span>
     <span class='ocr_line' id='line_1_36' title="bbox 255 4993 2060 5120; baseline 0.002 -34"><span class='ocrx_word' id='word_1_326' title='bbox 255 5006 401 5086; x_wconf 90' lang='lat' dir='ltr'><strong>morati</strong></span> <span class='ocrx_word' id='word_1_327' title='bbox 429 5004 751 5120; x_wconf 71' lang='lat' dir='ltr'><strong>collegii-super</strong></span> <span class='ocrx_word' id='word_1_328' title='bbox 779 5001 944 5086; x_wconf 88' lang='lat' dir='ltr'><strong>decimis</strong></span> <span class='ocrx_word' id='word_1_329' title='bbox 971 5032 1017 5085; x_wconf 89' lang='lat' dir='ltr'><strong>ac</strong></span> <span class='ocrx_word' id='word_1_330' title='bbox 1046 5003 1177 5084; x_wconf 88' lang='lat' dir='ltr'><strong>causis</strong></span> <span class='ocrx_word' id='word_1_331' title='bbox 1204 4999 1504 5112; x_wconf 83' lang='lat' dir='ltr'><strong>episcopalibus</strong></span> <span class='ocrx_word' id='word_1_332' title='bbox 1531 4993 1856 5118; x_wconf 78' lang='lat' dir='ltr'><strong>quibuscumque</strong></span> <span class='ocrx_word' id='word_1_333' title='bbox 1872 5000 1922 5088; x_wconf 90' lang='lat' dir='ltr'><strong>de</strong></span> <span class='ocrx_word' id='word_1_334' title='bbox 1938 5005 2060 5090; x_wconf 91' lang='lat' dir='ltr'><strong>bonis</strong></span> 
     </span>
    </p>
   </div>
   <div class='ocr_carea' id='block_1_8' title="bbox 0 0 2164 5972">
    <p class='ocr_par' dir='ltr' id='par_1_9' title="bbox 0 0 2164 5972">
     <span class='ocr_line' id='line_1_37' title="bbox 0 0 2164 5972; baseline 0 0"><span class='ocrx_word' id='word_1_335' title='bbox 0 0 2164 5972; x_wconf 95' lang='lat' dir='ltr'><strong> </strong></span> 
     </span>
    </p>
   </div>
  </div>
 </body>
</html>
