4317 5975
770 408 1025 517 „¹359
1135 400 1401 485 ...ff

87 621 242 739 potenti
270 624 353 712 deo¹
377 644 458 707 non
488 626 676 710 inmerito
706 626 793 709 lore
822 626 1072 737 dignoscitur
1112 630 1416 715 elemosinarum
1459 628 1631 740 largicio·
1652 634 1881 741 gracioruet
1951 710 1955 715 .

88 740 296 848 aocepcior
325 766 447 849 quam
476 740 569 849 quis
599 739 694 822 lacit
722 739 935 823 incolumis
961 743 1096 851 Atque
1124 771 1258 839 sanus,
1287 741 1448 823 Jdciroo
1472 746 1755 854 premissorum
1784 772 1880 825 con·

88 852 337 934 sideracione
367 866 473 933 mota
516 852 605 957 Ego
633 850 862 959 jngiburgis
896 851 1052 934 Relicta
1088 852 1242 937 domitu
1272 854 1334 935 .Μ.
1362 854 1552 960 joansson
1595 856 1702 937 bone
1733 884 1881 937 memo-

87 966 164 1058 rie,
194 964 356 1042 Curiam
388 989 512 1041 meam
544 962 668 1050 vallar
698 964 738 1040 in
767 963 1285 1072 sudhermanniaparochia
1303 964 1537 1073 hughestal,
1566 966 1687 1076 quam
1716 967 1881 1048 Anchie-

85 1077 255 1187 piscopo
283 1089 324 1153 et
355 1073 531 1165 Ecclesie
559 1073 760 1180 vpsalensi
789 1076 831 1157 in
862 1102 952 1156 meo
975 1074 1206 1182 ‘legaueram
1236 1092 1499 1174 testamento,
1538 1078 1657 1159 Nunc
1674 1077 1729 1159 de
1759 1079 1881 1159 bene·
1918 1108 1922 1115 ·
1953 1119 1963 1129 -

88 1186 236 1297 placito
264 1200 306 1265 et
334 1212 532 1268 consensu
559 1184 796 1267 dilectarum
826 1186 995 1269 filiarum
1027 1209 1218 1281 mearum,
1248 1188 1536 1297 Margareteet
1564 1188 1811 1299 jngibnrgis,
1840 1191 1881 1267 in

87 1324 265 1381 meorum
301 1297 572 1378 remissionem
602 1316 858 1404 peecatorum
887 1298 1008 1406 titulo
1036 1296 1274 1388 domnionis
1294 1300 1399 1379 inter
1428 1300 1541 1379 vinos
1569 1328 1617 1381 ex
1647 1320 1755 1383 nunc
1785 1328 1883 1381 con·
1994 1304 1999 1309 ’

13 1442 20 1450 ·
86 1406 193 1504 lero,
222 1408 383 1515 assigno
411 1422 452 1487 et
481 1410 706 1516 approprio
733 1407 843 1489 dicto
871 1410 1038 1491 domino
1068 1410 1387 1520 Arclriepiscopo
1415 1426 1455 1491 et
1485 1411 1660 1495 Ecclesie
1689 1434 1884 1499 memora-

88 1538 149 1615 te,
193 1518 563 1626 Cumsubscriptis
606 1519 758 1626 predijs
800 1535 850 1601 ct
886 1521 1166 1629 pertinencijs,
1203 1524 1292 1603 iure
1335 1538 1536 1631 perpetuo
1579 1523 1884 1631 possidendam,

23 1638 31 1647 '
90 1631 279 1713 videlicet
308 1629 350 1709 in
380 1630 469 1738 ipso
498 1628 627 1719 fundo
670 1632 782 1711 curie
810 1633 987 1713 ivellum.
1029 1629 1201 1713 sedecim
1244 1631 1404 1715 solidos.
1448 1631 1491 1739 jn
1527 1632 1618 1713 villa
1649 1634 1885 1738 biaerghum

89 1744 225 1824 eadem
258 1742 447 1849 parochia
476 1742 582 1822 Octo
611 1742 772 1823 solidos.
799 1742 844 1849 jn
888 1743 1137 1843 Thirurinbir
1166 1746 1206 1825 in
1240 1745 1422 1852 proxima
1452 1744 1559 1825 villa.
1589 1742 1726 1827 decem
1761 1742 1886 1825 dena·

88 1857 178 1935 rios.
207 1852 253 1959 jn
284 1852 378 1932 villa
407 1851 521 1933 Ella.
541 1880 620 1933 sex
649 1846 863 1933 denarios·
894 1857 1018 1937 tercia
1060 1870 1176 1960 parte
1205 1852 1359 1941 denarii
1382 1856 1531 1957 minus.
1571 1854 1616 1962 jn
1644 1854 1740 1937 villa
1768 1854 1887 1947 hesli·¹

90 1966 159 2064 hir.
206 1964 386 2073 quinque
431 1961 635 2067 denarios!
674 1963 718 2071 jn
762 1962 929 2071 llaepsta
968 1966 1158 2074 parochia
1206 1965 1552 2075 Thistiherghum
1593 1964 1698 2049 duos
1720 1965 1886 2047 solidos.

92 2078 134 2185 jn
165 2074 330 2174 sithum
361 2076 403 2154 in
432 2074 581 2155 Eadem
613 2074 804 2183 parochia
833 2104 954 2157 snam
981 2104 1094 2157 oram
1137 2093 1256 2157 terre.
1297 2105 1388 2159 cum
1434 2076 1595 2161 duobus
1632 2074 1818 2161 denariis.
1850 2095 1890 2159 et

91 2185 268 2270 dimidio.
298 2213 421 2266 vnum
451 2183 725 2267 molendinum
754 2189 874 2268 situm
916 2190 1028 2269 iu'xta
1074 2184 1242 2295 lalepsta.
1284 2190 1337 2270 Et
1365 2189 1414 2269 in·
1436 2191 1616 2299 presenti
1659 2186 1887 2270 donacione

89 2298 373 2408 assignacione
403 2314 444 2382 et
473 2299 811 2406 appropriacione
854 2298 962 2381 dicte
1011 2299 1132 2379 Coris
1173 2301 1463 2409 proprietatem
1506 2328 1599 2383 eum
1642 2302 1890 2409 possessione

91 2407 293 2490 transfero
323 2410 365 2487 in
393 2406 602 2490 dominum
631 2411 980 2520 archiepiscopum
1008 2426 1050 2491 et
1081 2409 1298 2492 Ecclesiam
1322 2411 1571 2519 vpselensem
1601 2411 1659 2517 jta
1687 2408 1800 2522 quod
1830 2409 1890 2491 di·

91 2540 196 2603 otam
224 2520 382 2599 Curiam
414 2538 646 2627 permutare
689 2519 863 2603 vendere
909 2548 979 2601 seu
1017 2518 1238 2603 distrahere
1279 2538 1319 2603 et
1361 2522 1441 2603 elio
1476 2548 1741 2632 ¹quocumque
1772 2519 1891 2603 modo

90 2633 267 2713 alienare
296 2629 455 2711 valeant
484 2630 680 2719 libereet
709 2632 817 2713 licite
845 2657 922 2739 pro
949 2658 1021 2713 sue
1050 2632 1169 2714 libito
1198 2633 1429 2715 voluntatis.
1458 2646 1502 2714 vt
1531 2644 1665 2715 autem
1698 2636 1891 2741 premissa

91 2771 178 2826 mea
223 2738 431 2823 ordinacio
475 2741 794 2850 irrefragabilem
843 2744 1068 2826 firmitatem
1112 2743 1300 2839 haberet,
1349 2741 1442 2853 jdeo
1469 2771 1521 2829 ex
1549 2758 1665 2853 parte
1694 2770 1780 2827 mea
1808 2740 1892 2821 dati
2027 2745 2046 2759 “

91 2874 133 2936 et
161 2854 351 2960 assignati
378 2870 474 2934 sunt
502 2882 576 2961 per
604 2855 822 2941 discret-um
851 2856 983 2938 virum
1012 2854 1244 2961 hemingum
1274 2854 1550 2937 Thorstenson
1590 2854 1701 2965 opud
1729 2851 1892 2963 aspnlet

92 2968 135 3046 in
165 2966 367 3048 communi
397 2964 549 3073 placito
577 2966 788 3075 prouincia
815 2966 1056 3060 antunum
1086 2963 1251 3048 domino
1291 2966 1428 3050 archie
1462 2966 1470 2983 '
1515 2984 1597 3076 opo
1626 2966 1824 3075 vpsalen'si
1853 2979 1893 3046 et

74 3079 192 3158 >Eius
222 3076 398 3157 Ecclesie
426 3077 594 3184 firmarij
624 3078 833 3185 wlgariter
863 3074 961 3160 dicti
1004 3077 1149 3173 latter,
1193 3105 1368 3188 quorum
1441 3078 1620 3160 acionem
1648 3093 1688 3159 et
1717 3079 1894 3184 assigna·

89 3190 247 3302 cionem
263 3188 453 3284 antideo,
483 3204 523 3272 et
552 3187 683 3270 habeo
710 3205 752 3268 et
780 3187 929 3272 habere
956 3187 1051 3272 volo
1080 3193 1368 3298 inperpetuum
1403 3205 1533 3272 ratam
1575 3205 1700 3300 atque
1727 3204 1894 3297 gratam.
1984 3251 1990 3270 t

93 3299 140 3407 ju
178 3300 463 3408 premissorum
495 3315 630 3380 autem
671 3302 851 3383 omnium
895 3299 1043 3382 robur.
1064 3302 1339 3383 testimonium
1365 3297 1694 3384 et·Euidenciam
1739 3298 1895 3408 plenio-

94 3437 201 3505 rem,
230 3409 362 3516 sigillo
392 3435 480 3493 mec
508 3427 550 3490 et
577 3409 718 3518 sigillis
746 3409 991 3496 dilectarum
1006 3412 1179 3494 filiarum
1199 3439 1375 3494 mearum
1398 3409 1669 3520 predictarum
1698 3411 1775 3498 feei
1803 3437 1895 3517 pre·
1963 3409 1971 3423 “

96 3539 251 3604 sentem
282 3520 453 3602 litteram
483 3523 743 3619 communiri,
772 3525 920 3603 Datum
958 3520 1068 3629 apud
1099 3525 1261 3606 Curiam
1290 3549 1417 3605 meam
1451 3520 1717 3607 huarfstadhi.
1776 3524 1898 3601 Anno

96 3633 265 3742 domini.
297 3631 493 3713 M⁰.CCC⁰
524 3633 723 3730 secunde,
750 3634 850 3716 feria
877 3653 1021 3743 quarta
1044 3636 1226 3740 proxima
1256 3650 1351 3714 ante
1391 3631 1630 3716 dominicam
1660 3633 1897 3744 palmarum.

558 3777 700 3858 Sigissen,
725 3778 795 3839 med
817 3779 974 3858 undantag
997 3777 1111 3840 ollito
1136 3794 1168 3855 t,
1198 3778 1269 3858 ἴδει
1291 3775 1435 3838 sladade.

112 4133 318 4265 1363„
718 4139 860 4310 1302
917 4134 966 4243 d.
1023 4176 1094 4244 22
1145 4127 1303 4310 April.
1733 4109 1898 4245 Lund.

181 4356 321 4438 Harant,
343 4357 440 4417 Jonas
463 4357 646 4418 Bnumwms
670 4379 736 4421 sons
758 4320 1019 4422 testamentarisla
1041 4359 1214 4441 anordning
1234 4329 1274 4421 iss
1290 4361 1335 4422 sin
1363 4358 1598 4443 qvar·ldtensksp
1630 4359 1677 4424 till
1700 4359 1818 4442 lyrim·
1840 4357 1900 4422 oclt

238 4440 352 4501 kloster
373 4441 382 4499 i
405 4439 511 4517 Laod,
532 4452 612 4502 snmt
634 4440 680 4502 till
702 4441 839 4503 enslilda
863 4463 1015 4526 personet.
1890 4449 1892 4452 ’

1579 4549 1584 4560 ·
1612 4520 1642 4576 Β.
1665 4535 1690 4582 rt
1708 4523 1767 4576 ²25.

214 4658 264 4736 ln
295 4657 456 4737 nomine
486 4657 618 4766 patris·
641 4673 682 4736 et
710 4658 780 4740 lilii
807 4678 849 4741 et
873 4659 1040 4768 spiritus
1054 4661 1181 4741 sancti
1201 4685 1318 4738 amen
1347 4660 1434 4766 Ego
1463 4679 1814 4740 unnnrcusmtrus
1836 4663 1900 4740 Jo-

99 4791 252 4849 nnnurs
280 4757 378 4847 dicti
407 4792 654 4849 enunswrcu
696 4773 824 4850 sciens
856 4770 981 4852 nichil
1015 4797 1100 4849 csse
1135 4772 1291 4851 cercius
1327 4785 1456 4850 morte
1475 4773 1525 4850 'et
1552 4768 1676 4850 nichil
1707 4770 1903 4851 incercius

97 4881 206 4960 hora
234 4879 384 4959 mortis.
413 4878 508 4960 lieet
534 4907 707 4987 corpore
734 4881 878 4964 debilis
905 4901 1028 4962 sanus
1055 4896 1192 4960 tamen
1220 4896 1355 4962 mente
1383 4877 1434 4964 de
1466 4879 1700 4974 bonusculis
1733 4882 1852 4961 michi
1880 4909 1901 4961 a

94 4990 183 5075 deo
212 4988 315 5073 datis
344 5006 627 5072 testamentum
658 5019 788 5075 meum
831 4989 965 5074 condo
992 5009 1033 5074 et
1061 4989 1210 5076 ordino
1250 4993 1291 5073 in
1336 4990 1447 5074 hunc
1491 4989 1652 5074 modum
1682 4993 1732 5073 Jn
1764 4992 1902 5100 primis
1958 5005 1969 5100 J
2095 5087 2105 5116 ἱ
