4317 5975
823 480 879 503 ...
992 466 1074 571 279,
1183 424 1339 507 .;'

154 684 253 768 sepe
296 675 543 740 reuocentur
586 656 826 741 indubium
857 667 898 742 &
925 661 1162 742 multociens
1191 665 1470 772 inpugnantur
1498 689 1521 741 a
1551 656 1717 742 maliciis
1746 656 1954 741 hominum

155 797 440 879 peruersorum
474 770 549 849 nisi
579 774 824 879 presencium
858 770 1118 881 prouidencia
1146 791 1301 883 satagat
1327 802 1458 854 rerum
1496 791 1696 880 gestarum
1732 771 1874 853 seriem
1902 761 1955 848 ad
2051 837 2055 845 .

152 882 349 961 noticiam
407 876 606 961 deducere
650 896 915 989 posterorum.
960 883 1121 964 Jdcirco
1169 901 1311 965 noturn
1360 884 1463 964 secio
1510 900 1651 964 tenore
1701 881 1953 990 presencium

154 992 366 1073 uniuersis.
394 990 506 1101 quod
536 994 782 1100 priusquam
800 992 925 1075 Soror
954 992 1164 1075 benedicta
1193 995 1401 1103 quondam
1430 995 1509 1075 filia
1532 995 1748 1075 bolmstani
1780 990 1832 1071 de
1848 991 1953 1071 bier·
2055 1070 2060 1081 ,
2147 1040 2152 1047 -

154 1130 255 1211 gum
288 1102 477 1211 religioni
491 1130 533 1182 se
546 1100 737 1183 traderet.
795 1107 883 1215 llgo
912 1104 1132 1187 secundum
1154 1106 1410 1187 'iudiciariam
1434 1108 1678 1185 sentenciam
1706 1102 1859 1206 donnini
1882 1101 1952 1182 he-

153 1211 310 1294 nedicti
339 1212 493 1322 legiferi
534 1212 814 1322 ostgothcrum
845 1244 983 1297 omnes
1021 1231 1216 1324 cognatos
1244 1222 1285 1297 &
1313 1217 1566 1325 propinquos
1593 1213 1769 1296 eiusdem
1792 1213 1954 1295 sororis.

151 1326 198 1407 b.
227 1319 445 1404 secundum
475 1322 583 1433 leges
611 1339 718 1404 terre
748 1328 824 1407 rite
853 1332 894 1408 8r
923 1326 1107 1436 legaliter
1135 1328 1258 1409 citaui
1287 1327 1400 1436 quod
1429 1326 1636 1433 wlgariter
1666 1324 1816 1419 dicitur
1844 1320 1952 1401 stael-

153 1462 222 1515 nat
243 1435 314 1514 vni
344 1434 384 1513 in
415 1436 527 1516 ouria
557 1442 596 1516 sss
622 1435 811 1517 omnibus
839 1439 878 1517 in
896 1440 1088 1547 pretorio
1118 1437 1314 1519 exhibens
1350 1440 1497 1519 eisdem
1526 1436 1659 1516 omnia
1688 1434 1797 1545 bona
1825 1435 1950 1541 ipsius
2083 1525 2086 1542 Ι

153 1548 320 1628 sororis.
348 1546 387 1627 b.
423 1542 475 1625 ad
503 1542 717 1627 emendum
747 1550 989 1660 propinquis
1017 1574 1066 1629 ex
1096 1564 1209 1658 parte
1237 1549 1362 1658 patris
1389 1547 1556 1629 exhibui
1579 1546 1685 1653 bona
1716 1559 1881 1652 paterna
1912 1548 1953 1623 &

151 1658 400 1767 propinquis
427 1683 477 1737 ex
505 1673 623 1764 parte
655 1659 792 1739 matris
821 1660 929 1741 bona
950 1676 1150 1740 materna.
1209 1660 1368 1741 Prefate
1396 1660 1521 1769 igitur
1549 1658 1699 1737 sororis
1719 1655 1867 1736 ‚barri
1883 1652 1951 1733 he·

94 1870 104 1883 .
151 1766 358 1873 redes&
399 1769 624 1877 propinqui
652 1768 1007 1851 nonsuffieientes
1035 1800 1110 1851 nee
1137 1770 1318 1851 volentes
1347 1797 1478 1851 emere
1508 1770 1615 1848 bona
1653 1782 1871 1848 memorata
1901 1760 1954 1845 ad

151 1879 287 1989 ipsam
314 1879 357 1958 in
386 1878 572 1987 biorgum
599 1899 877 1961 conuenerunt
904 1880 1109 1962 humiliter
1137 1880 1399 1990 postulantes.
1436 1882 1629 1990 quatinus
1656 1875 1708 1958 de
1755 1878 1837 1955 suis
1878 1873 1953 1954 bo·

151 1991 221 2070 nis
248 1990 311 2069 eis'
342 1985 458 2069 daret
485 2005 643 2097 partem
679 1989 896 2100 aliqualem
924 1994 1175 2099 resignantes
1203 1993 1279 2071 toti
1308 1994 1386 2072 iuri
1414 1987 1526 2103 quod
1554 1988 1760 2071 habebant
1782 1989 1828 2067 ‘in
1860 1986 1981 2081 reli··

148 2102 153 2110 '
189 2102 250 2181 uis
274 2100 393 2181 bonis
421 2100 556 2208 ipsius.
585 2101 641 2179 ita
670 2101 781 2210 quod
811 2128 855 2182 ea
884 2105 1017 2182 omnia
1046 2120 1125 2182 tam
1157 2102 1320 2183 mobilia
1347 2131 1469 2212 quam
1500 2100 1718 2181 inmobilia.
1741 2100 1952 2180 dareven·

151 2130 255 2295 dere
281 2226 417 2321 posset
445 2209 571 2290 libere
609 2238 656 2291 ac
684 2209 736 2292 de
765 2213 860 2320 ipsis
887 2212 969 2293 alio
996 2211 1117 2293 modo
1144 2240 1402 2324 quocumque
1417 2212 1603 2294 ordinare
1617 2208 1839 2291 secundum
1855 2234 1951 2316 pro·

151 2323 289 2432 priam
316 2320 577 2403 voluntatem.
606 2319 709 2403 banc
736 2324 1050 2432 resignacionem
1081 2326 1159 2405 rite
1186 2353 1278 2406 curn
1291 2322 1486 2432 legalibus
1500 2351 1580 2433 que
1593 2320 1785 2401 dicuntur
1813 2320 1951 2400 lestnae

151 2430 598 2541 wlgariterlacientes.
634 2432 760 2514 Soror
787 2451 921 2516 autem
951 2435 1160 2517 benedicte
1191 2438 1296 2516 reris
1325 2431 1540 2516 heredibus
1567 2433 1659 2513 suis.
1687 2429 1951 2513 videlicetso·

153 2546 245 2626 rori
274 2546 398 2654 patris
426 2542 489 2623 sui
517 2570 598 2651 que
614 2541 835 2631 vocabatur
861 2562 924 2639 aa.
953 2553 992 2627 8r
1020 2546 1114 2654 filijs
1143 2548 1268 2657 ipsius
1296 2546 1483 2627 halstano
1511 2551 1552 2625 &
1577 2542 1734 2624 thoriro
1755 2542 1866 2623 dedit
1878 2539 1951 2620 bo·

150 2683 212 2736 na
240 2684 309 2735 sua
338 2654 633 2764 patrimonialia
662 2660 814 2765 quein
843 2656 1060 2750 botherum
1089 2662 1127 2737 8r
1157 2659 1327 2749 balthaas
1358 2655 1599 2766 possidebat.
1615 2682 1737 2763 quarn
1760 2651 1951 2747 donacio-

152 2793 250 2847 nem
281 2765 452 2874 predicti
484 2764 656 2853 ,heredes
692 2782 898 2872 gratanter
926 2783 1190 2877 acceptantes.
1227 2770 1304 2850 toti
1332 2771 1411 2848 iuri
1439 2766 1551 2875 quod
1581 2760 1951 2871 habebantinreli·

150 2878 249 2990 quis
277 2876 395 2957 bonis
416 2878 567 2957 sororis
588 2876 808 2971 benedicte.
822 2879 941 2959 sicuti
968 2878 1242 2988 supradictum
1273 2896 1333 2959 est
1362 2877 1587 2958 voluntarie
1623 2892 1745 2981 atque
1787 2872 1952 2982 publice
2054 2957 2059 2967 ¹

149 2990 427 3099 resignarunt.
475 2988 742 3095 presentibus.
801 2989 987 3073 Gerdaro
1042 2990 1153 3072 dicto
1198 3008 1331 3074 tanne.
1386 2986 1624 3070 aeriuwardo
1666 2984 1717 3064 de
1755 2984 1950 3091 biergum.
2063 3057 2068 3070 ,

150 3101 325 3210 birgero
369 3098 634 3180 vlswidinsun
677 3105 715 3179 8s
757 3098 878 3181 fratre
903 3103 1027 3210 ipsius
1055 3103 1276 3183 laurencio.
1305 3130 1352 3182 ao
1381 3102 1466 3181 aliis
1494 3127 1613 3208 quern
1645 3096 1828 3206 pluribus
1854 3089 1951 3172 fide-

119 3307 123 3314 ¹
151 3213 292 3322 dignis
321 3212 392 3320 qui
434 3235 570 3290 omnes
599 3236 677 3288 vna
704 3237 796 3290 curn
824 3211 1067 3321 supradictis
1093 3212 1314 3294 heredibus
1349 3211 1499 3291 sororis
1527 3210 1576 3290 .b.
1605 3209 1646 3288 in
1677 3205 1951 3315 resignacione

151 3323 317 3434 prefata
351 3338 571 3402 tenuerunt
599 3348 721 3428 super
750 3319 898 3404 festn'ae.
955 3324 1042 3431 Ego
1071 3342 1204 3404 autem
1232 3311 1396 3402 eandem
1427 3323 1741 3427 resignacionem
1767 3314 1951 3422 legaliter
2085 3319 2091 3332 ‘

152 3433 377 3545 publicani.
407 3430 520 3541 quod
542 3431 749 3538 wlgariter
778 3431 1083 3542 intelligendum
1111 3451 1181 3514 est.
1211 3438 1271 3514 iac
1294 3433 1442 3514 skildhi
1471 3431 1733 3539 fyrfestnum.
1764 3431 1951 3508 Preterea

61 3574 68 3586 ·
140 3544 456 3653 composicione
483 3540 641 3650 prelata
670 3543 777 3622 inter
804 3570 984 3624 sororem
1015 3544 1065 3626 .b.
1094 3550 1133 3624 &
1162 3543 1330 3625 heredes
1357 3572 1451 3624 suos
1480 3540 1778 3623 racionabiliter
1799 3554 1888 3617 acta
1905 3563 1951 3615 ac

149 3658 369 3763 utriusque
398 3657 524 3762 partis
561 3680 760 3732 consensu
789 3655 970 3763 plenario
985 3657 1233 3736 confirmata.
1263 3656 1387 3735 Soror
1416 3654 1465 3735 b.
1494 3654 1679 3760 religioni
1708 3678 1750 3732 se
1778 3648 1951 3728 contulit

150 3767 211 3849 ad
241 3793 398 3847 sorores
426 3761 581 3852 ordinis
610 3761 1133 3871 predicatorumskeningie
1173 3795 1262 3847 curn
1285 3765 1473 3847 omnibus
1496 3763 1719 3844 bonissuis.
1747 3759 1950 3838 Talicon¹=
1987 3807 1991 3810 -

149 3877 318 3960 dicione
362 3875 570 3955 interiecta
599 3872 710 3986 quod
740 3879 773 3966 si
803 3904 992 3986 umquam
1017 3877 1236 3957 helmarnie
1265 3879 1483 3956 claustrum
1517 3899 1701 3953 sororum
1743 3871 1951 3976 continge·

149 4005 222 4068 ret
251 3986 444 4070 inchoari.
469 3985 553 4094 ipsa
584 4012 674 4064 cum
704 3985 895 4067 omnibus
921 3985 1038 4084 bonis
1065 3989 1146 4067 suis
1173 3988 1264 4066 illac
1293 3987 1417 4067 libere
1446 4015 1487 4066 se
1515 3983 1761 4066 transferret.
1778 3986 1816 4060 8(
1837 3975 1950 4088 quod

148 4096 299 4181 nullus
326 4097 533 4177 hominum
563 4097 604 4175 in
628 4096 705 4177 hoc
734 4099 860 4204 ipsam
882 4115 1016 4204 posset
1030 4099 1277 4207 aliquatinus
1293 4095 1485 4205 inpedire.
1500 4095 1584 4176 Sub
1607 4095 1681 4173 bac
1695 4119 1793 4200 ergo
1809 4086 1950 4168 condi·

56 4283 61 4294 .
148 4212 278 4295 cione
306 4207 508 4316 sepedicta
525 4233 651 4292 ,soror
679 4207 728 4288 .b.
752 4207 970 4288 claustrum
986 4210 1141 4288 intrans
1169 4235 1353 4289 sororum
1369 4205 1586 4315 skeningie.
1609 4203 1862 4288 ornniabona
1877 4226 1951 4280 sua
1993 4227 2002 4232 “

148 4321 307 4405 eisdem
334 4317 543 4398 sororibus
572 4317 751 4424 legaliter
781 4320 1014 4426 resignarit.
1042 4321 1298 4428 presentibus
1312 4318 1477 4399 domino
1494 4316 1661 4399 Nicolao
1684 4309 1948 4394 sestredasun.

147 4433 326 4515 domino
342 4427 511 4509 Nicolao
526 4427 818 4511 holmlridasun
833 4431 956 4510 lratre
972 4447 1089 4537 petro
1118 4431 1253 4538 priore
1281 4428 1546 4537 skeningensi.
1577 4425 1701 4506 fratre
1737 4423 1951 4502 thurstano
2083 4468 2085 4472 ν
2117 4429 2156 4518 ,ζ

147 4543 298 4656 priore
339 4538 561 4620 kalmarnie
604 4540 726 4620 lratre
767 4540 936 4620 Nicolao
980 4544 1128 4621 lectore
1169 4539 1437 4648 skeningensi.
1528 4538 1710 4618 lobanne
1744 4534 1951 4613 tborasun.
1988 4552 1992 4560 ’
2046 4614 2049 4618 ,

147 4651 346 4737 Gerdaro
374 4649 482 4730 dicto
510 4667 645 4730 tanne.
701 4651 848 4759 Magno
883 4649 933 4732 de
949 4651 1096 4760 stafby.
1141 4652 1310 4732 Nicolao
1338 4650 1952 4742 karsonetbiiomnesmecum

148 4773 197 4851 in
230 4763 505 4871 resignacione
535 4760 734 4843 bonorum
762 4763 911 4843 sororis
942 4763 993 4843 .b.
1011 4765 1120 4843 lacte
1132 4763 1352 4872 skeningie.
1370 4762 1574 4842 laurencio
1590 4759 1639 4838 de
1656 4754 1950 4879 snythriugiex
2005 4857 2011 4868 g
2059 4842 2062 4854 Ι

145 4891 276 4990 parte
319 4899 516 4954 sororum.
580 4888 797 4952 tenuerunt
832 4901 954 4981 super
983 4873 1124 4955 festnae
1151 4876 1420 4954 &lohannes
1449 4872 1643 4951 thorasun
1673 4869 1799 4975 ipsam
1828 4889 1950 4966 resig-

146 4987 370 5072 nacionem
399 4982 621 5065 secundum
651 4981 758 5093 leges
786 4999 892 5066 terre
921 4987 997 5066 rite
1028 4984 1266 5096 publicauit.
1294 4984 1499 5093 wlgariter
1527 4981 1678 5063 dictum
1707 4979 1854 5062 shildbi
1884 4975 1950 5080 fyr
2027 5071 2031 5080 ι
