4317 5975
823 413 908 484 ·--'¹
991 366 1068 464 dat
1185 412 1270 503 ’'.
1383 431 1387 443 ,

130 612 219 671 mee
245 598 364 683 snut,
394 610 489 693 pars
514 600 653 668 autem
679 582 797 669 fundi
825 584 932 669 dicte
959 586 1136 679 euriead
1152 585 1359 669 ecclesiam
1375 584 1485 669 beati
1500 578 1627 697 petri,
1656 605 1697 671 et
1724 609 1931 701 parsque·

128 698 223 781 dam
249 696 304 779 ad
332 696 676 789 ecclesiambeati
706 697 864 782 Nicolai
891 698 1144 809 dignoscitur
1179 701 1399 807 pertinere,
1445 702 1496 779 Jn
1527 698 1658 781 dictos
1685 718 1822 781 autem
1851 702 1932 783 fra·

128 808 372 910 tres,·diete
398 812 510 891 curie
538 810 826 919 proprietatem
854 828 896 891 et
924 814 1233 919 possessionem,
1266 813 1370 894 sicut
1398 830 1482 911 eam
1510 809 1714 920 possideo,
1743 840 1932 897 exnunc
1964 808 1967 815 ’
2050 827 2054 835 “

129 922 331 1005 transfero
363 909 561 1017 totaliter,
591 920 692 1002 dana
721 922 849 1031 priori
876 938 918 1002 et
946 922 1139 1005 fratribus
1168 919 1338 1030 predicti
1354 939 1578 1005 conuentus
1600 924 1852 1017 sictuniensis
1881 924 1961 1005 li-.

56 1110 62 1119 .
130 1036 268 1117 beram
298 1048 539 1141 potestatem
568 1030 715 1113 dictam
745 1034 907 1121 (latriam
939 1025 1141 1115 vendendi
1169 1050 1209 1112 et
1239 1033 1463 1131 alienandi,
1493 1062 1570 1144 pro
1612 1062 1684 1114 sue
1713 1035 1829 1117 libito
1857 1064 1932 1126 uo·

129 1146 317 1241 luntatis,
345 1144 486 1225 Testes
513 1160 647 1226 autem
677 1142 795 1225 buius
825 1172 910 1225 mee
937 1144 1176 1225 donacionis
1195 1143 1421 1252 specialiter
1443 1148 1578 1241 uocati
1606 1164 1647 1229 et
1676 1150 1807 1253 rogati
1822 1166 1932 1249 sunt,

85 1270 89 1275 “
128 1256 320 1339 dominus
352 1255 555 1337 Jobannes
590 1252 642 1338 de
668 1272 809 1337 saneto
835 1256 958 1339 olauo
999 1254 1204 1351 sacerdos,
1232 1271 1273 1336 et
1302 1255 1489 1337 dominus
1531 1272 1672 1364 petrus
1714 1257 1932 1368 aliquando

128 1385 294 1451 curatus
321 1368 364 1449 in
393 1366 537 1465 Elibir,
563 1382 606 1446 et
633 1362 819 1459 dominus
837 1365 980 1476 gerilta
1002 1366 1155 1466 brand,
1185 1366 1373 1449 dominus
1397 1367 1600 1447 lohannes
1614 1368 1720 1459 saxi,
1750 1372 1800 1449 Jn
1817 1374 1931 1451 cuius

128 1481 191 1561 rei
218 1478 494 1561 testimonium
521 1477 696 1587 sigillum
726 1505 856 1563 meum
889 1478 1145 1587 presentibus
1173 1495 1233 1559 est
1261 1505 1503 1587 appensum,
1532 1494 1574 1559 et
1601 1479 1731 1584 sigilla
1746 1479 1931 1563 domino·

6 1674 12 1681 ,
128 1596 235 1673 rum=
252 1590 445 1671 lobannis
472 1604 514 1671 et
543 1589 647 1699 petri
687 1587 940 1699 secerdotum
984 1588 1277 1699 predictorum,
1320 1605 1360 1671 et
1395 1587 1549 1670 domini
1577 1589 1773 1671 Johannis
1814 1618 1932 1691 saxa,

127 1718 172 1783 et
198 1701 374 1809 sigillum
393 1702 689 1785 communitatis
703 1702 960 1783 sictunicnsis
979 1701 1234 1811 presentibus
1254 1702 1413 1809 apponi
1443 1716 1558 1809 peto,
1586 1702 1629 1781 in
1657 1702 1931 1783 testimonium

7 1895 9 1900 .
129 1817 188 1897 rei
217 1828 348 1922 geste,
377 1816 522 1895 Actum
548 1807 741 1911 sictunie,
770 1816 892 1895 Anno
920 1810 1075 1896 domini
1103 1813 1474 1897 .M·.ccc·.1111⁰.
1504 1814 1665 1917 Quarto
1693 1811 1792 1893 Jdus
1821 1814 1930 1921 Julij.

759 1952 887 2037 Sigillen
907 1950 1015 2033 born,
1033 1962 1193 2019 remearat
1213 1974 1300 2038 quer.
1349 2007 1358 2037 ,

140 2399 357 2574 Μ
439 2440 444 2453 ·
609 2322 613 2487 j
705 2404 914 2535 ¹1304
959 2402 1007 2511 a.
1060 2401 1287 2511 nnn.

213 2623 462 2705 Prestersiapets
481 2620 542 2685 ocb
562 2584 743 2708 lllmngem
763 2622 975 2709 paestiterat
1006 2624 1164 2707 llegomll
1186 2624 1243 2689 bus
1262 2622 1492 2709 lrlebiskopen
1524 2624 1763 2691 NilsAlleston
1784 2624 1873 2688 δῖνοι·
1893 2623 1933 2688 de
1968 2674 1977 2688 .

264 2705 486 2789 olagliglreter,
507 2725 574 2769 anm
596 2707 748 2791 Bislopen
770 2711 847 2772 Lars
868 2711 879 2771 i
899 2707 1073 2793 Linliiping
1101 2708 1161 2772 ocb
1184 2707 1258 2771 bans
1279 2710 1409 2790 tjenare,
1431 2708 1473 2792 pa
1494 2708 1622 2793 mingo,
1651 2706 1709 2771 bar
1729 2708 1932 2795 opprtlnade

266 2792 374 2853 stallen
396 2789 448 2851 vid
471 2792 625 2853 visitation
646 2793 687 2877 pt
708 2793 748 2853 dn
770 2792 887 2873 began.

758 2955 762 2961 .
1693 2874 1728 2929 Α.
1744 2892 1768 2947 7.
1784 2892 1809 2929 ι.

241 3004 481 3094 Reuerendo
507 3009 552 3088 in
580 3007 735 3090 cbristo
766 3011 871 3119 patri
893 3040 948 3113 ac
975 3011 1161 3110 domino,
1196 3009 1394 3103 Nichulao
1423 3009 1489 3093 dei
1517 3012 1649 3118 gracia
1666 3011 1961 3120 archiepisco.
2062 3056 2065 3064 ·
2109 3019 2119 3034 “

121 3150 188 3232 ,po
215 3119 449 3229 wpsalensi,
475 3119 691 3218 Santones,
710 3122 832 3204 -cleri
865 3139 909 3203 et
934 3124 1091 3232 populi,
1134 3140 1240 3203 terre
1282 3119 1514 3216 Gutlandie,
1557 3121 1659 3202 Cum
1703 3121 1932 3204 omnimoda

127 3232 365 3318 reuerencia
395 3229 671 3313 obedienciam
699 3248 781 3315 tam
808 3230 984 3314 debitam
1013 3263 1132 3345 qnam
1163 3233 1373 3330 deuotam,
1418 3229 1546 3312 Vobis
1584 3233 1839 3341 presentibus
1871 3234 1933 3312 in-

130 3347 342 3440 timamus,
371 3339 496 3446 Quod
522 3368 659 3424 eoram
693 3343 811 3425 nobis
851 3346 1061 3424 constituti
1099 3344 1332 3452 parochiani
1373 3371 1442 3423 seu
1472 3345 1634 3452 patroni
1676 3342 1932 3426 ecclesiarum
2022 3377 2027 3390 ·

130 3456 638 3564 infrascriptarum„terre
665 3474 802 3536 nostre
829 3483 904 3536 seu
929 3455 1073 3552 insule,
1103 3483 1262 3552 necnon
1292 3480 1464 3562 persone
1483 3451 1660 3562 quedam
1687 3455 1932 3564 singulares,

129 3567 270 3676 sepius
296 3581 392 3646 sunt
419 3570 650 3674 conquesti,
684 3563 893 3647 dominum
921 3567 1190 3646 Laurencium
1220 3564 1284 3646 dei
1313 3565 1447 3674 gracia
1476 3563 1747 3673 lincopensem
1779 3567 1960 3675 spineo-1
2032 3653 2040 3664 ,

132 3705 252 3790 pum,
279 3674 375 3758 dum
405 3679 448 3757 in
475 3691 583 3756 terra
613 3693 751 3761 nostra
799 3678 1044 3772 visitacionis
1087 3676 1263 3760 officium
1306 3676 1536 3771 exercebat,
1586 3703 1654 3756 eos
1683 3695 1723 3757 et
1752 3679 1932 3784 ipsorum

129 3787 319 3871 ecclesias
354 3785 632 3894 multipliciter
659 3815 919 3896 aggrauasse,
960 3788 1068 3892 Quia
1095 3785 1282 3868 videlieet
1311 3787 1512 3882 ecelesias,
1548 3785 1688 3866 Sancti
1717 3777 1932 3868 Clementis

130 3903 176 3982 in
204 3897 361 3998 wisbi,
398 3913 439 3978 et
474 3895 683 4008 bedinge,
724 3927 825 4010 quas
868 3926 939 3980 vos
979 3928 1072 3980 cum
1104 3899 1146 3978 in
1173 3895 1351 4008 predicta
1393 3913 1501 3976 terra
1544 3896 1752 4005 gutlandie
1795 3899 1942 3992 eratis,

83 4005 92 4020 “
132 4009 255 4098 nestri
284 4010 418 4118 gracia
447 4010 753 4108 reconciliastis,
784 4007 899 4091 Jdem
926 4007 1114 4094 dominus
1145 4009 1189 4089 L.
1219 4007 1475 4118 postmodum
1505 4009 1689 4106 veniens,
1728 4009 1863 4116 exegit
1891 4025 1934 4088 rt

128 4123 295 4230 aceepit,
317 4121 527 4229 pecuinam
557 4150 634 4232 pro
657 4119 1015 4219 reconciliacione,
1049 4149 1132 4200 nnn
1163 4149 1184 4198 a
1214 4148 1256 4200 se
1281 4119 1352 4201 sed
1380 4143 1403 4198 a
1433 4117 1548 4200 vobis
1576 4119 1725 4200 eisdem
1754 4118 1932 4228 ecolesijs

130 4236 249 4343 prius
274 4233 474 4342 impensa,
502 4233 753 4325 Cimiterium
779 4231 946 4313 ecclesie
982 4234 1026 4312 in
1050 4232 1194 4328 alwm,
1239 4259 1312 4338 per
1354 4227 1450 4311 dieti
1493 4227 1657 4310 domini
1689 4231 1933 4338 lincopensis
1977 4301 1980 4308 .

131 4341 329 4430 famtrlum
358 4344 518 4440 seminis
543 4343 742 4433 effusione
770 4343 994 4453 pollutum,
1023 4349 1147 4454 prout
1176 4371 1249 4450 per
1275 4341 1567 4424 confessionem
1602 4341 1737 4420 solius·
1754 4340 1932 4421 mulieris
2030 4421 2035 4432 Ι

129 4455 336 4552 constitit,
361 4483 456 4536 cum
484 4447 567 4564 qua
595 4454 700 4537 idem
730 4453 902 4536 famulus
930 4453 1081 4538 dicitur
1110 4451 1266 4556 facinus
1296 4469 1565 4563 perpetrasse,
1608 4453 1931 4559 prius'reconci-

132 4567 235 4648 liare
263 4553 415 4661 noluit,
454 4594 578 4696 quam
618 4566 696 4648 sibi
725 4563 826 4647 XII·
858 4566 1028 4660 marche.
1069 4559 1324 4648 denariorum
1349 4563 1406 4668 ,ab
1448 4561 1613 4643 ecclesia
1656 4564 1932 4666 soluerentur,
2022 4559 2035 4581 ³
2141 4577 2153 4608 ⁷

128 4681 238 4765 Jtem
259 4679 312 4758 'in
354 4675 503 4776 Etiby.
546 4694 760 4798 postquam
792 4675 938 4759 dictus
979 4674 1168 4765 dominus
1208 4677 1266 4758 Ji.
1296 4675 1627 4792 procuracionem
1666 4703 1687 4756 a
1725 4672 1931 4863 sasierdnte

266 4802 316 4859 εν.
333 4801 454 4875 nepas.
472 4803 513 4857 ιι.
594 4843 598 4852 .
