4317 5975
815 366 1231 484 -asa-.-

122 579 235 698 gruis
262 613 311 667 ac
339 584 573 693 pocioribus
600 588 654 669 sit
687 585 891 668 beneficiis
922 587 1222 695 prouidendum
1262 590 1349 671 Nos
1378 586 1454 671 hac
1488 587 1657 671 utilitate
1685 606 1726 673 et
1754 594 1924 675 necessi·
1956 604 1962 607 ’

29 750 38 756 -
84 766 87 769 .
122 716 204 783 tate
232 696 409 781 eiusdem
437 698 601 781 ecclesie
629 697 1047 806 diligenterpensatis.
1081 702 1286 790 ecclesiam
1304 700 1599 811 parrochialem
1629 702 1671 781 in
1700 703 1923 815 saxilthorp

41 852 46 859 ·
122 827 258 894 nostre
286 810 456 891 diocesis
483 812 524 889 in
554 840 636 920 qua
666 811 784 891 nobis
811 814 1004 917 competit
1035 811 1099 924 jus
1128 829 1381 921 patronatus.
1426 841 1516 894 cum
1546 814 1735 895 omnibus
1763 815 1923 922 juribus
1988 832 1992 840 “
2047 820 2051 827 ’

121 940 163 1005 et
194 922 454 1033 pertinenciis
481 922 564 1001 suis
591 922 815 1003 Reseruato
849 922 968 1003 nobis
998 925 1227 1034 nostrisque
1255 924 1552 1005 successoribus
1585 925 1674 1032 jure
1703 928 1923 1035 episcopali

113 1038 165 1125 in
192 1032 352 1116 eisdem.
388 1032 440 1115 de
467 1033 636 1113 consilio
663 1049 704 1114 et
732 1060 931 1115 consensu
969 1032 1175 1115 lundensis
1203 1036 1381 1141 capituli.
1413 1036 1589 1143 predicte
1619 1036 1824 1145 prebende
1854 1056 1931 1135 tue

61 1176 66 1181 ·
124 1161 322 1257 perpetuo
349 1145 611 1231 annectimus.
655 1144 859 1225 Volentes.
889 1161 933 1227 vt
960 1144 1183 1226 secundum
1211 1149 1404 1227 canouica
1442 1149 1639 1228 instituta.
1670 1149 1711 1229 in
1742 1150 1923 1258 predicta
2046 1140 2053 1149 ¹

94 1258 298 1341 'ecclesia
335 1252 538 1361 ydoneum
571 1273 612 1337 et
638 1273 879 1365 perpetuum
922 1254 1073 1338 habeas
1117 1259 1308 1337 vicarium
1353 1260 1545 1339 canonice
1579 1260 1821 1341 institutum.
1851 1264 1922 1371 qui

125 1396 198 1481 pro
226 1396 298 1449 sua
327 1368 634 1458 sustentatione.
675 1384 966 1476 congruentem
1009 1368 1060 1451 de
1089 1369 1216 1475 ipsius
1258 1369 1423 1450 ecclesie
1468 1371 1731 1476 proueutibus
1774 1372 1922 1453 habeat

124 1483 371 1593 porcionem.
427 1481 628 1561 Preterea.
655 1478 733 1561 hoe
761 1479 968 1561 obseruari
998 1480 1182 1562 volumus
1211 1481 1287 1563 sub
1318 1480 1549 1587 juramento
1579 1486 1747 1590 prestito
1776 1512 1923 1593 corpo·

124 1593 198 1676 reli
226 1595 278 1672 Jn
307 1591 422 1671 cuius
450 1591 508 1670 rei
542 1590 812 1671 testimonium
850 1591 1025 1699 sigillum
1070 1609 1254 1673 nostrum
1291 1619 1446 1673 necnon
1476 1608 1517 1672 et
1546 1593 1924 1705 sigillum-predicti

124 1704 293 1815 capituli
323 1704 466 1785 nostri.
494 1702 751 1811 presentibus
777 1721 874 1783 sunt
901 1730 1078 1811 appensa
1110 1705 1259 1783 Datum
1290 1702 1425 1783 lundis
1456 1730 1565 1783 anno
1595 1704 1750 1811 dominj
1779 1705 1922 1787 MCCC

125 1818 283 1927 quinto.
314 1811 471 1895 kalend.
500 1815 682 1898 larruarii
710 1814 820 1896 XVI.
881 1830 911 1890 ο
1231 1840 1234 1849 ’

7 2035 8 2042 ¹
124 1957 334 2046 dfiaerekrry‘t:
353 1956 491 2021 niceno
501 1956 631 2020 ecclesie
641 1939 821 2043 eaiilthorp.
842 1955 1036 2020 Medeam
1046 1956 1135 2020 leand
1143 1962 1158 2019 i
1166 1958 1288 2019 lamera·
1300 1954 1438 2019 Ecclesia
1452 1914 1598 2040 Sallerup
1607 1976 1723 2019 annexa
1737 1957 1922 2022 metenda.

138 2279 305 2467 1491.
388 2331 393 2340 '
761 2315 905 2428 1305
957 2318 1005 2426 d.
1061 2324 1127 2435 18
1174 2322 1295 2426 Dec.
1756 2320 1923 2425 Lund.

195 2539 438 2626 ,latebislopen
460 2542 471 2603 i
493 2540 582 2607 Lund
605 2542 704 2606 Ysaae
728 2540 818 2605 bilall
840 2541 887 2604 till
908 2542 1052 2606 Kanileu
1072 2541 1318 2621 Theseuhaillau,
1341 2552 1387 2603 att
1407 2540 1478 2605 med
1499 2542 1551 2604 siit
1574 2538 1796 2603 Kanouilatiil
1818 2540 1924 2603 liirena

259 2625 398 2688 Greiwie
418 2624 607 2707 lir‘rsamling.
1644 2700 1666 2757 B
1751 2704 1783 2757 ³3

420 2731 425 2748 ¹
1667 2718 1747 2759 Ata
1784 2742 1791 2757 ·

241 2843 430 2924 Jsanutts.
459 2842 719 2923 miseracione
749 2839 884 2922 diuina
917 2840 1123 2923 lundensis
1137 2840 1475 2950 archiepiscopus.
1503 2845 1635 2924 suecia
1664 2844 1823 2952 primas.
1852 2844 1924 2923 Di·

130 2952 236 3034 lecto
265 2953 347 3035 filio
375 2952 449 3036 Tlr.
479 2954 677 3036 canonico
693 2950 891 3034 lundensi.
921 2954 1109 3034 Eteruam
1140 2956 1179 3034 iu
1210 2951 1375 3033 domino
1403 2953 1571 3036 salutem
1600 2956 1689 3036 Tua
1711 2954 1827 3034 nobis
1848 2952 1924 3034 hu·

6 3137 29 3165 y.
129 3065 212 3145 mili
241 3066 516 3155 insinuacione
547 3066 786 3146 monstrasti.
815 3064 937 3173 quod
959 3064 1164 3172 prebenda
1199 3082 1280 3148 tua.
1317 3093 1438 3175 quam
1468 3068 1510 3148 in
1535 3067 1699 3149 ecclesia
1737 3064 1925 3146 lundensi

6 3168 13 3191 ¹
128 3173 182 3255 ad
209 3203 373 3284 presens
409 3178 604 3258 canonice
641 3176 812 3256 obtines,
855 3174 957 3256 adeo
985 3175 1116 3256 estin
1145 3178 1233 3272 suis,
1263 3177 1529 3285 prouentibus
1571 3180 1701 3260 tenuis
1730 3193 1771 3257 et
1799 3176 1924 3258 exilis.
1964 3245 1966 3250 .
2040 3247 2043 3254 ⁴

127 3286 241 3396 quod
271 3316 320 3368 ex
349 3289 406 3368 eis
435 3316 606 3400 nequeas
635 3306 679 3367 vt
706 3284 827 3374 decet,
852 3284 1059 3366 commode
1092 3291 1305 3367 sustentari
1328 3289 1441 3392 *Cum
1471 3288 1595 3394 igitur
1627 3295 1699 3369 &a
1728 3291 1810 3368 lita
1837 3289 1927 3368 med
2052 3383 2057 3390 Ι

114 3395 378 3506 fdrcg'deude
405 3401 487 3480 N:o
508 3402 608 3506 1490
635 3401 700 3481 till
726 3398 933 3478 ecclesiam
951 3397 1239 3506 parrochialem
1270 3401 1310 3478 in
1326 3398 1562 3507 ,graelfpglre
1593 3417 1729 3480 nostre
1758 3395 1926 3481 diocesis

6 3609 11 3623 ι
127 3537 220 3600 cum
249 3504 436 3620 onauibus
464 3511 626 3619 juribus
660 3510 732 3590 orla
761 3511 927 3609 cidare,
958 3530 1068 3590 utom
1096 3511 1259 3591 ecclesia
1290 3527 1359 3590 tua
1388 3513 1461 3592 oeli
1489 3532 1686 3622 perpetuo
1717 3511 1925 3591 obseruari

6 3624 41 3680 ³¹·
125 3621 242 3700 (iuda
269 3624 336 3704 till
361 3619 520 3708 kalend.
549 3620 730 3702 ianuarii
759 3621 850 3702 XV.
1349 3629 1353 3636 '
1931 3621 1938 3639 “

668 3759 884 3843 tiscerslrift:
909 3762 1047 3824 Aunexio
1066 3760 1194 3822 ecclesie
1216 3758 1389 3841 graeffoghe.
1468 3851 1472 3860 ³

26 4073 34 4086 ·
141 4024 312 4152 1492.
850 4007 1000 4113 1306
1059 4001 1209 4110 Odat

213 4227 346 4294 tinem
367 4225 404 4289 ni
420 4225 550 4292 Kalsted
574 4227 633 4289 och
657 4227 725 4290 dese
747 4225 855 4288 hustru
877 4227 1043 4291 laureanus
1062 4225 1232 4307 giirobrcl'
1248 4223 1287 4307 pt
1306 4223 1475 4308 ,derusjord
1498 4227 1507 4287 i
1530 4225 1706 4307 Kidjawad,
1729 4227 1807 4289 eller
1820 4226 1930 4309 btlgges

267 4308 349 4385 ded,
376 4311 424 4374 till
445 4313 556 4374 Wreta
584 4311 713 4392 kloster,
744 4322 828 4374 emot
850 4311 902 4372 det
924 4323 969 4374 att
1001 4312 1128 4372 llostret
1160 4309 1305 4395 upplalter
1338 4311 1409 4372 dem
1432 4312 1442 4371 i
1463 4310 1552 4383 derat
1584 4309 1677 4372 liistid
1710 4309 1932 4393 klostergodsi

227 4433 231 4439 -
268 4393 426 4456 Ramstad.

245 4522 248 4526 .
1673 4473 1718 4533 .A.
1737 4475 1760 4528 3.
1778 4474 1819 4530 t.'

246 4611 455 4693 Vniuerais
485 4629 707 4720 presentem
738 4610 971 4721 paginulam
1009 4612 1153 4692 visuris
1182 4611 1245 4691 uel
1274 4607 1471 4690 audituris
1500 4628 1578 4690 tam
1608 4611 1779 4720 posteris
1809 4637 1930 4720 quam

132 4720 360 4820 modernis,
389 4724 564 4804 Mauuus
593 4719 725 4802 dictus
748 4723 798 4805 de
827 4721 974 4802 lalstat
1003 4748 1081 4802 vna
1111 4751 1202 4803 cum
1232 4724 1403 4826 coniuge
1445 4750 1516 4801 sua
1545 4724 1780 4817 dumosam,
1818 4722 1933 4801 Salu-

131 4851 216 4915 tem
245 4834 288 4914 in
316 4838 493 4916 omnium
523 4831 744 4926 saluatum,
779 4833 1095 4914 liaciouabiliter
1125 4831 1285 4914 induxit
1313 4831 1549 4940 antiquitas,
1586 4832 1698 4942 quod
1728 4832 1933 4922 videlicet.

132 4944 192 5028 ob
220 4943 401 5054 fragilem
440 4944 649 5028 hominum
692 4945 922 5041 memoriam
958 4971 1040 5054 qne
1067 4959 1267 5053 geruntur
1294 4944 1335 5024 in
1366 4957 1566 5052 tempore,
1589 4971 1659 5056 ne
1690 4943 1804 5056 lapsu
1834 4943 1934 5024 temss
