4317 5975
779 376 837 398 ...
944 335 1026 431 485
1135 380 1195 401 ..-

76 582 157 637 son
193 551 376 660 Dapiicri
405 552 554 650 nostri,
589 553 755 635 Domini
783 555 959 665 Philippi
989 555 1171 653 Vlfison,
1201 556 1366 637 Domini
1408 557 1507 639 loon
1538 559 1634 643 dieti
1663 550 1817 671 ingitt,
1846 579 1887 644 et

73 665 190 749 Petri
218 665 482 773 Magnussons
509 668 791 775 suprascripti,
820 666 1085 775 praesentibus
1115 685 1209 749 sunt
1239 694 1428 778 appensa.
1458 672 1605 754 Datum
1624 671 1737 755 Saam
1767 680 1903 765 Anno,

73 778 243 859 Domini
271 778 324 857 M.
350 778 556 859 cccvss.
586 778 797 877 Dominica
827 778 931 860 inira
960 796 1125 890 octauas
1155 780 1406 888 Epiphaniae.

277 920 329 988 ,af
347 922 533 1003 teckuingen
555 941 611 998 ses,
633 930 679 983 att
700 932 745 985 ett
766 922 847 1005 sigili
870 922 1072 1021 norithone,
1097 938 1165 986 atne
1186 921 1321 987 skadade
1343 926 1402 988 orb
1425 938 1468 990 ett
1490 927 1688 1010 trutstandigr.
1776 984 1779 993 ,

86 1376 240 1533 1527
556 1316 562 1320 Π
717 1390 865 1534 1307
914 1390 963 1497 d.
1014 1430 1086 1497 20
1132 1393 1240 1502 Jan.

165 1608 291 1673 flanona
313 1607 348 1669 at
367 1608 503 1692 Fistaby
524 1563 787 1672 testamentarius
819 1580 993 1692 enordning
1025 1612 1063 1673 af
1090 1615 1136 1675 sin
1169 1611 1419 1697 qvarldtcoslrap
1440 1610 1502 1673 och
1536 1608 1699 1675 deribiund
1721 1630 1759 1673 eu
1782 1609 1831 1674 det
1853 1610 1889 1673 as

70 1710 74 1715 “
212 1691 336 1755 Kobutr
357 1694 404 1755 tili
425 1694 549 1779 Nydaia
571 1695 701 1772 kloster,
724 1704 804 1756 sam
823 1698 1011 1779 penningar,
1034 1716 1075 1757 m.
1098 1718 1138 1760 tu.
1161 1699 1210 1759 tiil
1234 1697 1351 1781 byrkor
1371 1693 1432 1757 ocb
1455 1704 1582 1779 prester.
1631 1774 1700 1831 Μ
1723 1752 1752 1829 ¹ss

109 1976 116 1983 .
187 1911 293 1990 Cum
323 1911 434 1991 iuxta
462 1938 575 1992 sacre
601 1912 803 2021 scripture
832 1913 1114 1995 testimouium.
1143 1913 1246 2021 varii
1272 1931 1314 1997 et
1340 1911 1671 2021 inexcogitabiles
1700 1910 1781 1993 sint
1810 1909 1886 1991 hu·

74 2049 198 2103 nrane
228 2021 453 2130 fragilitatis
482 2041 671 2121 euentus,
699 2052 775 2105 nec
802 2026 904 2106 scire
931 2027 1145 2134 quisquam
1174 2027 1345 2133 poterit,
1383 2027 1459 2106 nisi
1489 2026 1707 2133 inspiratus
1735 2022 1886 2103 diuini·

74 2154 165 2232 tus,
197 2131 379 2243 quando,
408 2151 477 2216 aut
505 2162 589 2246 quo
618 2135 697 2215 tine
726 2134 832 2217 diem
861 2136 1024 2218 claudat
1051 2153 1293 2232 extremum,
1318 2138 1406 2245 Ego
1434 2136 1558 2243 igitur
1586 2135 1808 2217 Hanocnos
1835 2130 1885 2214 de

74 2246 245 2355 fiscabir,
273 2248 460 2355 quamuis
486 2273 660 2355 corpore
689 2244 833 2329 debilis
860 2262 901 2327 et
926 2247 1111 2329 infirmus
1132 2247 1256 2357 anirnj
1287 2248 1363 2357 mej
1392 2264 1524 2327 tamen
1553 2272 1736 2353 eompoS,
1764 2244 1886 2353 hujus

7 2385 10 2411 ³
73 2356 205 2463 seculj
234 2355 490 2465 fragilitatem
519 2355 795 2455 possidemus,
824 2374 1106 2443 testamentum
1137 2386 1267 2441 meum
1287 2361 1336 2441 in
1367 2358 1476 2439 bunc
1505 2356 1669 2439 modum
1702 2354 1885 2469 disposuj

8 2471 13 2481 ’
73 2466 371 2566 ordinandum,
399 2472 451 2551 Jn
480 2471 621 2579 primis
648 2472 852 2551 monacbis
878 2469 1126 2569 uouevaliis,
1170 2469 1281 2579 apud
1324 2496 1428 2580 quos
1455 2469 1561 2573 eligo
1591 2471 1722 2549 locum
1751 2464 1884 2573 sepui-

6 2628 12 2662 τ
73 2598 192 2676 ture,
219 2578 385 2660 confero
418 2580 603 2690 predium
632 2608 762 2663 meum
792 2582 835 2661 in
864 2582 1060 2679 Coabult,
1090 2612 1181 2665 cum
1210 2578 1399 2664 omnibus
1428 2580 1686 2689 pertinenciis
1713 2581 1807 2673 suis,
1823 2578 1885 2657 in·

74 2690 145 2770 fra
171 2718 285 2798 sepes
315 2706 356 2769 et
389 2711 524 2787 extra,
566 2694 744 2799 exceptis
782 2687 942 2774 duabus
983 2697 1122 2801 paruis
1163 2693 1366 2803 partibus,
1401 2720 1502 2803 quas
1539 2692 1596 2775 ihi
1625 2689 1814 2786 Eriobus,
1842 2705 1885 2769 et
1965 2748 1992 2779 „

8 2894 9 2909 Ν
74 2828 220 2883 sweno
250 2800 477 2911 possident,
505 2804 594 2883 iure
608 2819 807 2913 perpetuo
821 2802 1129 2912 possidendum,
1157 2809 1260 2889 Jtem
1281 2801 1628 2886 conseroecclesie
1656 2799 1707 2883 de
1727 2797 1883 2907 swyth·

7 2934 11 3011 2
73 2941 221 2995 norom
249 2910 455 2999 dimidiam
485 2942 681 3014 marcam,
709 2913 913 3025 sacerdotj
942 2912 1090 3001 ibidem
1120 2944 1239 2998 ruam
1269 2942 1449 3014 vaccam,
1486 2914 1662 2999 Ecclesia
1705 2910 1756 2992 de
1786 2910 1884 2991 mal·
1988 3017 1993 3022 Ι
2048 2953 2060 2967 =

6 3019 14 3080 s
74 3024 160 3108 bek
199 3020 405 3106 dimidiam
451 3053 646 3122 marcam,
684 3025 887 3136 sacerdotj
928 3025 1075 3111 ibidem
1112 3028 1314 3124 similiter,
1357 3027 1532 3111 Ecclesie
1574 3024 1626 3108 de
1664 3021 1884 3132 Toptbryd

73 3133 285 3218 dimidiam
318 3134 510 3235 marcam,
555 3137 756 3246 sacerdotj
796 3137 945 3221 ibidem
986 3143 1111 3221 eciam
1157 3136 1361 3222 dimidiam
1398 3165 1593 3231 marcam,
1631 3134 1766 3218 villico
1795 3161 1884 3215 meo
2009 3205 2021 3212 .
2075 3116 2082 3126 “

7 3264 9 3271 “
76 3249 125 3328 in
155 3249 375 3357 Esgestorp
397 3278 536 3358 capam
566 3277 712 3356 meam,
740 3251 782 3330 iu
811 3249 934 3358 hujus
963 3250 1023 3360 rej
1044 3251 1345 3348 testimonium,
1372 3249 1504 3358 sigilla
1532 3247 1796 3332 discretorum
1826 3247 1885 3324 vi·

7 3462 9 3467 ¹
73 3387 242 3455 rorum,
280 3359 468 3442 videlieet
501 3361 723 3468 hemmingi
752 3361 964 3466 ysaksson,
1011 3360 1168 3469 domiuj
1204 3359 1408 3472 sigmundi
1446 3358 1497 3442 de
1525 3355 1681 3456 sancio,
1729 3355 1885 3464 dominj

7 3478 11 3499 ”
76 3469 255 3581 haquinj
284 3466 334 3549 de
362 3471 591 3581 Topthryd‚
623 3473 795 3580 Byrgerj
824 3471 923 3580 dictj
952 3489 1070 3570 stert,
1098 3493 1192 3558 sunt
1219 3499 1396 3580 appensa
1426 3469 1605 3582 presentj
1634 3484 1884 3564 testamento,

8 3608 9 3611 ‘
77 3583 169 3664 Nos
198 3585 322 3688 igitur
350 3583 543 3693 predictj,
571 3582 760 3676 videlicet
788 3584 1059 3693 hemmingus,
1088 3583 1353 3692 Sigmundus,
1382 3600 1422 3665 et
1451 3582 1673 3697 haquinus,
1699 3579 1885 3659 sacerdo·

74 3713 163 3789 tes,
194 3719 352 3774 necnon
369 3695 852 3803 Byrgerusdictusstert,
883 3693 1172 3802 protestamur,
1201 3721 1366 3775 vxorem
1395 3711 1435 3774 et
1462 3689 1626 3773 heredes
1638 3707 1795 3771 ceteros
1816 3691 1886 3770 ba-

7 3808 8 3813 ’
73 3804 201 3913 rocbj
229 3802 435 3914 quondam
467 3806 688 3913 nominatj,
716 3807 757 3884 in
788 3804 999 3886 audiencia
1018 3803 1414 3899 nostra,etaiiorum
1432 3803 1620 3912 plurium.
1650 3799 1884 3908 fidedigno·

75 3944 196 4013 rum,
226 3918 599 4025 omnia'premissa,
628 3943 703 3995 sno
731 3943 930 3996 consensu
958 3916 1233 4009 confirmasse,
1261 3917 1428 4010 Actum,
1455 3915 1577 3995 Auno
1604 3911 1780 4018 dominj,
1809 3912 1884 4007 Μ’,

77 4025 223 4126 CCC',
252 4027 446 4136 septimo,
475 4026 679 4139 quindena
710 4042 801 4135 post
829 4026 1098 4135 Epiphaniam
1127 4024 1281 4134 dominj
1316 4026 1544 4134 gloriosam.

386 4171 437 4236 Pit
448 4171 643 4254 frainsr'dan:
663 4168 816 4234 Perocbia
837 4168 1036 4230 swidnorum.
1058 4167 1198 4232 Kobwit.
1219 4166 1361 4231 Harohus
1380 4167 1419 4230 de
1440 4165 1581 4250 fyshaby.

120 4282 264 4370 ,signin
285 4289 344 4351 tiro
369 4309 381 4351 t
407 4296 512 4350 ndstao
533 4287 701 4362 osbadadt3
722 4289 781 4347 Neo
802 4306 820 4347 α
842 4286 902 4347 och
924 4287 943 4348 3
966 4284 1134 4348 barrabas
1156 4284 1225 4346 irin
1246 4283 1286 4346 de
1303 4306 1344 4348 ur
1364 4284 1488 4348 breivet
1517 4285 1636 4370 th'ppra
1657 4303 1829 4362 mansorum

546 4447 549 4450 ξ
688 4372 747 4432 Νιο
767 4370 789 4452 4
809 4391 896 4454 synea
916 4369 1019 4451 aldrig
1046 4367 1141 4432 baira
1163 4369 1286 4434 sunnio
