4317 5975
969 462 1026 483 ...
1138 416 1219 499 255
1318 451 1379 483 -...

293 650 451 757 1238.
612 705 614 709 ·
879 579 883 587 ι
944 650 1090 795 1298
1139 649 1187 755 d.
1235 652 1264 753 5
1314 652 1446 754 luni.
1676 649 1823 756 Tuna
1864 659 1881 758 i
1924 634 2064 765 diter.

361 873 459 934 lousa
481 870 600 935 Enosis
623 870 788 935 Fullmalt
808 872 859 935 {dr
880 868 986 952 llegge
1007 871 1017 931 i
1039 872 1216 951 Telge‚vtt
1237 871 1290 933 rid
1313 871 1434 935 Olauds
1457 868 1816 956 birudttioguppbjudu
1837 872 1897 937 osb
1918 873 1965 937 till
1975 875 2064 941 irla-

412 955 566 1039 Bislopen
589 955 675 1035 gilra
698 955 775 1017 fasta
798 956 838 1039 pd
859 954 898 1015 de
921 955 930 1013 i
953 954 1140 1035 sbregaende
1161 953 1306 1017 salubres
1323 956 1454 1017 oamude
1481 953 1606 1035 garder.
1725 1036 1750 1088 A
1776 1036 1794 1089 6
1817 1029 1887 1090 ’,Ψ
1905 1040 1938 1093 38

377 1252 379 1256 ,
410 1170 612 1252 Omnibus
637 1187 846 1281 presentes
876 1172 1040 1273 litteras¹
1057 1174 1319 1281 inspecturis,
1346 1196 1549 1253 roaaunes
1577 1168 1708 1251 dictus
1750 1194 1945 1267 ansanus,
1973 1175 2066 1255 salu·

277 1303 358 1365 tem
386 1283 428 1363 in
460 1280 625 1361 domino
651 1286 956 1392 sempiternam,
990 1285 1140 1365 Notum
1170 1285 1283 1362 facio.
1300 1310 1375 1393 per
1405 1300 1607 1392 presentes
1630 1280 1739 1392 quod
1756 1281 1863 1363 fideli
1880 1310 1967 1365 meo
1981 1285 2066 1391 beg-

276 1396 374 1506 goni
401 1392 605 1503 quondam
636 1396 769 1477 villico
799 1394 839 1475 in
869 1395 1050 1501 Telgium
1082 1396 1291 1476 committo
1321 1391 2080 1502 potestatem&specialemandatum‚·

275 1502 512 1617 publicandi
546 1504 586 1581 in
618 1510 820 1587 communi
851 1508 1030 1613 pretorio
1060 1505 1258 1602 Olandie,
1287 1502 1399 1616 qnod
1430 1502 1653 1585 reuerendo
1677 1507 1783 1611 patri
1798 1502 1962 1586 domino
1978 1534 2067 1605 meo,

275 1620 441 1700 domino
471 1614 639 1695 Nicolao
668 1618 805 1699 diuina
836 1619 1094 1697 miseracione
1123 1618 1428 1725 archiepiscopo
1458 1616 1678 1725 rpsalensi,
1697 1616 1801 1695 solui
1816 1616 1970 1697 Nouem
1986 1646 2068 1701 oras
2098 1610 2103 1622 ¹

136 1730 140 1737 “
276 1758 365 1811 cum
397 1757 477 1808 vno
507 1726 636 1809 solido
672 1748 776 1809 terre
809 1731 848 1807 iu
867 1728 958 1813 villa
991 1730 1142 1811 forsum
1173 1729 1362 1833 parochia
1392 1728 1662 1837 slrieptbamer
1689 1731 1727 1804 &
1757 1727 1894 1807 decem
1931 1729 2067 1812 solidos

275 1859 382 1921 terre
411 1840 451 1919 in
494 1838 587 1918 villa
632 1840 838 1921 kumblum
877 1842 1069 1948 parochia
1102 1838 1424 1947 baldingxstum,
1455 1856 1577 1947 prout
1613 1844 1845 1918 continetur
1875 1840 1915 1918 in
1945 1840 2064 1920 littera
2144 1901 2147 1911 Α

274 1979 381 2047 rnen,
415 1978 535 2057 super
564 1950 640 2031 hoc
677 1950 871 2046 conlecta,
899 1954 1106 2034 committo
1121 1952 1245 2031 eciam
1276 1952 1404 2033 eidem
1438 1966 1672 2061 potestatem
1703 1950 1939 2058 &speciale
1967 1982 2065 2031 man·

273 2066 411 2146 datum
452 2060 670 2142 adhibendi
701 2062 907 2158 firmarios,
938 2066 977 2142 in
1013 2064 1216 2143 comnruni
1246 2064 1425 2170 pretorio
1455 2059 1637 2168 predicto
1666 2089 1788 2169 super
1817 2064 1985 2168 negocio
2009 2093 2065 2141 su·

199 2212 207 2220 ·
246 2168 479 2286 'pradict0‚
509 2172 724 2254 inducendi
753 2202 918 2283 quoque
949 2190 1251 2283 procuratorem
1284 2174 1453 2281 predicti
1484 2174 1609 2281 patris
1637 2173 1680 2250 in
1709 2172 1960 2279 corporalem
1983 2203 2065 2280 pos·

273 2288 485 2368 sessionem
516 2286 713 2365 dictorum
745 2284 963 2381 bonorum,
994 2281 1212 2365 listimandi
1242 2286 1366 2364 eciam
1396 2293 1435 2364 ssr
1464 2283 1629 2363 taxandi
1651 2303 1831 2390 exparte
1855 2312 1959 2379 mea,
1986 2314 2064 2365 cum

243 2397 475 2491 -discretis,
523 2425 625 2505 quos
654 2396 785 2477 dictus
815 2412 929 2505 pater
959 2394 1145 2477 dominus
1175 2424 1285 2475 meus
1314 2395 1639 2503 archiepiscopus
1667 2390 1718 2473 ad
1748 2393 1828 2475 hoc
1857 2392 2063 2505 deputans-

273 2498 328 2589 rit
357 2526 507 2618 partem
538 2506 747 2587 domorum
782 2512 822 2587 in
852 2526 1065 2587 memorata
1097 2507 1190 2587 villa
1219 2506 1317 2587 lorsi
1346 2504 1396 2587 ad
1426 2535 1485 2586 me
1517 2508 1811 2615 pertinentem,
1871 2510 1920 2585 Jn
1962 2507 2065 2586 cuius

274 2622 333 2701 rei
362 2619 630 2699 testimonium
661 2618 834 2725 sigillum
868 2648 997 2699 meum
1031 2620 1282 2726 presentibus
1310 2636 1369 2697 est
1397 2647 1621 2727 appensum
1644 2618 1793 2697 Datum
1821 2614 1933 2725 apud
1948 2616 2064 2696 Tunir

236 2783 245 2817 r
274 2720 315 2813 in
345 2728 442 2815 alter
472 2758 579 2845 anno
609 2728 762 2810 domini
791 2728 1001 2811 lllillesimo
1018 2730 1314 2825 Ducentesimo,
1346 2730 1616 2837 Nonagesimo
1633 2730 1793 2810 Octauo
1809 2729 1938 2831 Nonis
1954 2728 2063 2835 lunii.

594 2872 733 2960 sigillet,
755 2873 849 2955 ndgot
870 2873 1018 2953 sladadt,
1042 2872 1158 2954 hanger
1181 2873 1220 2957 pb
1242 2893 1280 2933 en
1305 2897 1343 2936 ur
1366 2871 1487 2935 brelret
1514 2872 1620 2957 llippt
1641 2892 1750 2933 remsa.

201 3211 237 3247 ⁸
284 3241 451 3382 1239.
883 3245 1033 3381 1298
1090 3241 1137 3345 d.
1196 3244 1270 3355 26
1322 3243 1453 3345 luni.
1925 3243 2060 3345 Arno.

353 3429 451 3514 Jonas
473 3425 592 3486 Esuris
614 3423 803 3485 stadsastelse
826 3425 865 3508 ps
888 3429 933 3488 sin
959 3427 1073 3490 broder
1097 3429 1177 3488 llerr
1197 3429 1270 3490 Carl
1293 3428 1499 3490 Erlandssons
1519 3429 1695 3508 anorduing
1717 3431 1754 3490 al
1772 3429 1969 3514 Hjelmeryd,
1988 3437 2058 3490 saut

355 3583 358 3588 Ι
405 3529 503 3590 qvarn
527 3505 587 3566 oclr
611 3505 776 3568 landtboer
799 3509 883 3571 iuom
907 3511 1028 3573 Widbo
1050 3512 1149 3571 sdsom
1173 3510 1263 3574 briter
1287 3512 1335 3572 till
1358 3511 1612 3598 irie-Bisiopen
1637 3515 1646 3573 i
1674 3511 1804 3597 Upsalu.

1652 3627 1878 3714 A.li.a.a:4.

404 3720 604 3802 Omnibus
628 3738 831 3830 presentes
861 3721 1013 3804 litteras
1042 3723 1302 3833 inspecturis,
1331 3727 1540 3806 donamuss
1569 3723 1701 3807 dictus
1729 3727 1938 3822 Amoenus
1967 3725 2059 3804 salu·
2142 3753 2147 3762 ’

268 3852 347 3916 tem
392 3834 432 3912 in
476 3834 640 3912 domino
682 3835 985 3941 sempiternam,
1031 3837 1235 3917 Noueritis
1279 3867 1338 3918 me
1377 3837 1646 3945 prouisionem
1686 3843 1725 3918 8(
1773 3838 2060 3926 ordinacionem

269 3949 378 4028 curie
421 3944 679 4042 lrielmerirtlr,
719 3945 1014 4043 molendiniac
1043 3949 1280 4027 colonorum
1313 3951 1351 4028 in
1384 3947 1559 4042 vidhbo,
1594 3979 1673 4060 que
1702 3949 1828 4029 frater
1858 3979 1967 4030 meus
1994 3946 2056 4024 do·

266 4059 399 4136 minus
440 4053 600 4136 karolus
646 4085 720 4163 pro
761 4055 907 4138 debitis
949 4061 1030 4137 suis
1082 4057 1357 4168 persoluendis
1385 4059 1607 4166 deputauit,
1636 4060 1879 4141 Reuerendo
1893 4059 1997 4169 patri
2020 4083 2059 4135 ac

151 4191 169 4229 ·'
265 4169 428 4248 domino
473 4193 571 4260 mec,
608 4169 781 4245 Domino
832 4171 891 4251 .N.
932 4169 999 4248 dci
1042 4174 1175 4278 gracia
1206 4172 1507 4279 archiepiscopo
1536 4171 1735 4280 vpsalensi
1764 4174 1805 4251 in
1836 4185 2058 4252 testamento

255 4277 440 4359 'eiusdem
470 4276 620 4370 domini
653 4277 782 4356 karoli
811 4283 1056 4377 commissas,
1085 4300 1221 4390 gratas
1251 4288 1290 4363 8(
1319 4300 1427 4361 ratas
1450 4281 1616 4382 habere,
1646 4280 2058 4365 Prohibensomnibus

161 4387 165 4393 ’
220 4489 225 4498 .
269 4397 308 4469 Se
355 4389 524 4496 singulis
566 4418 639 4496 per
669 4407 964 4496 presentes‚ne
993 4395 1085 4500 quis
1117 4396 1278 4472 nomine
1309 4421 1398 4472 meo
1428 4395 1687 4504 interponere
1716 4424 1756 4474 se
1787 4410 1988 4502 presumat
2015 4387 2057 4470 de

266 4503 468 4607 premissis
520 4517 660 4578 contra
711 4500 936 4580 mandatum
982 4503 1156 4582 eiusdem
1196 4504 1348 4585 domini
1379 4505 1598 4611 vpsalensis
1625 4504 1754 4586 donec
1784 4534 1859 4612 per
1889 4502 2057 4612 patentes

264 4611 418 4690 litteras
448 4629 643 4718 appareat
671 4641 793 4719 super
822 4613 899 4721 hijs
927 4613 1225 4694 ordinacionem
1257 4617 1374 4694 aliam
1395 4643 1616 4712 emanasse,
1644 4620 1791 4696 Datum
1822 4613 1930 4723 apud
1966 4627 2056 4713 arutl

15 4807 53 4836 Α.
145 4761 150 4772 ¹
264 4749 373 4800 anno
417 4720 569 4802 domini
613 4723 823 4805 Millesimo
876 4726 1159 4805 Ducentesimo
1182 4728 1453 4835 Nonagesimo
1484 4728 1613 4806 VllI'.
1673 4730 1746 4807 Die
1775 4727 1980 4807 beatorum
2006 4723 2059 4830 jo·

262 4833 407 4916 bannis
432 4837 476 4911 &a
500 4833 610 4941 pauli
640 4835 858 4914 Martirum.
1077 4896 1080 4902 .

670 4943 792 5025 sigillet
818 4943 981 5006 bortl'allet
1004 4943 1072 5005 lrllo
1095 4944 1155 5006 deu
1179 4966 1217 5007 ur
1239 4944 1362 5011 brelret
1382 4945 1506 5033 klippra
1528 4967 1659 5008 remsan.
