4317 5975
895 357 1044 437 m„
1155 368 1236 453 335
1345 405 1405 435 ..-

198 584 511 755 ''1396ss
718 682 723 707 .
948 600 1095 707 1303
1141 600 1190 705 d.
1235 605 1273 715 8
1318 598 1561 751 April..
1713 694 1717 700 .
1885 606 2038 757 Upsala'.

375 827 475 895 Jcsu
495 823 615 889 Euctus
635 776 911 907 paulliinkrilniuss
932 821 968 884 al'
985 840 1005 885 a
1025 822 1191 903 iirtuglsnd
1215 824 1285 905 jord
1307 824 1316 885 i
1338 822 1386 889 vu
1411 843 1452 907 py
1474 822 1520 885 till
1541 820 1664 907 Upaaly
1684 820 1784 905 lyris
1816 824 1863 887 llir
1885 849 1918 891 cn
1937 829 1993 895 brll
2004 838 2040 901 lte

295 933 300 941 ’
426 910 584 995 spscmll,
605 904 763 995 centnm
784 904 832 969 till
852 904 984 983 dmarl
1005 908 1192 991 peccingas,
1213 927 1279 969 scm
1303 904 1364 969 hau
1387 844 1519 1002 iictaqit
1539 904 1576 967 al
1592 904 1805 991 Dcmlyrlcn.

1876 1023 1943 1079 b&

302 1250 310 1259 ,
342 1250 348 1271 ,
403 1144 840 1265 Omnibus'preseutes
867 1156 1023 1237 litteras
1049 1154 1314 1265 inspecturis,
1352 1171 1555 1239 tonnnnes
1583 1156 1718 1239 dictus
1747 1181 1936 1256 incussa,
1959 1163 2042 1247 Salu-

292 1292 372 1359 tam
401 1273 443 1351 in
470 1269 658 1363 domino,
689 1270 839 1350 Notum
868 1266 975 1347 facio
1006 1295 1078 1375 per
1108 1284 1313 1375 presentes
1342 1294 1404 1349 me
1434 1270 1631 1377 recepisse
1677 1284 1818 1351 mutuo
1845 1268 1892 1351 de
1918 1300 2040 1358 annom

292 1382 445 1463 fabrice
473 1379 692 1490 vpsalensis
719 1378 888 1460 ecclesie
927 1380 1168 1487 pertinenti,
1195 1377 1400 1461 dimidiam
1430 1380 1571 1461 lectam
1601 1409 1676 1489 pro
1704 1398 1798 1462 octo
1830 1382 1981 1465 marchis
1995 1388 2042 1468 dc
2097 1368 2102 1387 ’

176 1524 180 1531 ·
294 1514 401 1592 nan,
430 1491 577 1573 usualis
606 1506 765 1571 monete
781 1517 890 1570 nunc
917 1491 1131 1585 currentis,
1160 1492 1239 1571 Pro
1267 1518 1441 1600 quarum
1470 1509 1566 1583 octo
1595 1492 1851 1574 marcharum.
1869 1495 2042 1592 solucione,

204 1594 214 1604 ’
292 1604 433 1713 obligo
468 1600 651 1711 predium
680 1626 809 1683 meum
838 1596 1026 1681 videlicet
1053 1601 1157 1683 duos
1184 1601 1335 1683 solidos
1355 1619 1475 1701 terre,
1504 1606 1545 1684 in
1563 1627 1721 1713 vaeppy,
1750 1604 1950 1714 parrochia
1963 1624 2043 1705 pstu-

216 1734 221 1741 “
292 1744 409 1813 num,
436 1704 601 1824 quossi
629 1715 672 1794 in
702 1714 807 1803 festo
834 1711 944 1792 beati
973 1715 1135 1793 martini
1178 1715 1365 1822 proximo
1392 1706 1587 1797 venturo'
1612 1744 1694 1824 non
1738 1714 1953 1811 redemero,
1976 1720 2042 1799 rulo

291 1826 405 1938 quod
432 1826 541 1908 dicta
569 1841 698 1920 terra,
725 1840 827 1905 tunc
854 1839 901 1903 ut
928 1851 978 1903 ex
1006 1852 1118 1905 nunc
1145 1826 1195 1907 ad
1225 1826 1472 1907 solucionem
1500 1826 1606 1907 dicte
1642 1856 1795 1909 summe
1824 1830 1975 1937 pecunie
1997 1828 2043 1909 de·

182 2010 186 2022 ,
247 1956 249 1964 ’
291 1952 461 2050 putetur
501 1954 544 2017 et
583 1938 626 2017 in
669 1935 735 2044 jus
776 1952 818 2016 et
865 1936 1156 2043 proprietatem
1199 1936 1433 2046 supradicte
1475 1938 1640 2020 ecclesie
1681 1936 1918 2022 deuoluatur
1956 1940 2044 2048 planu

208 2122 215 2131 .
292 2053 400 2145 iure,
432 2046 539 2144 Huic
567 2064 701 2129 autem
730 2073 819 2127 mee
844 2045 1092 2154 obligaciuni
1120 2044 1293 2129 adhibiti
1321 2068 1415 2131 sunt
1444 2078 1517 2159 per
1546 2076 1609 2129 me
1637 2040 1771 2132 testes¹
1795 2050 1983 2159 wlgariter
2002 2052 2043 2133 di

114 2190 127 2201 ··
155 2219 175 2233 .·
290 2163 347 2243 cti
376 2160 529 2261 sastacr,
556 2156 735 2239 secunda
762 2156 829 2239 die
858 2157 1006 2267 pasche
1034 2176 1128 2239 ante
1158 2158 1265 2239 foras
1294 2162 1458 2242 ecclesie
1480 2162 1697 2270 upsalensis
1725 2164 1778 2241 Jn
1807 2162 1922 2243 buius
1946 2180 2044 2244 auten

61 2355 66 2363 k
164 2326 174 2343 -.
251 2266 267 2287 ⁵
292 2300 378 2352 mee
406 2269 673 2378 obligacicnis
702 2272 890 2349 maiorem
919 2269 1167 2364 firmitatem,
1196 2270 1369 2377 sigillum
1402 2300 1530 2355 merim
1564 2272 1818 2380 presentibus
1846 2289 1903 2355 mt
1928 2300 2044 2382 appan.

291 2410 399 2478 sum,
431 2383 578 2463 Actum
608 2408 718 2465 anuo
747 2378 901 2461 domini
930 2379 1159 2477 Millesimo,
1188 2381 1394 2467 eccum.
1422 2382 1487 2465 die
1516 2402 1556 2465 et
1584 2384 1676 2466 loco
1705 2384 1950 2497 supradictis.

628 2522 689 2592 'Eu
711 2523 816 2606 styclc
837 2523 874 2584 as
890 2522 999 2601 sigillet
1021 2544 1099 2607 quar
1120 2524 1159 2607 pa
1182 2523 1241 2585 den
1266 2546 1302 2585 ur
1325 2513 1449 2592 brelret
1470 2525 1590 2612 llippta
1614 2546 1744 2604 remsan,

51 2901 56 2910 '
153 2987 159 2995 .
227 2880 238 2935 ”
301 2888 468 3047 1391.
892 2888 1040 2996 1303
1087 2884 1136 2994 d.
1194 2925 1259 2995 10
1306 2868 1466 3037 April.
1548 3004 1550 3010 .
1621 2882 1624 2891 ’
1868 2862 2045 2998 Odense.

372 3111 506 3188 Kooung
529 3104 628 3172 Estne
650 3107 659 3165 i
682 3105 843 3170 Danmarb
855 3111 933 3173 Brel
951 3111 997 3172 till
1020 3110 1133 3172 Studes
1147 3109 1331 3188 Lund,med
1354 3110 1532 3192 belallcing,
1556 3120 1611 3188 stt,
1633 3108 1864 3174 utanalseende
1905 3109 2044 3174 berbllln

409 3190 592 3272 ‘misstydrla
614 3190 690 3254 bref
706 3191 784 3254 ellac
804 3195 998 3274 privilegier,
1020 3195 1180 3257 bibeballa
1204 3196 1237 3256 ait
1258 3193 1486 3277 Kyrlcberden
1508 3193 1567 3256 ccb
1590 3191 1820 3256 roetneboeme
1842 3197 1849 3256 i
1891 3209 1916 3258 :t
1935 3192 2045 3260 Michaels

422 3275 604 3352 iltrumliug
625 3270 780 3338 deratadcs
807 3275 896 3339 clercs
929 3277 1102 3361 lyrlovtg,
1138 3275 1266 3340 hvillen
1298 3277 1620 3340 Predilarebrb'derna
1642 3275 1702 3340 ocb
1724 3277 1815 3340 derat
1836 3279 1923 3342 Prior
1942 3279 2045 3344 tumen

421 3358 493 3420 dem
516 3356 664 3438 begagua.

1888 3441 1920 3497 b.
1936 3443 1958 3495 t

401 3575 447 3655 Ε.
491 3575 566 3656 Dei
608 3576 741 3682 gracia
784 3573 983 3656 danorum
1026 3576 1337 3689 sclauorumque
1384 3577 1491 3674 Rex,
1541 3576 1707 3658 Dilectis
1762 3579 1841 3661 sibi
1883 3575 2045 3658 aduocato

288 3704 330 3768 et
356 3686 530 3768 scabinis
558 3683 856 3782 Lundensibus.
884 3685 1052 3768 salutem
1083 3705 1124 3768 et
1151 3691 1339 3795 graciam.
1374 3715 1445 3768 sua
1478 3690 1593 3771 nobis
1623 3706 1754 3770 rector
1784 3687 1944 3772 ecclesie
1970 3683 2046 3765 beati

287 3796 490 3886 michaelis
519 3796 674 3892 lundis,
700 3813 743 3879 et
769 3799 1005 3906 parochiani
1033 3797 1233 3897 eiusdem,
1260 3801 1551 3908 conquestione
1576 3815 1871 3898 monstrarunt,
1899 3817 1935 3880 et
1960 3822 2047 3878 vene

101 3937 107 3947 ·
213 4009 218 4018 Ι
288 3909 405 3990 rabili
436 3929 551 4018 patre
582 3910 757 3990 Domino
785 3911 929 3992 Jsaruo
958 3909 1026 3994 dei
1057 3913 1192 4020 gracia
1225 3912 1412 3994 lundensi
1454 3911 1761 4040 archiepiscopo
1804 3912 1966 3994 swecbie
1991 3906 2048 4016 pri·

287 4037 392 4102 mate
421 4021 563 4102 Electo
594 4020 867 4130 intelleximus
895 4021 1117 4120 referente,
1146 4023 1224 4104 Cui
1239 4051 1363 4133 super
1391 4022 1468 4102 hcc
1495 4025 1766 4106 commisimus
1793 4026 1898 4106 vices
1918 4029 2060 4106 nostrus

254 4149 257 4153 ’
318 4129 401 4216 uod
459 4136 554 4230 rior,
582 4150 625 4213 et
664 4130 808 4214 fratres
850 4134 1122 4241 predicatores
1151 4133 1364 4216 lundenses
1406 4134 1611 4244 quandam
1655 4138 1759 4217 viam
1822 4121 2048 4225 subornat

286 4161 401 4326 ibres
420 4161 527 4325 dicte
554 4244 721 4326 ecclesie
748 4241 941 4327 directam
985 4273 1057 4355 per
1085 4275 1207 4356 quam
1239 4247 1475 4355 parochiani
1505 4245 1677 4356 predicti
1705 4245 1757 4329 ad
1785 4166 1928 4330 dictam
1954 4239 2048 4323 ecclc·

285 4357 722 4460 siamccnsweuerant
749 4358 989 4454 conuenire,
1030 4357 1076 4466 jn
1119 4359 1297 4467 ipsorum
1326 4374 1366 4440 et
1395 4359 1502 4440 dicte
1545 4359 1710 4441 ecclesie
1751 4357 1999 4468 preiudicium
2021 4361 2048 4428 tl

250 4492 253 4499 ’
285 4494 521 4576 grauamen,
549 4484 691 4547 contra
711 4463 909 4574 justiciam
940 4486 1203 4577 occuparunt.
1232 4468 1415 4580 Jdeoque
1431 4469 1547 4552 vobis
1564 4471 1827 4580 precipiendo
1842 4467 2047 4552 mandamus

285 4577 478 4686 quatinus
506 4577 701 4686 prefatam
729 4580 949 4676 ecclesiam,
973 4598 1013 4661 et
1029 4580 1296 4687 parochianos
1324 4581 1367 4662 in
1397 4585 1683 4692 possessionem
1699 4582 1944 4694 corporalem
1969 4575 2048 4656 dicte

285 4691 350 4770 uie
376 4690 617 4798 quantocius
645 4685 844 4773 inducatis
875 4709 917 4770 et
944 4689 1173 4821 defendatis
1202 4692 1410 4790 inductos,
1440 4719 1523 4774 non
1539 4693 1799 4776 obstantibus
1828 4693 1961 4775 litteris
1975 4709 2047 4766 ccu-

284 4799 533 4897 firmatcriis,
560 4803 623 4883 vel
651 4801 759 4899 aliis,
784 4833 808 4885 a
837 4803 977 4897 nobis,
1004 4801 1069 4884 vel
1088 4805 1231 4884 uostris
1267 4801 1619 4912 predecessoribus
1646 4805 1873 4916 inpetratis.
1901 4803 1988 4884 eun
2010 4799 2048 4872 tit

284 4937 514 5022 expressum
537 4913 581 4994 iu
607 4915 664 4994 eis
693 4913 757 4996 vel
784 4915 956 5024 exprimi
984 4913 1207 5012 debuisset,
1250 4930 1294 4996 vt
1319 4915 1434 4998 fieret
1462 4917 1546 4998 sine
1573 4917 1675 5026 juris
1718 4919 1881 5000 alterius
1908 4913 2046 5010 lesione,
