4317 5975
510 410 637 425 ·‘
775 387 1034 480 4427-
1133 414 1230 454 «υ.

108 541 253 746 r187.
470 605 475 613 ’
892 576 1060 751 (297.

43 827 46 835 ’
76 798 81 806 ¹
133 784 375 910 irie-Bieiopen
398 824 408 885 i
429 822 544 909 Upsala
566 803 828 887 Nrusbtnnsscns
844 779 1012 921 'utltrda'de
1033 788 1270 910 Kyriostidger
1291 828 1341 893 ίδ(
1359 826 1548 893 irkestiftet.

218 1042 388 1125 Statura
419 1043 630 1152 synodalia
657 1044 835 1149 dyocesis
862 1044 1094 1155 upsalensis.
1526 942 1556 999 ⁸·
1574 962 1603 999 ²·
1622 946 1682 1017 m

195 1183 510 1269 Anno.d0mini
539 1186 598 1271 M·
632 1187 717 1269 CC⁰
750 1186 842 1269 XC·
874 1188 1045 1295 septimo
1083 1212 1156 1269 nos
1205 1210 1403 1270 utcotnus
1441 1184 1578 1271 diuina
1617 1190 1879 1275 miseracione

93 1298 410 1413 archiepiscopus
439 1298 657 1405 vpsalensis
691 1295 801 1407 apud
833 1298 1054 1407 predictam
1098 1296 1303 1380 ecclesiam
1332 1314 1512 1381 nostram
1542 1300 1706 1382 fecimus
1734 1311 1878 1415 &pu-

94 1409 324 1523 plicauimus
361 1409 587 1519 subscripta
616 1426 763 1491 statuta
793 1410 839 1509 in,
862 1408 1020 1516 synodo
1051 1424 1213 1490 nostra..
1257 1472 1262 1479 .

187 1522 368 1601 'Primum
398 1519 677 1602 mandauimus
705 1520 817 1630 quod
847 1521 1020 1631 quilibet
1048 1517 1235 1603 sacerdos
1264 1518 1431 1602 indutus
1459 1518 1639 1602 vestibus
1666 1526 1787 1606 sacris
1809 1552 1879 1609 ex·
1953 1595 1958 1606 „
2063 1571 2068 1578 ·

17 1612 23 1634 ’
94 1649 210 1741 cepta.
230 1629 362 1712 casula
405 1630 548 1714 diebus
591 1630 802 1713 dominicis
831 1652 872 1712 ru
903 1628 1124 1743 pulpitario
1173 1629 1311 1739 legens
1337 1631 1462 1714 salem
1497 1635 1537 1711 8(
1564 1659 1712 1742 aquam
1755 1636 1880 1719 bene·

92 1742 193 1825 dicat
221 1741 394 1851 puplice.
801 1741 807 1749 ’
1011 1770 1014 1777 ·
1439 1766 1444 1776 ·
1560 1769 1567 1779 ·
1835 1822 1839 1830 ,

196 1857 299 1934 ltem
328 1850 440 1962 quod
468 1868 715 1933 sacramenta
745 1853 910 1935 ecclesie
941 1880 1032 1933 cum
1069 1852 1179 1933 omui
1221 1852 1521 1933 conscencia&
1548 1855 1775 1936 attonsione
1805 1855 1879 1938 ob·

94 1982 298 2047 seruentur
327 1969 375 2043 8(
396 1964 502 2072 pixis
530 1966 714 2075 corporis
740 1964 880 2045 christi
908 1970 992 2045 sine
1020 1963 1217 2044 crismalia
1247 1962 1395 2045 munde
1424 1962 1661 2045 habeantur.

197 2080 300 2158 Jtem
329 2074 442 2185 quod
471 2076 512 2155 in
540 2076 714 2157 ecclesiis
757 2074 1015 2157 testudinatis
1056 2103 1215 2183 pannus
1243 2102 1347 2156 vnus
1374 2101 1444 2155 seu
1471 2077 1593 2157 vestis
1628 2078 1733 2156 inter
1754 2076 1877 2163 altare

95 2185 393 2271 &testudinem
421 2188 607 2293 superius
635 2185 877 2269 extendatur
906 2186 1076 2297 propter
1103 2183 1383 2268 immundicias
1411 2185 1678 2293 expellendas.
1706 2181 1710 2190 ’
1892 2280 1896 2285 ,

196 2303 298 2379 Jtem
328 2293 440 2408 quod
469 2295 520 2378 de
550 2298 645 2379 vino
673 2303 713 2377 8(
740 2297 888 2380 oblatis
936 2297 1046 2378 cauti
1087 2299 1168 2382 sint
1203 2294 1316 2407 quod
1360 2295 1426 2376 illa
1458 2296 1605 2381 munda
1633 2296 1814 2381 babeant
1837 2308 1878 2384 8(
1957 2292 1961 2300 ’

96 2417 322 2518 incorrupta
352 2406 603 2489 similiter&
633 2407 757 2517 pallas
786 2410 1012 2518 corporalia
1043 2410 1084 2487 8(
1111 2408 1188 2489 alia
1217 2422 1453 2506 ornamenta
1481 2408 1619 2491 altaris
1647 2412 1878 2525 &ecclesie
1936 2420 1968 2480 -’

95 2522 234 2607 munda
263 2526 303 2602 8(
331 2520 459 2599 nitida
488 2536 739 2601 conseruent.

133 2642 135 2646 ’
196 2637 300 2714 Jtcm
329 2629 439 2741 quod
469 2629 640 2739 quilibet
681 2626 866 2711 sacerdos
902 2628 953 2711 de
997 2632 1192 2743 prepositi
1220 2658 1291 2711 seu
1318 2631 1554 2747 prelatisui
1597 2632 1763 2737 licencia
1791 2630 1892 2743 sibi

96 2744 356 2829 confessorem
385 2741 507 2849 eligat
536 2746 576 2820 8(
604 2741 772 2851 recipiat
801 2742 867 2821 cui
897 2742 1137 2823 confiteatur
1165 2748 1204 2823 8(
1230 2744 1304 2851 qui
1339 2744 1469 2850 ipsum
1499 2737 1712 2845 absoluere
1740 2746 1877 2851 possit.

196 2860 303 2939 Jtem
329 2852 442 2963 quod
471 2851 606 2933 nullus
634 2850 819 2933 sacerdos
847 2880 888 2933 se
917 2854 1159 2936 intromittat
1201 2852 1386 2957 alteriusj
1404 2851 1692 2962 parochianum
1719 2853 1876 2936 confes·

95 2999 170 3052 sare
197 2967 260 3048 vel
295 2964 373 3046 alia
400 2958 648 3046 sacramenta
675 2964 752 3046 sibi
782 2965 1008 3045 ministrare
1036 2965 1124 3044 sine
1150 2962 1313 3044 licencia
1329 2961 1596 3071 parochialis.
1910 2978 1914 2981 ’

192 3083 297 3161 ltem
326 3074 435 3187 quod
467 3075 602 3158 nullus
632 3074 819 3157 sacerdos
848 3077 1141 3186 questionarios
1168 3103 1238 3174 seu
1269 3072 1447 3156 bedellos
1474 3073 1708 3157 elemosinas
1734 3093 1876 3185 peteu-

96 3209 145 3274 tes
171 3194 213 3272 in
243 3211 314 3271 sua
343 3187 508 3270 ecclesia
525 3187 587 3268 vel
601 3185 792 3298 parochia
814 3189 984 3268 circuire
1003 3181 1198 3289 sustineat
1234 3186 1494 3267 nisi'nostras
1517 3181 1733 3269 habuerint
1769 3187 1876 3270 litte·

96 3333 148 3386 ras
174 3317 366 3413 patentes.

65 3479 69 3486 .
192 3419 299 3507 Jtem
327 3407 560 3492 mandamus
589 3407 700 3520 quod
730 3409 903 3519 quilibet
930 3405 1116 3491 sacerdos
1145 3408 1382 3492 beneficium
1410 3408 1722 3490 ecclesiasticum
1751 3409 1878 3520 adep·

8 3597 9 3606 t
97 3541 168 3629 tus,
195 3525 330 3605 omnia
360 3549 439 3632 que
462 3537 556 3602 ante
584 3549 626 3600 se
653 3522 695 3602 iu
725 3519 1038 3603 fundo'ecclesie
1065 3521 1284 3616 inuenerit,
1313 3521 1465 3601 vocatis
1492 3514 1697 3630 aliquibus
1726 3519 1776 3603 de
1805 3549 1877 3633 pe·

8 3613 10 3668 t
97 3639 218 3721 roobia
250 3633 464 3742 diligenter
493 3633 740 3729 conscribat,
770 3660 925 3712 necnon
958 3631 1097 3742 predia
1133 3631 1258 3734 libros
1287 3637 1326 3712 8(
1355 3629 1589 3712 indumenta
1620 3632 1786 3736 ecclesie
1816 3635 1877 3741 ip·

18 3789 22 3796 ·
80 3749 182 3848 ¹sius,
211 3753 252 3829 8(
281 3750 408 3857 ipsam
450 3744 688 3852 scripturam
721 3745 929 3852 preposito
958 3745 1020 3823 vel
1053 3743 1207 3851 prelato
1235 3771 1310 3824 suo
1338 3769 1458 3851 quam
1488 3743 1611 3822 cicius
1638 3746 1875 3825 committat.

192 3863 297 3941 item
327 3853 560 3936 mandamus
588 3851 700 3964 quod
732 3855 866 3934 nullus
894 3853 1061 3936 fundum
1085 3855 1248 3936 ecclesie
1281 3854 1345 3938 rel
1368 3852 1660 3949 habitaciouem
1674 3851 1726 3934 ad
1742 3855 1876 3936 locum

98 3967 205 4050 alium
237 3967 454 4050 transferat
486 3966 549 4047 vel
578 3964 820 4046 transmittat
850 3963 1000 4074 absque
1028 3981 1167 4046 nostra
1197 3964 1362 4046 licencia
1384 3963 1567 4070 speciali,
1598 3963 1874 4073 predia-eciam

98 4081 248 4164 ecclesie
277 4077 341 4160 vel
370 4076 537 4186 pratella
569 4075 710 4183 nullus³
731 4073 952 4156 distrahere
980 4074 1155 4157 vendere
1172 4077 1233 4156 vel
1251 4091 1480 4184 permutare
1502 4095 1706 4184 presumat
1724 4076 1878 4188 absque

29 4207 33 4220 ’
100 4211 217 4274 nostra
267 4191 448 4272 licencia·
477 4187 641 4299 speciali
670 4187 771 4267 Cum
815 4205 945 4268 autem
991 4189 1201 4268 necessitas
1243 4187 1411 4268 suaserit
1455 4201 1498 4264 rt
1527 4189 1775 4294 permutacio
1804 4216 1876 4268 seu

8 4323 10 4410 ξ
99 4299 292 4384 distractio
325 4297 554 4408 prediorum
599 4295 827 4378 huiusmodi
872 4299 956 4378 lieri
985 4298 1134 4378 babeat
1163 4299 1239 4380 hoc
1268 4296 1426 4408 prelato
1454 4299 1660 4406 insinuare
1694 4300 1768 4408 qui
1803 4329 1876 4382 no·
1939 4321 1944 4327 '
2025 4401 2031 4410 .

8 4415 10 4516 j
101 4411 432 4522 impostmodum
475 4438 596 4519 super
636 4410 712 4490 boc
739 4409 904 4489 'scribat
932 4415 971 4490 8(
999 4425 1181 4514 nostrum
1210 4438 1332 4517 super
1367 4409 1444 4489 boc
1479 4427 1665 4519 expectet
1706 4412 1878 4520 rescrip-

8 4569 9 4598 ;
100 4539 172 4604 tum
200 4532 239 4606 8(
268 4522 501 4605 mandatum
531 4521 615 4625 Qui
650 4539 784 4601 autem
813 4521 854 4601 in
884 4522 1085 4628 premissis
1113 4521 1176 4600 vel
1212 4521 1351 4630 aliqu-o
1380 4522 1665 4629 premissorum
1693 4520 1878 4630 culpabi-

8 4685 10 4734 ὲ
102 4632 141 4713 lis
166 4637 354 4716 inuentus
382 4631 523 4744 luerit,
552 4650 756 4742 tamquam
802 4633 926 4714 nostri
956 4647 1226 4739 transgressor
1254 4622 1437 4712 mandati
1463 4631 1685 4712 secuudum
1713 4634 1878 4742 exigen-

8 4743 10 4774 *
102 4745 188 4828 ciam
219 4749 280 4828 sui
311 4737 468 4842 delicti,
510 4769 584 4854 per
612 4767 687 4825 uos
715 4740 777 4826 vel
805 4770 880 4852 per
918 4742 1092 4826 'alterum
1135 4744 1202 4824 cui
1229 4771 1352 4852 super
1387 4743 1464 4823 boc
1491 4741 1664 4852 speciale
1695 4749 1881 4825 nostrum·
1949 4752 1955 4758 ’

8 4803 86 4960 {2

128 5093 133 5102 .
