4317 5975
1787 390 1789 395 ,
1863 392 1970 501 γλ,

240 609 348 684 Dies
383 608 550 709 pasche
589 610 699 683 scitur
739 605 863 681 habito
902 606 1056 699 termino
1095 604 1226 707 pasche
1264 632 1378 711 quum
1404 608 1445 684 in
1478 606 1662 685 dominica
1697 607 1863 711 proxima
1889 624 1946 695 ses

135 723 271 812 quente
301 714 497 819 terminum
522 736 665 813 semper
691 727 745 786 est
771 710 847 783 dies
874 708 1015 810 pasche.

239 850 359 920 Luna
400 848 544 947 ipsius
582 845 670 919 diei
710 846 875 945 pasche
914 854 1032 943 potest
1070 844 1153 917 sciri
1192 842 1223 917 si
1262 844 1473 946 inspiciatur
1510 840 1762 919 kalendarium
1789 870 1854 945 per
1880 871 1943 921 au-

134 974 241 1021 reum
270 951 445 1022 nimirum
460 950 807 1046 numerumcapitur
833 959 908 1019 etas
935 944 1020 1017 lune
1045 942 1103 1018 vel
1138 942 1242 1018 aliter
1268 948 1345 1019 sine
1363 946 1587 1047 inspectione
1612 942 1811 1022 kalendarii
1826 962 1945 1049 potest

133 1051 189 1123 sic
215 1049 340 1124 haberi
367 1053 511 1151 cognito
535 1048 691 1147 regulari
717 1050 834 1123 lunari
858 1042 1051 1120 cuiuslibet
1077 1046 1211 1119 mensis
1229 1048 1292 1147 qui
1318 1048 1429 1121 scitur
1454 1071 1519 1147 per
1545 1048 1610 1125 hos
1637 1072 1770 1124 versus.

459 1154 631 1253 Qulthtle
658 1151 841 1252 Sep.¹0mb⁹¹
868 1149 1009 1222 Oc.⁸⁰b“
1034 1146 1176 1221 donant
1201 1147 1378 1221 Nauember
1404 1148 1574 1221 De‚cember
1650 1214 1651 1217 Ἴ
1761 1228 1766 1235 1

778 1266 917 1349 septem
945 1264 1000 1322 ter
1025 1252 1095 1322 tria
1122 1248 1287 1321 Japuariua
1313 1248 1460 1323 Mar.cius

336 1370 340 1374 ·
439 1351 634 1426 Feb.tuatim
660 1350 784 1427 Arrilis
809 1352 934 1426 decem
962 1364 1127 1433 sumunt,
1155 1366 1236 1450 post
1264 1375 1375 1424 vnum
1403 1348 1554 1424 cuilibet
1578 1349 1700 1424 addas.

129 1464 174 1523 et
199 1460 353 1552 sequens
374 1453 526 1553 aprilem
553 1454 747 1535 lrabet.rr.
774 1480 846 1553 pro
862 1450 1014 1552 regulari
1041 1452 1189 1525 lunaris.
1215 1467 1251 1526 et
1264 1477 1417 1553 sequeus
1442 1451 1634 1525 illum.12.
1662 1466 1697 1527 et
1722 1454 1773 1527 sic
1798 1479 1964 1556 semper¹

130 1552 305 1627 addendo
328 1558 498 1630 unitatem
518 1582 629 1658 usque
653 1555 697 1629 ad
719 1553 962 1657 septembrem
989 1554 1053 1654 qui
1077 1552 1187 1626 habet
1212 1556 1385 1655 quinque.
1414 1552 1544 1626 habitis
1570 1554 1681 1651 igitur
1705 1569 1825 1654 epacta
1852 1560 1940 1633 anni

127 1659 311 1755 presentis
337 1672 374 1729 et
401 1657 555 1754 regulari
586 1658 704 1733 lunari
740 1660 873 1731 mensis
897 1659 936 1729 in
962 1680 1034 1756 quo
1061 1657 1223 1728 continet
1247 1656 1378 1757 pascha
1396 1655 1596 1750 'iungantur
1622 1656 1730 1728 simul
1755 1672 1877 1757 epacta
1904 1676 1942 1734 et

22 1781 27 1790 ·
128 1756 308 1852 regularis
334 1762 467 1831 mensis
493 1759 624 1858 pasche
650 1772 686 1833 et
711 1761 739 1831 si
765 1785 810 1831 err
829 1759 977 1833 illorum
999 1757 1253 1830 coniunctione
1272 1758 1450 1831 resultant
1469 1755 1528 1829 30.
1554 1753 1611 1829 vel
1632 1758 1749 1831 minor
1768 1784 1941 1837 uumerus

20 1905 24 1914 ·
129 1858 217 1932 talis
242 1861 347 1933 etatis
373 1862 443 1934 erit
470 1861 553 1934 luna
580 1862 618 1935 in
644 1858 806 1933 kalendis
834 1861 965 1934 mensis
991 1859 1091 1931 cuius
1118 1857 1319 1955 regularem
1346 1859 1529 1959 supersisti
1556 1859 1587 1930 si
1615 1859 1727 1931 maior
1753 1862 1847 1934 reice
1868 1862 1941 1938 .3o.

127 1962 170 2035 et'
202 1960 387 2033 residuum
415 1964 574 2036 ostendit
605 1975 736 2035 etatem
766 1961 861 2035 lune.
893 1960 939 2033 ad
971 1973 1102 2033 etatem
1135 1984 1220 2034 vero
1251 1959 1338 2032 lune
1364 1962 1402 2033 in
1428 1958 1592 2033 kalendis
1618 1963 1750 2033 mensis
1776 1960 1940 2039 habitam
2034 2041 2037 2053 ,

125 2061 289 2151 addatur
322 2090 493 2136 numerus
520 2064 661 2136 dierum
686 2066 819 2138 mensis
844 2064 1100 2164 preteritorum
1127 2062 1261 2162 inquo
1288 2074 1341 2134 est
1364 2060 1430 2135 ille
1458 2060 1535 2134 dies
1561 2062 1599 2132 in
1625 2086 1698 2161 quo
1724 2063 1778 2136 vis
1805 2064 1938 2140 babere

127 2175 265 2238 etatem
292 2163 379 2237 lune
408 2191 479 2241 vno
505 2166 565 2238 die
590 2180 814 2264 supertracto
840 2190 885 2237 ue
912 2164 967 2237 bis
992 2164 1133 2261 primus
1157 2174 1389 2263 computetur
1414 2165 1513 2237 etin
1541 2162 1600 2234 die
1626 2164 1785 2261 presenti
1819 2169 1849 2240 si
1880 2167 1940 2241 lu·

126 2266 203 2338 erit
227 2265 360 2363 pasche
386 2281 461 2340 etas
487 2264 641 2340 habetur
667 2269 758 2340 etsi
784 2292 966 2339 summam
990 2265 1201 2341 ,luuacionis
1235 2266 1367 2339 mensis
1400 2267 1591 2339 excesserit
1623 2263 1766 2337 residuo
1798 2281 1939 2349 retento

126 2371 208 2466 ipsa
234 2365 410 2441 abiciatur
436 2382 473 2442 et
499 2371 529 2441 si
556 2368 698 2441 luuacio
725 2367 823 2441 illius
850 2367 984 2441 mensis
1010 2366 1119 2439 fuerit
1146 2391 1218 2465 .29.
1245 2366 1401 2440 duorum
1427 2380 1464 2439 et
1480 2390 1649 2439 numerus
1668 2365 1731 2441 ille
1745 2372 1938 2444 excesserit

125 2492 194 2566 ²9·
221 2466 422 2543 abiciantur
447 2495 520 2570 .a9.
546 2483 583 2543 et
609 2470 794 2544 residuum
819 2468 978 2543 ostendit
1003 2481 1138 2541 etatem
1164 2468 1251 2543 luue
1278 2469 1316 2543 in
1342 2465 1408 2541 illo
1434 2468 1494 2541 die
1522 2468 1672 2570 quesito.

154 2627 163 2637 ’
232 2634 473 2719 Terminus
498 2650 782 2739 pentecostes
808 2650 907 2739 patet
932 2634 1055 2709 habita
1081 2636 1184 2710 claue
1211 2635 1324 2737 ipsius
1350 2634 1430 2710 sesti
1456 2650 1689 2739 pentecostes.

231 2804 334 2880 Dies
361 2821 647 2910 pentecostes
671 2822 769 2912 patet
795 2804 919 2879 habito
944 2802 1114 2878 similiter
1143 2803 1299 2879 termino
1324 2806 1437 2905 ipsius
1463 2821 1694 2907 pentecostes.

231 2977 352 3063 Luna
386 2977 529 3076 ipsius
561 2976 651 3080 diej
690 2989 912 3078 pentecostes
938 2988 1038 3075 patet
1060 2975 1175 3048 eciam
1201 2997 1266 3072 per
1292 2975 1553 3076 inspectionem
1585 2977 1683 3050 aurei
1718 2974 1862 3049 numeri
1894 2973 1935 3047 in

122 3073 351 3152 kalendariis
375 3076 434 3152 vel
460 3103 528 3179 per
566 3083 859 3156 coniunctionem
883 3091 1014 3179 epacte
1047 3091 1084 3150 et
1108 3076 1283 3178 regularis
1310 3074 1447 3154 lunaris
1474 3080 1607 3154 mensis
1637 3080 1677 3153 iu
1709 3101 1782 3180 quo
1813 3076 1935 3150 euenit
2020 3119 2025 3134 ·

121 3178 265 3254 festum
288 3193 521 3280 pentecostes.

200 3352 204 3358 ’
233 3347 468 3426 Adueutus
499 3347 670 3422 domiui
704 3353 815 3422 scitur
841 3374 906 3448 per
931 3347 996 3422 bos
1024 3370 1157 3422 versus.

547 3450 693 3524 Andree
719 3451 808 3524 festo
838 3450 988 3524 vicinior
1015 3448 1141 3522 ordine
1167 3450 1306 3549 quouis.

548 3551 760 3625 Adueutum
789 3553 929 3625 domiui
956 3550 1042 3622 seria
1067 3552 1184 3648 prima
1211 3562 1313 3622 notat

548 3649 586 3725 si
612 3654 707 3726 cadit
733 3656 771 3726 in
800 3653 917 3726 luceru
945 3653 1085 3724 domini
1112 3651 1314 3724 celebratur
1341 3649 1488 3724 ibidem.

110 3753 291 3852 proxima
319 3751 493 3825 nimirum
509 3752 700 3845 ‚dominica
729 3755 819 3827 sesto
844 3755 976 3827 andree
1004 3755 1079 3824 siue
1107 3767 1189 3824 aute
1214 3755 1289 3824 siue
1316 3765 1396 3848 post
1416 3747 1657 3822 celebrabitur
1677 3749 1852 3824 aduentus
1867 3747 1934 3822 do-

113 3855 229 3927 mini.
306 3854 431 3926 Cetera
459 3855 595 3954 quein
622 3854 740 3929 tabula
769 3857 861 3928 cerei
888 3853 1065 3954 paschalis
1095 3859 1340 3925 eonrmum'ter
1368 3867 1552 3951 ponuntur
1579 3851 1667 3923 bant
1687 3877 1750 3949 per
1771 3849 1933 3924 additam

111 3957 302 4028 unitatem
329 3957 597 4029 adnumerum
624 3959 708 4030 anni
736 3956 978 4055 precedentis,
1018 3954 1086 4026 hec
1114 3955 1223 4051 igitur
1249 3979 1314 4052 pro
1341 3951 1571 4025 ordinacione
1598 3951 1720 4027 tabule
1747 3953 1839 4024 cerei
1867 3975 1931 4049 pa·

110 4056 266 4132 scholis·
283 4055 358 4130 illis
384 4055 561 4130 sufficiant
585 4061 786 4159 conscripta
814 4057 877 4158 qui
904 4057 1075 4130 noticiam
1106 4055 1163 4127 vel
1191 4055 1331 4153 copiam
1359 4055 1520 4154 computi
1548 4079 1619 4126 non
1647 4053 1838 4127 habuerint
1873 4051 1932 4126 vel

113 4161 239 4234 ociem
267 4158 484 4234 tabularum.
512 4158 588 4232 solo
615 4163 697 4260 quia
728 4156 935 4233 volentibus
960 4157 1172 4240 contentari,
1201 4155 1263 4256 qui
1294 4180 1377 4228 vero
1406 4169 1591 4257 tamquam
1617 4157 1746 4229 curiosi
1764 4177 1930 4253 perscru-

111 4275 255 4336 tatores
286 4260 555 4362 adlproprium
588 4263 678 4362 quid
711 4261 818 4334 huius
851 4262 937 4333 artis
968 4283 1006 4332 se
1038 4257 1223 4332 voluerint
1253 4255 1473 4358 profundere
1511 4269 1715 4332 scrutentur
1754 4255 1931 4356 principia

19 4380 23 4388 '
113 4365 351 4464 computiste.

426 4464 560 4536 Cereus
586 4465 652 4536 iste
680 4462 787 4535 deum
817 4476 917 4535 notat
942 4487 983 4534 ac
1009 4485 1144 4534 annum
1171 4457 1348 4532 iubileum

425 4564 508 4655 Quo
534 4564 693 4638 muudus
718 4591 783 4665 per
810 4589 894 4637 eum
919 4565 1075 4663 sumpsit
1100 4563 1145 4636 de
1173 4585 1279 4634 carne
1304 4559 1498 4660 vtropheum

427 4667 495 4739 Est
519 4668 613 4764 ignis
639 4667 751 4740 deitas
777 4679 830 4738 est
856 4691 935 4737 cera
963 4689 1045 4738 caro
1071 4676 1132 4736 tua
1160 4663 1292 4736 christe

367 4825 375 4834 .
422 4767 483 4840 Sic
509 4767 598 4840 deus
624 4783 675 4841 est
701 4781 738 4840 et
762 4767 871 4840 homo
897 4792 1007 4868 quam
1034 4767 1152 4866 signat
1177 4787 1298 4838 cereus
1323 4763 1390 4834 iste

423 4869 492 4940 Est
516 4871 629 4942 eciam
655 4870 747 4968 sigui
775 4869 916 4966 signum
942 4867 1041 4968 quod
1067 4865 1165 4939 nube
1191 4864 1250 4941 vel
1277 4864 1351 4960 igni

423 4968 521 5042 Dum
546 4981 757 5074 sequeretur
783 4995 842 5045 eos
867 4969 1000 5070 pharao
1026 4967 1213 5070 prothexit
1239 4965 1402 5038 hebreos.
