4317 5975
1156 274 1210 301 ..

959 370 1371 461 -soo-i-

264 581 320 693 ila
349 563 525 699 eahibui,
556 618 595 683 et
626 627 701 707 pro
729 600 878 709 quibus
907 616 1038 678 totum
1068 596 1275 706 praedium,
1305 597 1416 709 quo‘d
1445 600 1487 678 in
1515 571 1865 697 Rostaso‘habut
1893 603 2038 691 Dilecta
2133 669 2134 680 a

268 718 386 802 vxori
416 738 510 795 meae
542 711 722 819 legaliter
750 738 840 791 cum
870 713 1084 791 lestum'et
1113 704 1277 818 lsibpum
1307 711 1473 805 contuli,
1510 708 1561 788 de
1595 708 1850 819 beneplacito
1884 716 2039 803 eiusdem
2133 731 2134 740 ‘

268 848 314 910 ac
343 826 416 933 filij
434 826 514 920 sui,
545 823 723 936 Haquini
753 821 851 901 dieti
886 819 1243 917 Lama‚.Disoreto
1280 823 1368 900 viro
1405 824 1524 900 Petro
1561 816 1772 927 Oyarsson,
1810 850 1882 929 pro
1916 820 2045 933 viginti
2133 859 2134 910 r

134 958 138 964 '
267 937 425 1043 duabus
452 928 643 1029 marchis,
672 937 825 1037 argenti
858 931 1239 1042 parisvendtdiss'e'.
1298 931 1422 1035 Quod
1449 932 1673 1038 supradicti
1700 931 1918 1042 'propinqui
1951 965 2040 1021 eme·

166 1112 169 1119 .
255 1068 313 1129 “re
342 1034 581 1127 noluerint.'
620 1046 672 1125 Et
701 1047 866 1153 insuper
895 1072 956 1123 me
986 1042 1116 1123 totum
1145 1060 1354 1149 argentum
1385 1045 1593 1149 recepisse.
1652 1044 1792 1125 Testes
1819 1043 1935 1125 huius
1962 1078 2042 1129 reu·

245 1154 431 1241 cisionis
472 1159 544 1266 qui
579 1172 793 1264 praesentes
832 1156 996 1237 fuerunt
1025 1174 1121 1235 sunt
1160 1154 1205 1234 bi
1238 1155 1436 1235 Dominus
1470 1154 1612 1235 Tbuco
1649 1156 1831 1250 tonsson,
1867 1159 2043 1241 Dominus
2134 1211 2135 1224 a

162 1280 183 1355 ,’
268 1272 320 1351 K.
358 1268 555 1378 plebanus
593 1266 643 1347 de
681 1264 904 1363 Linderass,
941 1267 1064 1347 frater
1100 1271 1144 1349 P.
1172 1268 1285 1373 prior
1320 1266 1622 1375 Skiuingensis‚
1658 1268 1778 1347 Ciues
1815 1266 2044 1377 Skaningen·

268 1407 340 1473 ses,
381 1380 619 1475 Vbsatensis,
654 1380 862 1460 Esbernus'
897 1380 1030 1457 Hansa
1067 1379 1188 1485 patho,
1224 1380 1474 1485 peregrinus,
1513 1394 1553 1457 et
1590 1377 1726 1485 plures
1763 1376 1832 1484 alij
1861 1377 2041 1486 lidedigni.

268 1491 331 1573 Ad
361 1488 745 1570 cuius·evidentiam
775 1508 825 1581 et
846 1490 1070 1569 firmitatem
1102 1489 1337 1596 pleniorem,
1366 1488 1540 1593 sigillum
1570 1491 1733 1569 Domini
1762 1490 1804 1567 Β.
1834 1488 1949 1597 Regis
1962 1490 2044 1570 Sve-

160 1637 164 1642 ·
220 1642 225 1653 ·
268 1600 682 1707 orumgillustrissimp
716 1617 755 1679 et
791 1601 952 1679 Domini
971 1600 1063 1694 ‘Tb
1084 1601 1372 1697 -·Knutzssons‚
1410 1600 1651 1709 Marscalchj
1681 1598 1867 1706 eiusdem.
1902 1629 2043 1681 necnon

269 1730 310 1795 et
340 1702 487 1819 sigilla,¹
514 1712 675 1791 Domini
705 1711 912 1803 Thuoonis
941 1712 1141 1806 loussons
1164 1708 1329 1791 Frat'nis·
1350 1713 1495 1819 prioris
1525 1714 1564 1791 P.
1594 1711 1889 1821 Skaningensis,
1918 1738 2043 1807 meum,

214 1853 217 1861 ’
268 1826 435 1905 Dilectae
463 1826 732 1925 associantem,
762 1824 1013 1931 lugeburgis,
1035 1839 1075 1903 et
1104 1823 1283 1931 Haquini
1311 1823 1453 1917 Lama,
1482 1822 1556 1927 lilij
1584 1825 1647 1903 sui
1678 1825 1936 1930 praesentibus
1962 1842 2044 1901 sunt
2134 1833 2135 1888 ἒ

269 1962 461 2044 appensa.
497 1937 664 2017 ¹Datum
695 1932 923 2038 Skaningic.
987 1939 1109 2015 Anno
1137 1935 1311 2029 Domini,
1342 1934 1391 2013 bl.
1406 1935 1485 2013 CC.
1501 1933 1585 2013 XC.
1604 1934 1674 2013 lX.
1707 1935 1839 2041 pridie
1867 1932 2045 2013 Calendas
2134 1925 2135 1956 l

270 2046 474 2147 Octobris.
1000 2127 1003 2138 ,
1145 2113 1153 2125 .
1662 2120 1665 2124 ,
1967 2094 1975 2111 =

326 2274 333 2282 Ι
374 2186 421 2252 Af
437 2188 558 2269 siglllcn
582 2160 694 2263 balva,'
714 2169 813 2267 caligt
835 2187 1122 2268 r=ituiu'garne„ll:o
1148 2174 1227 2267 spa,
1246 2187 1320 2263 4,’6
1342 2188 1549 2265 norithone,
1571 2188 1629 2252 tta>
1653 2188 1774 2285 3757]
1797 2185 1961 2251 oskadade.
2038 2212 2042 2217 ·
2135 2229 2136 2238 ,

205 2578 211 2593 ’
282 2552 431 2660 1288.
484 2619 490 2631 =
592 2596 595 2603 ’
704 2639 710 2648 .
899 2591 1049 2697 1299
1096 2548 1145 2653 d.
1195 2589 1263 2692 27
1313 2548 1426 2657 Oct.
1764 2496 2047 2659 Westeras.

353 2740 511 2840 witterus
533 2771 750 2853 Domlapitcls
772 2770 937 2838 Futtma'tt
959 2736 1008 2839 lit
1030 2772 1201 2836 lucilerae
1222 2774 1320 2851 louis
1336 2772 1401 2852 neb
1423 2775 1574 2851 Troianas,
1596 2786 1642 2838 att
1664 2776 1762 2836 sarum
1785 2774 1856 2835 dess
1873 2766 2048 2852 tuttusguae

404 2856 523 2919 ombud
552 2855 609 2920 bos
635 2854 872 2939 Erlebiskopcn
895 2859 906 2918 i
927 2851 1046 2941 Upsala
1074 2857 1188 2938 begare
1209 2854 1400 2917 sraumretse
1421 2856 1706 2942 plDomlapltlcts
1728 2857 1780 2919 val
1803 2859 1842 2920 al
1858 2859 2075 2940 Dompmsteuo
2135 2871 2136 2906 t

327 3037 329 3044 ,
402 2940 513 3002 aaran
535 2940 584 3004 au
606 2940 730 3026 urssop.
1859 3023 1924 3076 aa
2133 2977 2136 3051 2

283 3211 308 3238 ¹,
380 3124 590 3210 Vniuersis
632 3142 837 3232 presentes
874 3127 1046 3204 Litteras
1082 3127 1323 3231 inspecturis
1362 3101 1593 3234 Capitulum
1640 3127 1806 3206 ecclesie
1849 3113 2049 3206 llrosiensis
2133 3116 2137 3129 '

270 3235 437 3319 salutem
468 3237 508 3316 in
538 3234 688 3322 christo
718 3241 1016 3346 sempiternam.
1073 3235 1272 3316 Noucrint
1299 3237 1484 3318 uniuersi
1518 3233 1641 3338 Quod
1671 3263 1745 3321 nos
1775 3235 1968 3317 discretos
2001 3234 2049 3311 vi·

271 3377 337 3427 ros
382 3346 566 3427 dominos
609 3347 830 3429 Iohannem
873 3363 913 3427 et
950 3344 1269 3427 Tidhemanuum
1315 3351 1610 3454 concanonicos
1644 3366 1807 3428 nostros
1836 3347 2050 3428 ordinamus
2131 3394 2136 3405 ·

270 3457 436 3538 facimus
471 3470 511 3534 et
541 3458 821 3538 constituimus
858 3475 1140 3567 procuratores
1183 3473 1342 3536 nostros
1385 3478 1425 3538 et
1460 3461 1630 3538 nuncios
1660 3461 1856 3568 speciales
1884 3460 1933 3540 ad
1959 3483 2051 3537 com·

271 3567 494 3678 parendum
533 3595 665 3648 coram
701 3572 923 3650 reuerendo
954 3587 1068 3677 patre
1108 3585 1248 3646 nostro
1276 3586 1316 3648 et
1344 3568 1529 3664 domino,
1568 3571 1737 3651 Nicolao
1765 3572 2050 3679 archiepiscopo

259 3679 470 3784 ,upsalensi
498 3694 541 3760 ct
568 3680 616 3758 ad
647 3681 865 3786 petendum
889 3679 1238 3762 confirmacionem
1263 3681 1474 3760 eleccionis
1503 3683 1542 3760 in
1575 3672 1711 3762 nostra
1740 3683 1907 3764 ecclesia
1935 3706 2049 3786 nuper
2136 3690 2137 3693 ’

43 3811 46 3828 “
164 3859 167 3867 .
272 3783 456 3873 sacte'de
487 3792 577 3870 uiro
606 3790 779 3874 discreto
808 3793 974 3886 domino
996 3791 1186 3899 Haquino
1210 3793 1419 3898 preposito
1445 3810 1599 3885 nostro,
1627 3792 1767 3873 dautes
1799 3791 1942 3874 eisdem
1971 3813 2051 3897 pro·
2130 3833 2135 3842 ·

271 3898 525 4014 curatoribus
565 3901 722 4008 plenam
761 3920 800 3982 et
840 3904 1004 3983 liberam
1038 3917 1278 4010 potestatem
1307 3902 1518 3983 eleccionis
1544 3903 1649 3985 dicte
1686 3908 1901 4011 negocium
1934 3928 2052 4009 prosc-

195 4011 214 4050 *
270 4007 442 4124 quendi,
485 4015 532 4092 a'c
566 4011 833 4108 defendendi,
878 4015 935 4092 in·
958 4013 1116 4092 animas
1162 4017 1318 4092 nostras
1361 4016 1393 4093 si
1431 4015 1753 4096 necesse'luerit
1796 4015 1974 4106 iurandi,
2018 4026 2052 4086 et

156 4121 163 4136 '
270 4122 345 4202 alia
378 4125 512 4203 omnia
542 4139 582 4203 et
610 4123 767 4231 singula
798 4123 966 4206 faciendi
1006 4151 1087 4233 que
1124 4125 1207 4204 veri
1243 4139 1283 4204 et
1314 4124 1496 4231 legittimi
1527 4145 1809 4232 procuratores
1839 4126 1966 4206 facere
1991 4121 2051 4204 de·

270 4233 370 4314 bent
411 4253 452 4314 et
482 4251 651 4340 possunt
689 4254 733 4315 -ct
775 4264 855 4341 quc
885 4239 993 4316 circa
1021 4234 1200 4342 predicta
1230 4237 1447 4316 necessaria
1484 4233 1636 4316 suerint
1663 4269 1710 4319 ac
1738 4241 1866 4319 eciam
1898 4252 2050 4344 oportu-

268 4373 341 4439 na,
372 4347 652 4451 promittentes
682 4373 755 4425 nos
798 4363 926 4434 ratum
956 4364 997 4429 et
1033 4364 1191 4453 gratum
1222 4345 1430 4431 habituros
1466 4346 1668 4458 quidquid
1706 4379 1777 4460 per
1811 4349 1940 4430 dictos
1969 4370 2051 4453 pro·

269 4465 475 4538 curatores
506 4475 665 4538 nostros
693 4455 841 4539 lactum
872 4458 995 4539 fuerit
1033 4459 1072 4536 in
1105 4458 1314 4564 premissis.
1377 4461 1426 4538 Ju
1465 4463 1580 4539 cuius
1610 4463 1666 4540 rei
1695 4462 1943 4544 euidenoiam
1974 4481 2051 4565 pre·

271 4567 451 4646 sentibus
486 4566 659 4672 sigillum
693 4570 819 4648 nostri
859 4570 1025 4677 capituli
1069 4568 1258 4647 duximus
1298 4571 1596 4676 apponendum.
1653 4577 1798 4653 Actum
1842 4600 1949 4652 anuo
1988 4567 2051 4647 do·

241 4675 939 4762 .miui'lllillesimo„ducentesimo
960 4679 1417 4785 Nonagesimo.‚lNoao‚
1447 4685 1499 4762 ln
1533 4684 1665 4789 vigilia
1696 4684 1968 4793 apostolorum
1994 4679 2050 4774 si·

219 4872 221 4880 ,
268 4789 397 4867 monis
425 4807 464 4868 et
492 4789 606 4870 lude.
648 4851 650 4858 >

583 4895 588 4904 '
1007 4913 1326 4996 mmmmm
