4317 5975
989 370 1046 432 ...·
1156 291 1260 460 534⁹
1313 407 1403 426 ...

305 596 530 784 1587.Ι
743 677 816 718 ,ι
943 593 1086 706 1308
1132 595 1182 704 d.
1236 635 1301 706 ιο
1342 599 1473 742 Aug.
1726 595 1731 600 ’
1863 597 2043 758 Husaby.

345 832 348 838 ’
378 822 495 908 nntop
517 823 670 893 Barnous
689 821 699 882 i
721 819 823 882 Slara
842 823 940 906 iutyg,
961 831 1007 884 att
1027 821 1236 903 Domprorteu
1259 816 1405 898 Magister
1416 815 1524 896 Brugt,
1537 811 1608 876 med
1621 811 1788 900 Biskopem
1797 815 1853 878 och
1864 819 2046 906 Domlrpitlsu

350 928 352 931 ·
429 903 922 988 tttnttnd,borrbytt1tlagsrorp
942 903 1003 966 och
1025 901 1182 986 Sigumtatl
1203 903 1212 963 i
1235 897 1585 982 Wermlsnd,qrrraen
1608 897 1619 958 i
1642 899 1778 976 Marem,
1791 899 2045 988 Domprostspaunea

430 989 441 1051 l
463 987 590 1051 ntttnt
609 997 691 1050 sumt
712 986 828 1070 gurdar
848 989 858 1050 i
879 987 1052 1054 tristetur
1074 985 1121 1050 till
1143 981 1287 1049 Krnileu
1309 984 1401 1066 Bffiru
1422 981 1458 1042 nl
1476 981 1557 1046 Delo
1578 989 1663 1044 emot
1690 979 1823 1064 Saeglora
1842 983 1898 1045 och
1926 987 2055 1079 aarum

1842 1096 1945 1154 nas

405 1237 616 1318 Vniuersis
646 1249 850 1346 presentes
891 1238 1045 1320 litteras
1071 1235 1218 1320 visuris
1245 1231 1311 1316 vel
1340 1229 1539 1314 audituris
1569 1231 1612 1312 B.
1641 1227 1707 1312 dei
1733 1234 1863 1340 gracia
1894 1241 2049 1322 scarensis

293 1349 533 1458 Episcopus,
562 1349 741 1429 Salutem
755 1349 798 1430 in
825 1347 991 1430 domino
1005 1349 1301 1456 sempiternam,
1332 1345 1482 1424 Notum
1504 1341 1671 1423 facimus
1687 1344 1879 1424 vniuersis
1904 1346 2050 1454 quodin

293 1462 499 1570 presencia
538 1477 676 1542 nostra
703 1460 937 1556 constituti,
965 1456 1127 1540 disereti
1157 1458 1252 1554 viri,
1298 1453 1475 1564 dominj,
1517 1455 1707 1562 Magister
1737 1453 1958 1537 benedictus
1982 1487 2050 1567 pre·

294 1571 451 1680 positus
477 1571 684 1653 scarensis.
713 1587 755 1652 et
782 1569 884 1652 bero
911 1569 962 1652 de
990 1568 1127 1653 delum
1155 1569 1374 1650 eanonicus
1403 1563 1557 1661 noster,
1596 1569 1927 1674 permutacionem
1951 1597 2050 1678 quan·

291 1681 383 1764 dam
412 1680 464 1764 de
493 1681 611 1764 bouis
639 1681 926 1764 beneficiorum
954 1705 1119 1762 suorum
1150 1693 1350 1790 perpetuo
1378 1674 1636 1774 duraturam,
1667 1674 1717 1756 de
1733 1679 1896 1759 consilio
1921 1695 1958 1760 et
1980 1708 2051 1764 con·

292 1819 415 1876 sensu
453 1811 534 1878 um
576 1811 716 1874 nostro
744 1819 864 1904 quam
890 1792 1059 1901 capituli
1088 1791 1216 1872 nostri
1247 1789 1430 1871 lecerunt
1458 1789 1501 1870 in
1530 1789 1639 1869 huna
1667 1786 1843 1886 modum,
1884 1778 2050 1890 rideliret,

291 1902 407 2016 quod
434 1907 546 1986 curie
573 1905 763 2012 saeglorar
799 1920 841 1988 et
882 1903 1086 1999 hattueth,
1128 1929 1219 1984 cum
1263 1899 1522 1997 molendinis,
1567 1899 1769 2008 piscariis,
1815 1899 1988 2010 colonijs,
2019 1933 2051 1986 ae

290 2015 482 2098 omnibus
509 2015 600 2125 alijs
627 2015 828 2096 dictarum
856 2017 1060 2097 curiarum
1089 2011 1372 2122 pertineneijs,
1404 2011 1510 2093 intra
1540 2038 1655 2118 sepes
1683 2026 1723 2090 et
1752 2027 1883 2108 extra,
1916 2011 1962 2092 ad
1987 2043 2051 2121 pre·

251 2211 255 2216 ,
289 2129 514 2237 posituram
543 2153 768 2210 scarensem
797 2144 996 2238 perpetuo
1024 2129 1227 2236 pertinere
1256 2122 1443 2220 debeant,
1486 2121 1608 2204 Curie
1638 2148 1754 2216 vero,
1796 2121 2004 2231 claxthorp.
2024 2144 2052 2206 et

288 2242 524 2348 sigarstatlae
552 2240 595 2320 in
624 2236 929 2335 wermalandia,
957 2267 1049 2320 rum
1078 2235 1337 2332 molendinis,
1368 2233 1570 2343 piscarijs,
1615 2231 1798 2342 rolonijs.
1828 2262 1874 2316 ae
1901 2234 2053 2318 omnihus

221 2372 227 2382 ’
289 2349 381 2458 alijs
407 2349 607 2432 dictarum
636 2350 841 2432 curiarum
870 2345 1135 2459 pertinenciis
1162 2349 1268 2430 intra
1295 2373 1411 2454 sepes
1448 2363 1489 2428 et
1516 2360 1653 2441 extra,
1683 2371 1842 2428 necnon
1870 2361 1910 2426 et
1935 2346 2053 2428 molen·

288 2461 430 2544 diuum
457 2463 502 2544 in
530 2487 701 2542 mareem
728 2461 795 2544 oui
821 2489 978 2544 annexa
1006 2480 1066 2544 est
1093 2457 1267 2556 colonia,
1307 2456 1466 2540 Modius
1495 2452 1748 2566 prepositalis
1776 2458 1823 2538 in
1852 2453 2005 2554 kakind,
2026 2474 2054 2538 et

289 2571 450 2656 colonie
478 2573 522 2654 in
549 2569 724 2654 liskibaee
753 2573 826 2654 illa
854 2571 1063 2656 dumtaxat
1081 2587 1264 2680 excepta,
1293 2567 1343 2652 de
1372 2597 1452 2678 qua
1482 2567 1587 2650 laeta
1618 2565 1959 2676 luitpermutario
1987 2569 2052 2650 eun

289 2683 454 2768 ecelesia
483 2685 526 2764 in
556 2681 709 2778 lenom,
737 2683 943 2794 prebende
971 2681 1070 2764 dicti
1099 2681 1254 2764 domini
1296 2677 1461 2762 beronis
1503 2675 1677 2760 debeant
1705 2677 1748 2760 in
1776 2696 2005 2807 perpetuum
2026 2695 2054 2758 et

105 2779 147 2906 Ι,
199 2794 202 2805 ’
287 2794 614 2884 irreuoeahiliter
642 2793 838 2894 adiacere.
892 2797 955 2878 Ne
983 2794 1107 2902 igitur
1135 2819 1258 2904 super
1298 2791 1501 2902 premissis
1528 2787 1592 2874 rel
1634 2787 1773 2900 aliquo
1807 2816 2053 2901 premissorum

287 2907 424 3020 aliqua
460 2907 588 3018 possit
616 2907 660 2989 in
689 2923 893 3017 posterum
933 2903 1119 2989 dubietas
1162 2903 1357 3000 suboriri,
1400 2901 1575 3013 sigillum
1616 2917 1803 2984 nostrum
1842 2920 1882 2997 et
1914 2901 2054 3013 sigillum

286 3020 453 3133 capituli
483 3022 610 3101 nostri
647 3021 900 3129 presentibus
940 3035 1038 3101 sunt
1065 3043 1254 3127 appensa.
1314 3018 1463 3099 Datum
1492 3033 1532 3097 et
1560 3031 1706 3097 actum.
1747 3016 1924 3125 hosaehy.
1973 3038 2056 3095 anno

286 3132 451 3217 domini.-
473 3132 562 3242 ,MS
577 3130 711 3215 CCC'.
727 3132 860 3233 vlflf.
890 3133 933 3213 iu
961 3129 1027 3215 die
1054 3128 1166 3213 beati
1194 3126 1391 3235 laurencii
1420 3126 1605 3211 martiris.

966 3272 1095 3357 Sipilen
1118 3270 1241 3357 myeket
1261 3268 1407 3335 skadnde.

188 3688 195 3696 ¹
295 3638 464 3754 1588.
922 3633 1071 3745 1308
1118 3636 1166 3741 d.
1221 3639 1285 3745 11'
1335 3636 1463 3781 Aug.
1554 3755 1559 3767 ⁸
1801 3614 1814 3623 ’
1868 3635 2055 3741 Poitiers

364 3860 484 3927 Pllrea
506 3862 644 3924 ceusu
661 3858 721 3923 Vas
741 3860 832 3922 Bulla
854 3859 902 3922 till
922 3857 1151 3939 delebitiopea
1174 3858 1183 3919 i
1204 3856 1321 3941 Uprnls
1342 3856 1403 3920 orla
1426 3854 1742 3939 hensLydbislopsr,
1754 3855 1827 3921 med
1840 3856 2007 3936 besalluing,
2023 3860 2055 3913 rtl

158 3912 162 3919 Ι
299 3996 302 4005 .
416 3943 515 4007 under
535 3945 557 4010 5
577 3946 615 4007 dr
636 3964 747 4023 gersom
770 3942 960 4029 predilande
980 3941 1041 4003 och
1061 3940 1152 4004 allata
1181 3940 1515 4025 uldelsndeuppmans
1536 3940 1632 4004 lollet
1654 3941 1699 4003 till
1721 3961 1758 4003 ea
1782 3940 2004 4023 korstslgsgtrd,
2020 3934 2055 3995 till

149 4748 158 4767 Ι
277 4690 381 4760 nem,
411 4664 592 4772 Exurgat

414 4028 515 4109 trigel
537 4037 603 4090 mot
624 4027 843 4104 Saracenerne,
863 4026 955 4109 jemte
977 4025 1180 4101 idreslriller,
1200 4023 1282 4087 huru
1302 4024 1341 4089 de
1353 4022 1518 4087 iuramlsde
1530 4023 1652 4087 medleu
1668 4022 1911 4102 bo’raliirvaras‚
1931 4022 2057 4085 reduviam

298 4108 301 4115 '
414 4110 475 4174 och
496 4111 642 4194 slutligea
663 4111 709 4174 till
731 4110 851 4218 l’dlven
870 4106 1072 4241 dirersltndrt·
1783 4191 1820 4243 Α.
1841 4210 1852 4247 ι
1881 4186 1947 4253 δ’)

200 4412 213 4433 ‚
392 4329 582 4411 Curuus
609 4330 824 4439 episeopus
850 4352 991 4408 seruus
1017 4352 1229 4406 seruorum
1259 4322 1323 4406 dei
1359 4320 1657 4407 venerabilibus
1701 4324 1898 4407 fratribus
1926 4318 2054 4403 arehie-

279 4443 449 4548 piscopo
471 4440 678 4549 'vpsalensi
706 4455 748 4519 et
776 4439 861 4518 eius
903 4436 1167 4545 suffraganeis
1204 4463 1361 4518 necnon
1389 4450 1431 4516 et
1459 4433 1548 4517 aliis
1589 4438 1790 4546 episcopis
1821 4433 2007 4543 exemptis
2029 4428 2053 4507 si

279 4556 350 4662 qui
379 4551 530 4633 luerint
544 4554 587 4633 in
603 4580 628 4630 v
660 4551 802 4633 salensi
818 4549 1028 4658 prouincia
1057 4548 1269 4629 constituti
1284 4546 1453 4629 salutem
1483 4565 1523 4630 et
1548 4549 1809 4657 apostolicam
1835 4543 2053 4631 benedictio·

622 4580 811 4745 dominus
851 4677 892 4741 et
932 4660 1082 4741 inimici
1126 4656 1372 4769 dissipentur
1401 4660 1527 4767 ipsius
1554 4674 1757 4769 exurgant
1785 4688 1878 4741 eum
1907 4686 1952 4738 eo
1977 4650 2051 4733 fidei

315 4911 342 4985 *l
362 4906 412 4968 Ur
432 4926 469 4966 en
490 4905 682 4967 otidimernd
704 4904 827 4966 ulslrilt
847 4902 887 4988 pt
908 4902 1030 4987 enldng
1050 4872 1357 4989 pergameulsremsu,
1375 4900 1385 4963 i
1402 4898 1559 4984 'hoggred
1579 4900 1706 4966 srtrltsr
1724 4898 1784 4965 och
1807 4899 1848 4987 pri
1870 4896 1942 4961 flers
1961 4892 2048 4959 stillet

355 5000 460 5055 neuen
482 4986 549 5053 helt
568 4988 628 5053 och
649 4987 747 5051 httter
768 4986 924 5073 utpllnad.
1716 4998 1718 5005 ’
