4317 5975
979 398 1035 415 ..
1083 455 1086 470 1
1147 352 1227 456 574
1342 395 1397 414 ...

293 571 462 685 1-623.
719 544 723 557 ⁸
789 610 792 618 ·
935 553 1089 728 1309
1133 571 1181 676 d.
1236 559 1303 684 1'8
1357 571 1467 714 Maj.
1776 569 2042 681 Naedaestum.

365 759 557 823 Cnarsrreuns
578 757 637 819 orh
661 743 870 822 blandireris
898 759 1163 822 testamenturisle
1187 758 1359 840 unorduing
1386 761 1422 822 as
1439 759 1530 821 derns
1555 755 1797 840 qvarldtenskap
1823 757 1867 818 tttt
1888 757 1986 842 hyrlor
2002 765 2046 826 orb

409 844 540 920 kloster,
562 841 748 902 brat-iblend
771 843 831 907 fest
852 843 1003 924 egendom
1027 845 1072 904 till
1098 843 1321 922 Wdrsruberge
1335 841 1465 918 noster,
1476 853 1554 904 samt
1567 840 1607 902 50
1619 839 1707 901 mark
1719 842 1898 924 penniogor,
1908 854 1946 902 att
1957 844 2047 907 sdrdela

406 928 520 988 mellan
543 924 607 989 ella
629 924 753 1003 kloster,
775 946 841 987 som
859 926 931 1008 ligo
940 927 1110 1008 olvauslog
1122 925 1182 988 och
1195 927 1233 988 de
1246 927 1379 1010 lyr-lor,
1391 926 1400 986 i
1413 927 1506 987 hvers
1516 925 1731 1004 fdrsamlingor
1743 924 1781 984 de
1793 923 1962 1058 basppaqus
1971 945 2003 987 ru.
2018 949 2048 990 u.

391 1107 634 1188 innomine
673 1111 801 1217 patris
836 1128 876 1190 et
920 1111 990 1190 filii
1033 1128 1072 1189 et
1113 1111 1279 1217 spiritus
1322 1111 1451 1190 saneti
1496 1137 1608 1192 amen
1641 1111 1725 1189 Nos
1765 1108 2045 1190 Cntsrettnusct

281 1242 523 1300 notoncurt
554 1247 656 1298 vxor
684 1217 860 1301 eiusdem
893 1238 1025 1300 mente
1053 1223 1156 1300 sicut
1184 1239 1224 1298 et
1252 1245 1424 1327 corpore
1455 1222 1694 1314 incolumes,
1735 1217 1910 1300 volentes
1934 1225 2049 1301 nostris

282 1330 489 1410 animabus
518 1329 736 1411 salubriter
767 1331 1002 1438 prouidere,
1030 1358 1077 1410 ac
1108 1333 1311 1411 messionis
1340 1349 1516 1412 extreme
1538 1332 1650 1413 diem
1688 1327 1947 1410 misericordie
1976 1357 2049 1438 ope-

281 1437 396 1521 ribus
426 1443 657 1548 preuenire‚
687 1439 736 1521 de
766 1441 881 1520 bonis
911 1443 1057 1521 nostris
1087 1457 1267 1522 nostrum
1300 1458 1580 1524 testamentum
1611 1471 1700 1523 cum
1724 1459 1943 1520 nostrorum
1962 1439 2048 1524 here·

282 1546 378 1632 dum
408 1579 569 1632 assensu
606 1553 833 1648 beniwolo‚
872 1553 1007 1632 taliter
1042 1553 1278 1632 ordinamus
1315 1557 1364 1632 ln
1403 1555 1540 1660 primis
1577 1553 1759 1633 'Ecclesie
1803 1552 2050 1632 sanctimonia·

281 1661 379 1742 lium
408 1663 452 1740 in
482 1680 616 1745 monte
646 1665 759 1745 beate
786 1665 973 1771 virginis,
1008 1663 1077 1742 vbi
1108 1666 1257 1769 pariter
1287 1664 1473 1769 eligimus
1516 1665 1695 1772 sepeliri,
1739 1665 1913 1768 legamus
1957 1665 2050 1771 quin·

280 1774 475 1880 quaginta
506 1772 686 1854 marchas
714 1773 991 1872 denariorum,
1031 1771 1132 1854 duas
1173 1774 1395 1854 maechatus
1439 1791 1568 1870 terre,
1609 1779 1663 1856 ‘in
1704 1774 1810 1854 villis
1850 1773 2051 1880 subscriptis

281 1882 475 1990 parochie
504 1885 667 1977 ecclesie
708 1885 873 1985 kivewr,
915 1888 958 1964 in
1002 1883 1110 1982 laebl'
1144 1883 1348 1964 dimidiam
1386 1887 1586 1966 marcham
1630 1905 1756 1982 terre,
1799 1899 1967 1993 quatuor
2002 1881 2051 1974 de·

281 1995 416 2071 narics
445 1993 609 2075 invilla
639 1995 802 2076 ecclesie
831 1994 1030 2089 eiusdem,
1067 1998 1169 2076 ltem
1200 1998 1241 2074 in
1271 2013 1477 2078 couestum
1508 1995 1688 2078 ΧΙΙΙΙε0111
1716 1996 1867 2076 solidos
1908 1997 1998 2074 ltem
2020 1997 2049 2073 in

195 2160 199 2169 ,
281 2121 492 2184 orrasaeter
528 2105 716 2212 parochie
759 2136 924 2214 gaernaer
958 2123 1110 2214 septem
1149 2134 1240 2186 oras
1268 2125 1393 2204 terre,
1423 2109 1498 2217 ipsi
1536 2109 1700 2190 ecclesie
1738 2119 1933 2214 perpetuo
1962 2107 2050 2212 posi·

278 2209 451 2315 derides,
486 2217 591 2296 Jtem
636 2218 930 2327 quinquaginta
973 2221 1152 2298 marchas
1193 2216 1449 2300 denariorum
1491 2217 1789 2300 distribuendas
1831 2215 1958 2298 taliter
1995 2215 2050 2322 piis

270 2321 413 2420 luciis,
441 2325 569 2407 silicet
598 2326 764 2409 cuilibet
804 2329 1045 2410 monasterio
1089 2329 1340 2436 owansltoglt
1385 2358 1503 2410 vuam
1528 2331 1749 2434 'marcham
1777 2326 1933 2422 denar„
1971 2329 2049 2406 ltem

264 2432 449 2534 ‚cuilibet
477 2435 640 2518 ecclesie
668 2439 711 2516 in
740 2441 855 2519 cuius
883 2441 1074 2548 parochia
1102 2442 1255 2529 curiam
1292 2441 1483 2522 hahemus
1520 2440 1723 2522 dimidiam
1762 2439 1958 2518 marcham
1982 2434 2049 2516 den.

279 2543 446 2626 ecclesie
474 2563 515 2627 et
543 2550 794 2630 tantumdem
821 2550 1020 2630 sacerdoti
1051 2553 1237 2632 Ceterum
1281 2569 1421 2632 tenore
1465 2554 1714 2660 presencium
1759 2549 2049 2656 recognoscinm

278 2681 353 2736 nos
382 2658 511 2738 teneri
539 2657 738 2767 obligatos
765 2660 999 2770 supradicto
1029 2663 1271 2743 monasterio
1301 2666 1341 2742 in
1370 2661 1484 2748 XL52·
1507 2663 1675 2744 marchis
1690 2664 1805 2770 puri,
1834 2659 2047 2770 adquorum

265 2765 390 2850 'XL:¹·
405 2769 660 2851 marcharum
689 2788 730 2852 et
758 2774 1053 2883 quinquaginta
1085 2789 1125 2852 et
1154 2777 1297 2854 iterum
1328 2777 1633 2883 quinguaginta.
1653 2774 1906 2854 marcharum
1935 2768 2049 2848 vsuatt-

270 2904 348 2968 ‚utu
377 2881 561 2989 superius
589 2884 631 2963 in
661 2897 897 2964 testamento
927 2888 1148 2991 positarum
1177 2885 1422 2965 solucionem
1454 2886 1611 2994 plenius
1649 2884 1873 2966 faciendam
1901 2881 2051 2964 commit·

268 2987 400 3091 timus
428 2992 580 3074 curiam
610 3011 785 3074 nostram
815 2998 859 3074 in
887 2996 1131 3077 Watnusum
1161 3025 1251 3075 cum
1280 2997 1467 3077 omnibus
1497 2996 1648 3105 prediis
1676 2999 1825 3076 nostris
1863 2997 1903 3075 in
1937 2992 2050 3073 thorm

277 3100 456 3183 honestis
485 3104 580 3183 viris
609 3120 649 3184 et
677 3105 860 3211 discretis
887 3105 1053 3211 domiuo
1096 3110 1215 3187 Petro
1245 3106 1480 3216 liquidsson
1510 3125 1550 3188 ct
1578 3107 1778 3215 sigmundi
1811 3103 2050 3195 kieldorsson

277 3228 325 3291 ut
352 3214 429 3319 ipsi
457 3210 506 3292 de
536 3214 654 3295 bonis
682 3218 909 3297 memoratis
937 3233 1017 3297 tam
1049 3220 1091 3296 in
1126 3235 1365 3298 testamento
1396 3218 1523 3326 legata
1566 3246 1685 3327 quum
1721 3216 1902 3299 debitum
1938 3240 2049 3320 supra·

272 3320 432 3406 ,dictum
455 3324 583 3406 ⁴sirius
612 3344 651 3405 et
680 3326 836 3407 lidelius
865 3327 1081 3435 expediant
1109 3330 1212 3408 sicut
1242 3346 1470 3410 nostrarum
1517 3328 1730 3409 comodum
1775 3326 1950 3432 diligunt
1985 3324 2048 3401 ani·

272 3459 430 3524 ,marum
461 3463 534 3544 nec
562 3434 614 3514 ad
645 3466 756 3517 vsum
794 3458 972 3518 nostrum
1010 3438 1072 3517 vel
1107 3441 1342 3549 cuiusquam
1380 3440 1496 3519 nobis
1539 3442 1801 3519 attinencium
1846 3440 1896 3519 de
1936 3460 2049 3541 supra·

274 3540 396 3624 dictis
427 3544 543 3654 bonis
572 3544 790 3656 quidquam
823 3550 1036 3654 prouenire
1065 3548 1252 3628 volumus
1287 3549 1415 3629 donec
1458 3551 1588 3631 omnia
1632 3550 1887 3657 integraliter
1927 3546 2049 3627 luerint

271 3650 504 3762 persoluta,
532 3658 579 3735 Jn
609 3659 725 3737 cuius
753 3659 1024 3739 ordinacionis
1059 3658 1308 3739 cuidenciam
1347 3661 1559 3742 firmiorem
1596 3662 1750 3770 siggilla
1788 3661 1942 3743 domini
1969 3656 2048 3765 petri

276 3763 515 3875 lyquidsson
544 3784 584 3847 et
612 3768 814 3875 sigmundi
846 3768 1090 3849 hieldorsson
1122 3800 1225 3878 quos
1254 3774 1375 3851 eciam
1413 3773 1530 3851 huius
1560 3776 1614 3853 rei
1652 3790 1771 3853 testes
1808 3773 1992 3853 habemus
2019 3780 2048 3843 et

276 3892 522 3972 executores,
550 3880 763 3958 statuimus
792 3897 832 3959 et
859 3881 1058 3989 siggillum
1091 3882 1283 3961 Cristerni
1314 3883 1382 3961 filii
1414 3885 1540 3962 nostri
1570 3910 1646 3963 vna
1685 3912 1775 3966 cum
1806 3886 1839 3963 si
1870 3882 1969 3987 gillis
1992 3902 2046 3955 no

272 3988 368 4086 'stris
411 3988 663 4095 presentibus
697 4008 793 4071 sunt
834 4014 1033 4097 appensa,
1075 4009 1208 4070 actum
1249 4021 1357 4073 anno
1387 3995 1445 4077 M⁰
1477 3994 1631 4075 C⁰C⁰C⁰
1658 3995 1716 4073 lX
1755 3996 1795 4073 in
1834 3914 1900 4075 ite
1933 4004 2047 4073 sancto

272 4096 558 4217 penthecostes
585 4100 766 4181 incuria
795 4121 931 4183 nostra
961 4102 1202 4184 naedaestum.

454 4298 458 4309 ,
506 4316 510 4322 .
538 4239 588 4322 Pa
598 4240 794 4323 frdnsr‘dun:
815 4242 897 4303 Jtem
919 4262 1011 4324 super
1031 4242 1218 4323 quibusdum
1242 4196 1382 4315 bonisin
1405 4244 1473 4310 taebi
1496 4246 1659 4329 pot-rochis
1683 4247 1818 4307 kreuerh

296 4319 368 4383 Med
390 4321 518 4398 cecinere
540 4322 639 4385 hand:
660 4320 868 4387 Christiernus
888 4323 1066 4386 Aduocotus
1088 4326 1128 4409 pai
1150 4324 1309 4387 Stocbolnr
1332 4328 1396 4401 och*
1416 4328 1491 4391 hans
1513 4330 1621 4390 husu-u
1644 4331 1821 4411 Margarete
1838 4320 2031 4406 eolaugeudet·

274 4428 280 4450 ‘
345 4427 489 4521 Sigilleut
510 4422 567 4503 ltzo'
594 4462 604 4503 ι
629 4439 669 4525 pe
690 4439 780 4521 gule,
801 4441 863 4501 Neo
883 4447 902 4510 5
924 4440 963 4520 pt
987 4438 1098 4520 ljusbld
1119 4441 1331 4519 sillestrddar‚
1353 4443 1451 4519 sepas
1471 4444 1625 4522 t-behttt,
1648 4447 1740 4526 ndgct
1761 4444 1911 4518 sbadsdm
1930 4440 1999 4501 etto

426 4536 434 4549 ⁶
808 4523 867 4584 Neo
888 4523 907 4583 3
929 4523 985 4585 iios
1004 4521 1084 4623 biott
1105 4544 1142 4585 en
1165 4524 1340 4609 knippa'oi
1356 4524 1425 4589 rd'dt
1446 4524 1532 4588 silke.
