4317 5975
835 446 1378 553 ·-·3a²-

171 738 174 741 .
269 686 376 751 stare
404 667 591 749 volumus
621 666 843 762 evidenter,
871 663 986 779 quod
1016 694 1089 749 nos
1116 667 1394 754 torrentemin
1426 663 1610 775 Aspwiilr
1629 664 1825 775 parochiae
1850 670 2019 785 Nesapnl

270 782 471 877 Almarnir
502 781 743 860 monasterio
772 774 855 858 sto
885 772 1067 885 legaliter
1095 780 1328 859 attinentem
1354 778 1680 885 recognoscimus
1706 774 1757 857 de
1784 789 2021 869 sanctimonia·

271 891 368 971 lium
399 889 545 972 ibidem
575 919 773 971 consensu
803 906 844 968 et
880 892 1158 973 benevolentia
1196 907 1350 984 tenere,
1393 906 1434 969 et
1462 886 1734 969 molendinum
1764 888 1902 993 ibidem
1928 899 2022 981 aedili.

268 1030 378 1082 casse
406 1020 447 1080 et
474 1004 767 1098 construxisse,
804 998 1000 1111 quamdiu
1031 1004 1215 1082 Dominae
1243 1002 1466 1083 Abbatissae
1492 999 1555 1081 vel
1584 1003 1802 1081 coercentui
1832 1013 2021 1091 monasterii

172 1178 175 1182 ,
268 1111 489 1221 supradicti
520 1113 710 1221 placitum
741 1114 862 1193 fuerit
892 1112 1112 1198 tenendum
1142 1132 1183 1195 et
1213 1114 1554 1223 pertractandum.
1585 1113 1632 1193 ln
1652 1112 1772 1220 cujus
1799 1119 1853 1193 rei
1881 1123 2024 1200 testimo·

269 1227 391 1316 nium·
411 1224 585 1331 sigillum
620 1240 802 1305 nostrum
834 1224 1303 1331 presentibusduximus
1331 1223 1631 1334 apponendum.
1665 1225 1813 1305 Datum
1843 1230 1949 1307 Anno
1971 1231 2025 1312 do·

267 1337 365 1444 mini
394 1336 634 1417 M.CCC.lll.
672 1337 729 1415 13.
760 1336 932 1420 Kalend.
961 1340 1084 1420 lunii.

308 1482 432 1563 sigillet
453 1480 558 1562 tyrios
573 1477 673 1539 balva
695 1478 821 1540 lunulis.
854 1478 927 1541 Med
948 1479 1123 1563 drohjelms
1144 1478 1226 1541 leand
1249 1486 1283 1537 tr
1303 1472 1505 1573 suteclutdtt
1527 1476 1608 1539 Gall.
1629 1475 1702 1539 med
1721 1478 1811 1560 Orig.
1829 1483 1964 1561 pernulr.

52 1858 56 1866 ’
277 1834 479 1993 1399.Ι
674 1814 678 1819 .
902 1767 1450 1949 1'3'03d.12Juni.

347 2066 472 2127 Tronns
493 2064 531 2124 nl‘
548 2062 703 2125 Steusbnlt
725 2061 1000 2145 pantmrstrttntng
1031 2065 1069 2126 al*
1095 2062 1162 2124 dess
1192 2062 1268 2143 gird
1291 2060 1446 2124 Steuslrnlt
1475 2060 1523 2122 till
1555 2061 1620 2123 Nils
1641 2060 1806 2127 Kettilsson
1830 2068 1875 2127 liir
1894 2067 1930 2145 4ο
1949 2070 2028 2144 marl,

399 2148 471 2208 med
493 2146 636 2227 rettiglrrt
657 2147 706 2207 lb'r
729 2147 805 2206 lrans
825 2147 1006 2229 dietmar,
1028 2150 1038 2208 i
1059 2147 1204 2210 blndelre
1236 2148 1274 2207 ul
1303 2144 1379 2207 brus
1410 2142 1490 2222 aliid,
1524 2154 1570 2205 att
1602 2147 1685 2209 inum
1715 2162 1758 2209 ett
1792 2150 1827 2211 dr
1849 2150 1907 2211 liisa
1926 2153 1976 2212 deu
1994 2154 2029 2211 tiir

331 2280 334 2291 .
402 2230 534 2293 attonde
555 2248 684 2291 minora.

1811 2312 1843 2367 A.
1861 2314 1884 2366 6.
1902 2334 1923 2367 r.

350 2448 578 2536 Omnibus
607 2474 771 2557 presens
798 2446 1002 2553 Scriptum
1038 2444 1311 2531 Cernentibns
1347 2446 1519 2547 ‘l'npnno
1547 2442 1598 2525 de
1625 2447 1842 2529 stenshulti
1882 2451 2030 2533 Salutem

265 2565 318 2658 Jn
347 2559 515 2641 domino
540 2559 839 2667 sempiternam.
869 2560 961 2661 Que
975 2575 1176 2665 geruntur
1203 2588 1227 2641 a
1258 2558 1353 2651 viris
1373 2555 1646 2665 prudentibus
1663 2586 1712 2641 ne
1727 2562 1877 2668 quibus
1905 2564 2032 2669 possint

265 2671 478 2755 calumniis¹
502 2670 745 2777 attemptari.
775 2669 1001 2751 litterarum
1029 2672 1162 2759 solent
1181 2670 1368 2757 memoria
1386 2668 1627 2773 perhennari
1656 2667 1757 2749 Jdeo
1782 2673 2031 2759 huniuersitati

263 2797 396 2866 restre
427 2798 566 2861 notum
598 2780 701 2861 facio
730 2807 803 2888 per
819 2798 1036 2889 presentes.
1063 2810 1137 2863 me.
1166 2779 1331 2861 domino
1352 2779 1550 2861 Niclrolao
1572 2778 1785 2862 kaetilsscn.
1813 2786 2032 2863 curiam'me-

263 2924 326 2975 am
356 2900 399 2976 in
426 2890 636 2973 stenshult.
681 2919 756 3001 pro
783 2894 882 2976 XL.
911 2895 1056 2973 marcis
1089 2896 1375 3002 anignorasse
1419 2890 1554 2971 volens
1583 2906 1713 2998 tamen
1757 2892 1870 3002 qnod
1898 2887 2032 2977 heredes

137 3092 142 3100 ,
264 3009 341 3090 mei
369 3007 521 3086 curiam
552 3020 805 3113 prenotatam
854 3005 1050 3085 redimere
1074 3005 1392 3114 ‘poterintintra
1423 3029 1571 3082 annmu
1601 3029 1677 3108 pro
1701 3006 1879 3110 *pecnnia
1908 3007 1963 3086 tn'c
1988 3006 2033 3084 in·

162 3115 169 3122 ’
262 3121 424 3226 scripta.
457 3146 518 3195 me
547 3133 679 3194 tamen
696 3133 857 3196 mortuo
870 3119 1085 3213 existente,
1114 3136 1155 3198 et
1183 3119 1215 3196 si
1245 3141 1306 3193 me
1334 3113 1486 3222 absque
1517 3118 1802 3220 procreacione
1831 3117 1972 3201 sobolis
1994 3117 2033 3194 ab

65 3259 71 3269 ’
188 3239 192 3246 ’
262 3253 389 3312 ruore
420 3256 505 3307 mea
534 3227 746 3330 contingat
774 3226 968 3309 decedere
998 3228 1051 3306 ab
1079 3228 1325 3336 inpeticione
1368 3221 1558 3304 heredum
1599 3251 1777 3304 meorum
1808 3229 1952 3307 curiam
1979 3253 2034 3332 tp·

263 3340 433 3450 proprio
462 3365 536 3445 per
566 3353 772 3443 presentes
799 3337 965 3418 domino
978 3338 1178 3418 Nicboloo
1209 3336 1409 3418 leaetilsson
1439 3353 1479 3416 et
1509 3331 1725 3416 heredibus
1747 3338 1874 3444 ipsius
1901 3339 2035 3441 assigno

262 3456 349 3533 iure
380 3465 579 3557 perpetuo
604 3447 882 3554 possidendam
913 3449 974 3528 Ne
1001 3450 1135 3556 Jgitur
1163 3477 1284 3556 supter
1308 3447 1384 3528 boc
1413 3445 1520 3526 facto
1548 3447 1681 3554 aliqua
1701 3452 1825 3554 possit
1853 3447 1895 3555 jn
1926 3465 2036 3556 postc-

262 3586 351 3644 rnm
381 3562 566 3640 Suboriri
596 3557 821 3665 calumpnia
854 3559 915 3640 rel
945 3561 1229 3642 contradiccio.
1257 3588 1281 3639 a
1308 3585 1567 3666 quocumque
1598 3575 1801 3664 presentes
1833 3558 1972 3638 litteras
1995 3557 2038 3638 si.

239 3673 369 3781 ggillis
397 3673 662 3751 discretorum
693 3669 870 3751 virorum
909 3668 1062 3750 domini
1097 3657 1290 3752 bolmuidi
1335 3669 1628 3751 arubicrnason
1672 3665 1826 3748 domini
1881 3667 2036 3752 Niclrolai

219 3794 221 3797 ’
261 3783 465 3865 kaetilsson
493 3779 646 3860 domini
672 3779 890 3888 'boeminggi
917 3781 1150 3890 odgislason
1185 3799 1226 3862 et
1254 3781 1406 3877 donrini
1436 3783 1558 3862 marei
1589 3780 1640 3862 dc
1671 3777 1868 3886 langaryd
1900 3777 2037 3890 postulo
2092 3819 2093 3828 ¹

260 3895 461 3976 Roborari
491 3894 639 3973 Datum
668 3917 777 3973 anno
806 3892 972 3974 domini.
1000 3894 1182 3973 lll'CCC'
1215 3894 1341 3973 tercio
1375 3891 1563 3993 Secundo
1593 3892 1691 3978 Jdus
1719 3895 1843 3976 lunii.

850 4036 975 4118 sigilles
997 4034 1183 4114 tentatus,
1204 4055 1360 4099 remsorna
1383 4055 1470 4118 qrar.

236 4429 425 4548 ’¹400·
891 4419 1032 4526 1303
1079 4419 1128 4524 d.
1175 4459 1244 4533 21
1297 4421 1426 4524 tunt

341 4606 636 4747 Mapppasibmsscns
659 4605 695 4664 al
714 4603 896 4686 Wilnbergs
918 4606 1069 4670 Salubrel'
1085 4604 1289 4694 pttnttttigs
1311 4606 1426 4689 perdar
1450 4606 1494 4670 till
1518 4604 1746 4692 llyrlolrerdeu
1771 4609 1866 4672 Peter
1888 4611 1898 4670 i
1918 4605 2039 4694 Ringbo·

1804 4777 1840 4830 A.
1857 4751 1882 4832 6
1900 4792 1924 4829 a.

212 4877 218 4890 ¹
272 4993 278 4998 ,
370 4903 572 4986 Omnibus
602 4920 806 5012 presentes
835 4903 989 4990 litteras
1017 4894 1261 5018 inspbcturis
1289 4906 1354 5010 uel
1376 4905 1609 5011 auditurisr
1632 4911 1808 4994 bleonus
1839 4913 2035 4992 nrcsrssott'
2110 4895 2111 4900 Ν

256 5019 306 5100 de
337 5013 640 5123 vilaberghum,
667 5015 834 5098 salutem
863 5021 907 5099 in
934 5015 1120 5120 domino,
1166 5019 1259 5109 solo
1286 5038 1471 5104 constare
1500 5023 1718 5123 uniuersis,
1753 5021 1866 5134 quod
1899 5046 1969 5128 ego
1993 5013 2036 5120 ll·
2110 5099 2111 5102 a
