4317 5975
732 429 1056 574 '-'271
1174 488 1229 512 .-

122 682 217 769 cum
255 660 367 741 siluis
400 664 440 739 8(
469 656 621 767 prediis
659 656 777 739 dietis
803 661 924 739 ruriis
960 660 1226 741 attinentibus
1259 662 1475 743 mobilibus
1505 670 1542 745 8(
1575 663 1845 745 immobilibus
1876 668 1917 745 in

123 772 276 880 placito
306 789 496 879 getonge‚
527 798 602 877 pro
632 769 755 849 ana
789 770 929 850 niareis
958 769 1045 849 den.
1077 772 1257 874 legaliter
1294 790 1486 865 scotasse,
1524 804 1604 885 que
1631 776 1797 883 quidem
1813 777 1918 858 bona
1968 810 1973 817 ·

119 884 317 963 martinus
338 881 510 961 amanda
540 908 612 960 son
643 885 680 958 8(
711 880 815 961 lilius
843 908 938 960 snus
966 883 1197 961 sterbernus
1220 880 1417 963 Nicholao
1444 884 1617 965 diacono
1648 884 1847 967 aduocato
1877 889 1918 969 in

118 992 390 1101 falkynbergh
421 992 603 1073 indicto
633 991 784 1101 placito
828 991 878 1071 ad
919 1008 1105 1100 quartam
1154 991 1291 1071 leriam
1338 1022 1453 1101 pasce
1495 1026 1570 1103 pro
1608 996 1735 1076 Ltha
1776 1003 1919 1081 marcis

118 1104 214 1185 den.
243 1120 519 1193 seotauerunt.
555 1132 600 1183 ea
637 1101 874 1183 condicione
922 1101 1032 1212 quod
1086 1104 1160 1182 nisi
1203 1100 1309 1182 dicta
1347 1105 1452 1184 bona
1484 1109 1523 1185 in
1558 1108 1714 1215 prelato
1742 1112 1917 1193 termino
2003 1192 2006 1196 ,
2142 1148 2158 1163 ‚

118 1216 363 1297 redimerent
397 1212 517 1309 dioto·
544 1216 593 1296 N.
629 1212 830 1293 aduocato
858 1214 1047 1293 cederent
1085 1214 1313 1321 possidendi
1349 1219 1481 1321 gracia
1519 1218 1582 1297 uel
1619 1215 1817 1299 vendendi
1846 1248 1915 1301 seu

117 1325 324 1407 alienandi
354 1325 444 1433 jure
475 1324 683 1432 perbcnnj.
743 1324 803 1405 Ne
835 1327 957 1431 igitur
989 1343 1207 1403 memorato
1243 1324 1409 1405 domino
1447 1327 1643 1407 Nicholao
1683 1329 1914 1411 laetils‘son

117 1466 244 1548 super
279 1436 390 1518 dieto
412 1441 637 1517 scotacione
670 1436 849 1537 legaiiter
871 1436 980 1515 lacta
1012 1437 1052 1514 in
1085 1453 1287 1541 posterum
1316 1437 1392 1514 sibi
1424 1440 1547 1544 possit
1578 1439 1639 1517 uel
1669 1440 1815 1519 debeat
1849 1472 1914 1521 ea-

119 1547 300 1657 lumpuie
329 1550 492 1629 rnateria
531 1576 599 1631 seu
630 1546 798 1645 dubium
842 1548 1027 1655 generari
1056 1545 1257 1653 siggillnm
1289 1545 1490 1627 hallandia
1524 1576 1600 1627 vna
1630 1578 1720 1629 oum
1750 1553 1917 1660 siggillis

117 1662 268 1741 nostris
311 1658 565 1767 presentibus
611 1675 705 1738 sunt
747 1686 925 1767 appensa
963 1661 1005 1739 in
1047 1659 1321 1736 testimoninm
1367 1665 1405 1739 8(
1442 1660 1639 1759 carnelum
1671 1661 1914 1767 pleniorem.

0 1852 1 1859 Ν
116 1775 269 1853 Datum
297 1798 406 1851 anno
436 1768 600 1876 Dominj
631 1771 688 1851 M·
712 1770 762 1849 C⁰
780 1772 830 1849 C'
865 1770 1122 1875 nonagesimo
1136 1770 1252 1847 vsst·
1282 1771 1333 1847 Jn
1362 1768 1428 1849 die
1444 1771 1549 1849 beati
1567 1771 1916 1877 ypoliti-martiris.

263 1946 391 2028 Sigillen
415 1948 472 2009 Nto
500 1942 632 2022 1--6‚
665 1942 892 2021 8b0rtl'allne,
916 1964 1074 2005 remsorna
1096 1964 1193 2027 qum-3
1216 1946 1273 2007 Nm
1295 1969 1324 2029 7,
1346 1944 1459 2027 attigi,
1482 1954 1586 2006 etstan
1610 1946 1772 2011 osladadt.

128 2312 295 2441 1246.
677 2306 822 2452 1298
865 2308 913 2411 d.
974 2308 1037 2413 13
1085 2314 1313 2453 Augusti.
1681 2313 1914 2459 Getinge.
2110 2410 2135 2461 .-

205 2534 397 2613 Konungens
420 2532 429 2590 i
451 2529 613 2592 Daumnrl
638 2528 825 2615 Cappellaus
846 2528 904 2589 acb
928 2528 1028 2610 dirige
1050 2530 1309 2593 Dombslvnndes
1331 2530 1608 2615 pdGetingeTing
1630 2533 1639 2591 i
1662 2533 1797 2595 Helland
1819 2536 1916 2598 stril-

251 2614 334 2677 velse
366 2612 415 2675 till
437 2612 638 2675 Marslallen
661 2610 803 2677 Thorltel
827 2612 972 2673 Knutson
997 2613 1067 2674 med
1091 2614 1239 2674 anbbllan
1274 2635 1326 2675 om
1351 2614 1424 2674 dom
1447 2616 1538 2676 iilrer
1558 2638 1595 2675 en
1628 2614 1811 2701 lagbrytare
1844 2618 1913 2679 srdn
2017 2698 2019 2702 Ι

118 2720 121 2727 ’
253 2697 406 2775 Ἧεεῑδο,
433 2716 499 2757 som
522 2694 612 2757 stulit
632 2714 669 2757 en
693 2716 751 2756 oxe
772 2694 832 2756 och
859 2716 894 2757 ra
915 2698 994 2756 svin.

789 2800 792 2807 ¹
1524 2815 1558 2863 A.
1570 2812 1595 2863 6.
1606 2831 1628 2863 a.
1637 2828 1660 2865 α.
1670 2810 1711 2877 da.

226 2943 365 3038 Nobili
381 2950 554 3029 Domino
577 2952 617 3028 8(
631 2946 810 3028 honesto.
834 2944 1011 3026 illustris
1028 2948 1133 3054 regis
1148 2975 1377 3028 sweuornm
1396 2946 1626 3028 Marsealeo.
1663 2947 1912 3030 Tauranus

117 3064 280 3146 illustris
314 3063 419 3171 regis
455 3059 651 3140 danorum
690 3058 933 3169 capellanus.
972 3061 1146 3140 lacosus
1181 3057 1358 3140 decanus
1394 3061 1433 3139 in
1473 3057 1707 3138 balmstatlra
1745 3059 1909 3142 barratb.

114 3180 349 3260 N1cn0taus
378 3195 577 3253 macouus
606 3170 823 3251 aduncatus
860 3170 901 3248 in
940 3168 1218 3278 sallinbaerglr.
1277 3171 1512 3251 Nicaotaus
1530 3193 1729 3251 ruaason
1760 3171 1908 3252 Nrcuo·

114 3311 217 3370 taus
253 3285 479 3384 Kirnniuo,
524 3279 791 3364 Tricastinos
829 3305 962 3360 ratos
1014 3285 1250 3361 necnon&
1286 3283 1409 3362 ceteri
1449 3309 1660 3361 commune
1699 3281 1910 3389 placitum,
2030 3353 2035 3360 ,
2105 3329 2109 3336 ·

114 3419 287 3510 getonge
317 3398 532 3478 visitantes.
589 3389 802 3472 seruicium
834 3411 1065 3499 promptum
1097 3398 1136 3473 8(
1166 3410 1351 3500 paratum
1383 3397 1420 3472 8(
1450 3420 1605 3470 omnem
1638 3396 1909 3474 renereneianr

114 3540 236 3622 quana
267 3521 456 3618 poterant
483 3534 572 3585 cum
596 3503 733 3586 salute.
762 3503 1045 3611 Dominacinnj
1074 3523 1202 3584 vestre
1233 3505 1487 3613 presentibus
1516 3502 1909 3613 signiticamusquod
1938 3589 1943 3608 ⁴

114 3621 277 3734 quidam
309 3618 408 3728 legis
444 3633 714 3724 transgressor
753 3615 914 3695 nomine
944 3613 1141 3722 johannes
1167 3613 1418 3723 tlrorbaelpba
1455 3643 1527 3692 son
1567 3614 1616 3694 de
1653 3615 1803 3696 waesbo
1837 3615 1909 3694 bo·
1946 3678 1949 3680 ψ

115 3761 204 3816 uem
235 3728 441 3812 cuiusdam
478 3731 581 3809 loon
613 3743 714 3805 trata
749 3754 821 3806 son
853 3723 1028 3805 iurando
1057 3725 1540 3838 abstulit&dequadam
1559 3727 1676 3805 vidua
1696 3730 1734 3805 in
1752 3725 1909 3836 kynna·
2007 3781 2012 3786 -
2090 3743 2093 3749 '

113 3845 224 3928 riutlr
249 3843 420 3923 Nomine
437 3837 713 3920 Ololel:einr
731 3865 820 3916 sues
838 3836 1007 3943 pingues
1024 3838 1044 3916 s
1043 3840 1175 3916 urtiue
1190 3839 1402 3932 subtraxit,
1427 3837 1530 3917 vaide
1547 3837 1805 3919 Nobilitatem
1824 3866 1910 3918 ves·

110 3979 215 4039 tram
244 3955 485 4063 requirimus
514 3957 552 4029 8(
581 3948 783 4029 humiliter
820 3948 1078 4051 imploramus
1115 3965 1315 4058 quatenus
1349 3977 1398 4027 ex
1433 3977 1516 4057 quo
1552 3949 1706 4028 cunctis
1750 3947 1800 4028 ad
1835 3978 1908 4029 uos

110 4065 361 4178 fugientibus
388 4065 585 4172 justicium
617 4059 745 4140 facitis
775 4063 813 4137 8(
843 4085 932 4138 etim
958 4077 1116 4138 constet
1146 4061 1350 4140 notorium
1378 4065 1418 4138 8(
1449 4059 1629 4166 pluribus
1666 4062 1794 4166 ipsum
1829 4089 1908 4139 ma-

112 4181 302 4262 nifestum
333 4177 459 4256 furem
490 4202 610 4281 super
639 4169 790 4251 dictum
823 4170 1036 4273 johannem
1066 4171 1243 4271 judicare
1272 4169 1403 4248 velitis
1433 4185 1478 4247 ut
1508 4170 1713 4277 predictus
1741 4172 1836 4280 joon
1869 4177 1908 4250 8(

111 4291 234 4372 vidua
277 4287 458 4398 predicta
501 4307 539 4365 et
581 4282 767 4363 dominus
810 4279 1030 4361 Nieholaus
1060 4308 1109 4360 ex
1141 4299 1255 4390 parte
1294 4283 1472 4388 ipsorum
1502 4283 1573 4390 qni
1608 4282 1734 4362 dictas
1770 4310 1908 4363 causas

113 4403 375 4512 prosequitur
411 4400 564 4479 iusticie
595 4396 770 4476 babeant
798 4392 1134 4498 complementum
1171 4390 1285 4502 quod
1321 4390 1432 4499 apud
1464 4389 1780 4473 dominacionem
1819 4423 1907 4474 ues-

115 4535 217 4596 tram
247 4513 434 4591 volumus
457 4503 840 4589 lirntiterdeseruire
870 4507 1063 4584 laenius
1094 4506 1152 4583 rei
1181 4503 1623 4610 testinroniumsiggilla
1656 4522 1789 4584 nostra
1818 4535 1908 4611 pre·
2038 4605 2044 4618 ἢ

115 4627 293 4708 sentibus
337 4651 413 4702 vna
444 4650 534 4702 cum
563 4615 721 4724 siggillo
750 4638 855 4698 terre
875 4630 967 4695 sunt
996 4644 1184 4724 appensa.
1231 4617 1373 4694 Actum
1391 4644 1497 4694 arrno
1516 4615 1677 4721 Danrinj
1694 4617 1748 4697 Μ’
1781 4619 1831 4696 C·
1851 4619 1909 4697 C'·

75 4771 78 4782 ·
116 4739 202 4820 XC'
229 4736 346 4816 VlIl⁰
382 4737 431 4815 ln
460 4731 525 4812 die
555 4731 659 4812 beati
690 4729 833 4838 ypoliti
865 4729 1049 4807 inartiris.

511 4908 638 4990 Sigillen
661 4909 719 4970 llto
746 4929 774 4986 r,
796 4908 832 4985 4,
854 4929 872 4989 7
896 4901 1047 4980 aladadr3
1069 4907 1128 4967 Nm
1151 4927 1184 4984 2,
1207 4907 1242 4982 3,
1265 4904 1299 4983 5,
1321 4903 1342 4964 6
1364 4901 1545 4964 bertlallna.
1678 4913 1683 4922 ’
