4317 5975
798 426 1218 530 ..537-

10 662 12 667 ·
106 655 145 722 et
172 637 355 720 debitum
386 641 465 722 illis
494 641 687 722 honorem
718 641 956 740 exhibeant,
985 645 1103 728 etad
1133 674 1271 728 eorum
1303 645 1488 729 decorem
1517 675 1587 728 sua
1618 647 1914 759 etiarn-impen-

105 751 189 846 dia,
218 778 308 832 curn
339 753 378 832 in
408 752 699 863 componendis
729 757 779 834 ad
810 782 907 834 usus
935 758 1131 838 humanos
1160 758 1320 855 edibus,
1344 759 1523 866 impendi
1553 757 1760 868 diligentia
1790 763 1915 844 soleat

104 862 407 944 subministrent
437 883 635 974 quatenus
664 868 980 973 cooperantibus
1008 871 1229 951 caritatiuis
1257 897 1395 950 eorum
1425 867 1618 980 subsidijs
1654 873 1810 979 possint
1844 873 1913 952 illa

107 973 285 1056 decentis
313 978 618 1055 consonatione
652 990 856 1056 structure
888 982 1058 1086 superni
1102 981 1222 1090 Regis
1264 981 1452 1061 laudibus
1494 1000 1579 1062 acta
1625 980 1751 1063 reddi.
1810 983 1913 1064 Cum

113 1086 250 1194 itaque
278 1086 383 1166 sicut
410 1089 636 1192 accepimus
665 1088 906 1168 venerabilis
935 1089 1060 1168 irater
1089 1108 1260 1182 noster.
1291 1148 1300 1168 .
1331 1093 1663 1203 acchiepiscopus
1700 1110 1740 1172 et
1775 1093 1914 1174 dilecti

106 1193 196 1301 filij,
233 1195 467 1305 Capitulum
497 1196 738 1306 Vpsalense,
767 1197 818 1278 de
848 1226 959 1278 nouo
987 1202 1168 1282 construi
1199 1200 1346 1280 faciant
1383 1201 1601 1286 Ecclesiam
1644 1205 1922 1314 vpsalensem,

18 1323 29 1340 “
107 1333 230 1416 opere
258 1336 339 1388 non
386 1307 586 1391 modicum
622 1325 881 1415 sumptuoso,
924 1311 975 1390 ad
1019 1314 1134 1392 cuins
1173 1313 1513 1394 consumationem
1558 1318 1690 1424 operis
1733 1315 1913 1396 fidelium

105 1416 297 1527 suffragia
325 1436 423 1500 sunt
458 1421 513 1499 eis
556 1419 771 1528 plurimum
817 1439 1039 1529 oportuna,
1083 1424 1396 1503 Vniuersitatem
1441 1443 1611 1506 uestram
1655 1455 1843 1535 rogamus
1873 1444 1914 1508 et
2033 1455 2036 1464 ⁴

105 1530 314 1610 hortamur
342 1532 383 1611 in
415 1528 581 1610 domino
610 1533 652 1610 in
682 1532 953 1612 remissionem
983 1533 1101 1616 uobis
1131 1539 1403 1643 peccaminum
1435 1537 1691 1645 iniungentes
1719 1541 1934 1647 quatinus,

106 1641 358 1722 attendentes
388 1641 559 1750 procide
588 1640 701 1752 quod
730 1642 836 1722 inter
879 1643 1111 1726 holocausta
1157 1647 1351 1726 uirtutum
1383 1644 1483 1726 illud
1512 1648 1588 1728 deo
1624 1650 1913 1756 acceptabilius

73 1750 428 1864 redditurquod
447 1754 509 1834 *de
538 1749 784 1862 pinguedine
812 1756 990 1834 caritatis
1017 1756 1191 1835 offertur
1219 1755 1268 1835 de
1299 1757 1416 1836 bonis
1445 1759 1561 1838 uobis
1590 1789 1611 1839 a
1650 1756 1726 1839 deo
1756 1761 1913 1841 collatis

77 1867 190 1972 pias
216 1865 275 1946 eis
304 1868 354 1945 ad
384 1865 463 1946 hoc
491 1863 727 1944 elemosinas
754 1881 796 1944 et
824 1880 939 1973 grata
969 1869 1146 1947 caritatis
1188 1865 1366 1946 subsidia
1410 1875 1582 1976 erogetis
1618 1888 1663 1949 ut
1704 1897 1779 1978 per
1805 1870 1914 1951 wsub·

107 1976 335 2056 trentionem
367 1992 540 2056 uestram
569 1975 722 2055 dictum
749 2003 855 2084 opus
886 1977 1017 2056 ualeat
1046 1981 1294 2073 consumari,
1324 1979 1487 2088 Vosque
1518 2009 1590 2090 per
1620 1979 1710 2074 hec,
1752 1997 1792 2060 et
1835 1981 1913 2060 alia
2001 2039 2007 2046 -
2042 2005 2062 2028 ·’

108 2087 324 2195 bonaque
360 2087 527 2168 domino
570 2088 795 2195 inspirante
837 2087 1011 2169 feceritis
1048 2087 1100 2168 ad
1132 2092 1280 2168 ‘eterne
1321 2092 1481 2197 possitis
1523 2090 1723 2170 felicitatis
1766 2089 1913 2200 gaudia
2037 2145 2040 2154 Δ

73 2199 329 2307 peruenire.
387 2199 473 2279 Nos
508 2200 613 2279 enim
652 2197 702 2278 de
738 2201 1025 2308 omnipotentis
1068 2199 1132 2280 dei
1176 2201 1446 2281 misericordia
1481 2217 1522 2280 et
1552 2204 1759 2286 beatorum
1802 2204 1912 2282 Petri

103 2326 144 2390 et
172 2310 286 2390 Pauli
317 2309 604 2418 Apostolorum
632 2311 718 2389 eius
755 2313 996 2392 auctoritate
1024 2313 1187 2408 conlisi,
1231 2313 1418 2393 omnibus
1448 2340 1543 2392 uere
1572 2315 1844 2421 penitentibus
1872 2331 1913 2393 et

105 2419 318 2517 confessis,
347 2421 418 2531 qni
447 2449 608 2500 manum
638 2421 689 2502 ad
724 2422 801 2504 hoc
830 2424 1087 2532 porrexerint
1114 2421 1372 2520 adiutricem,
1415 2423 1585 2505 Centum
1630 2425 1714 2505 dies
1756 2423 1806 2504 de
1851 2425 1911 2503 in·
1991 2511 1994 2518 ,

104 2534 249 2612 iunctis
278 2535 335 2612 eis
366 2532 598 2641 penitentijs
626 2519 940 2616 misericorditer
970 2534 1203 2616 relaxamus.
1259 2536 1516 2616 Presentibus
1552 2551 1644 2645 post
1668 2533 1912 2616 ‘decennium
1958 2585 1961 2600 ι

18 2733 26 2740 ,
104 2643 265 2725 minime
287 2644 490 2739 ualituris,
518 2671 620 2754 quas
648 2645 752 2726 mitti
782 2673 855 2754 per
882 2647 1148 2750 Questuarios
1166 2649 1387 2730 districtius
1403 2648 1649 2744 inhibemus,
1665 2673 1731 2725 eas
1751 2649 1784 2726 si
1798 2672 1919 2726 secus

102 2770 236 2837 actum
267 2753 392 2835 fuerit·
414 2784 552 2838 carere
582 2756 738 2837 uiribus
766 2756 1036 2842 decernentes.
1108 2763 1254 2842 Datum
1298 2761 1581 2869 Carpentorati
1625 2760 1661 2834 V
1690 2757 1782 2838 Kal.
1827 2759 1911 2839 No·

103 2868 279 2948 nembris
308 2867 570 2949 Pontificatus
604 2869 730 2948 nostri
761 2872 881 2950 Anno
910 2872 1077 2975 Quinto.

176 3010 226 3076 H
246 3012 432 3099 “dmm-¹
454 3033 510 3098 Per
530 3012 567 3073 N·
588 3012 843 3095 c⁸¹¹¹P⁸l¹⁸¹¹⁸0m·
865 3014 910 3076 Pi
934 3015 1108 3095 frinsidan,
1130 3017 1273 3099 ttsoerses·
1290 3013 1393 3076 Gnido
1409 3013 1448 3075 de
1459 3016 1615 3078 sambuco.
1638 3013 1676 3075 R.
1696 3032 1833 3075 nccrxvr.

502 3096 626 3180 Qec
644 3096 723 3159 ned:
744 3117 802 3180 pro
823 3098 943 3162 fabrica
966 3099 1131 3184 upsalensis
1151 3099 1278 3162 ecclesie
1299 3099 1429 3160 Centum
1452 3098 1524 3161 dies.
1881 3122 1883 3127 ι

557 3212 724 3295 Blybullan
745 3215 853 3291 borts3
873 3215 949 3275 ride
969 3214 1030 3277 och
1052 3215 1126 3299 gula
1147 3214 1346 3279 silhestrhdsr
1366 3234 1452 3298 qvar.

115 3574 282 3685 1636.
540 3634 548 3646 ·
722 3577 889 3737 '1309
933 3577 981 3684 d
1032 3511 1099 3696 31
1151 3575 1266 3684 Oct„
1595 3573 1909 3681 Stochholm.
1981 3558 1984 3566 s

187 3765 373 3845 Hertigarne
393 3766 493 3832 Eum
514 3765 575 3827 och
597 3764 796 3828 Wrnnsrmns
819 3771 920 3850 cippos
944 3766 1057 3847 pabud‘
1072 3788 1123 3827 om
1145 3788 1182 3828 en
1210 3763 1384 3846 slottshjelp
1411 3763 1447 3823 ni
1474 3763 1643 3824 tnvsnarne
1666 3766 1674 3822 i
1696 3762 1910 3834 Tinndaland‚

230 3848 356 3911 hvilheo
379 3848 480 3911 tillika
503 3848 574 3909 med
595 3868 633 3908 en
656 3869 725 3929 nyss
747 3850 831 3910 th'rut
853 3849 1016 3931 pabuden,
1049 3869 1118 3910 meo
1152 3858 1232 3909 annu
1255 3846 1450 3907 ionestbende
1482 3844 1556 3925 gard
1579 3847 1596 3904 i
1619 3844 1816 3907 Stochholms
1837 3845 1911 3907 slott

227 3931 449 4014 oio‘rdrcijligen
471 3928 632 4007 aileranus,
654 3931 725 3993 med
748 3930 916 4013 behllniag
938 3933 1087 4014 derjemte
1108 3944 1153 3993 stt
1185 3932 1247 3993 alla
1281 3929 1350 3990 med
1379 3948 1419 3990 so
1442 3948 1512 3990 man
1546 3930 1662 3989 berotto
1695 3930 1791 4013 shepp
1822 3929 1910 3990 chola
1964 3938 1967 3947 ’

226 4017 274 4077 till
296 4014 476 4077 Stocklrolm
499 4014 639 4075 assandas
660 4013 720 4076 och
741 4014 782 4074 de
802 4014 918 4093 dirige,
949 4026 995 4076 att
1021 4014 1217 4076 io'relomma
1240 4013 1329 4075 decas
1350 4010 1544 4090 snvtndning
1568 4009 1755 4087 sibenden,
1790 4012 1911 4071 lb‘rstn-

227 4100 298 4177 kas,
318 4110 397 4160 ment
417 4108 465 4159 stt
484 4120 523 4159 eu
545 4118 617 4159 man
637 4096 673 4157 ai
692 4095 799 4178 hrsrje
821 4096 916 4158 hamo
939 4097 1041 4159 baller
1062 4098 1105 4175 sig
1128 4108 1193 4159 nstt
1222 4097 1283 4158 och
1316 4095 1376 4177 dag
1409 4095 1485 4155 redo
1518 4093 1587 4153 med
1611 4093 1679 4155 hast
1710 4092 1771 4153 och
1793 4112 1909 4177 vapen,

145 4230 149 4238 .
226 4194 274 4243 stt
295 4182 391 4264 enligt
412 4176 609 4260 Hertigsrnes
628 4179 708 4242 eller
729 4182 929 4263 Lsgmonneo
952 4182 1060 4263 Bit-ger
1080 4180 1225 4243 Perrsoos
1246 4189 1387 4242 ntirmare
1410 4176 1567 4241 suern-iu
1589 4176 1759 4258 anrtndss3
1781 4176 1837 4237 allt
1858 4172 1910 4235 vid

227 4269 290 4329 vite
309 4264 348 4326 sl
365 4265 405 4327 tit
421 4262 483 4326 och
504 4262 591 4345 gods.
1653 4342 1687 4399 A·
1706 4358 1729 4411 ⁷·
1746 4358 1774 4393 2,

214 4450 364 4530 Eamus
390 4465 433 4529 et
466 4470 752 4529 wssnsusnus
779 4444 843 4527 dei
880 4447 1013 4556 gracia
1042 4442 1165 4527 duces
1192 4472 1413 4543 swcornm,
1450 4445 1649 4526 Omnibus
1690 4440 1909 4523 Tiundiam

103 4560 443 4654 inhabitantibus,
472 4560 513 4639 in
543 4558 710 4639 domino
737 4558 998 4640 dileccionem
1026 4559 1200 4665 graciam
1230 4572 1270 4637 et
1298 4558 1486 4653 salutem,
1512 4557 1612 4636 Cum
1635 4570 1803 4665 propter
1825 4582 1910 4634 mo·

98 4702 208 4771 ram,
236 4700 358 4783 quam
386 4669 624 4750 stolholmis
652 4696 742 4759 cum
774 4668 1005 4751 hominibus
1038 4671 1203 4765 nostris,
1247 4666 1297 4749 ad
1336 4686 1493 4778 tempus
1529 4684 1797 4763 traxeramus,
1840 4664 1910 4745 de-

99 4785 254 4866 fectum
285 4783 448 4863 nimium
480 4783 656 4887 patimur
683 4779 969 4890 expensarum,
997 4781 1150 4861 instans
1178 4783 1388 4861 necessitas
1425 4806 1499 4859 nos
1541 4776 1745 4887 compellit
1786 4804 1910 4883 super

98 4896 290 5005 expensis
317 4888 543 4989 exibendis,
572 4906 614 4972 et
642 4890 882 4987 deferendis,
911 4920 989 5000 pro
1016 4890 1344 4973 substentacione
1373 4891 1516 4984 castri,
1539 4891 1654 4970 nobis
1683 4888 1911 4997 specialiter

98 5008 290 5089 intimare
318 5006 503 5087 volumus
531 5003 662 5085 modis
690 5002 896 5101 omnibus,
922 5030 971 5083 ae
998 5003 1117 5084 uobis
1144 5006 1221 5085 sub
1248 5016 1417 5111 optentu
1448 5002 1580 5110 gracie
1617 5016 1752 5080 nostre
1789 4998 1910 5079 firmi·
2004 5056 2010 5063 -
