4317 5975
978 393 1065 426 -ν
1146 359 1238 443 560·
1336 400 1396 425 -

290 598 331 664 te
353 579 395 662 in
422 573 617 664 decanum
635 569 1047 664 lundensisssecclesie.
1067 573 1290 663 celebrate.
1318 579 1487 688 negocio
1507 575 1696 684 delegato
1718 577 1803 658 Nos
1831 577 1872 657 in
1899 602 1941 660 eo
1955 584 2041 668 'iuxta

288 694 479 784 traditam
510 694 627 775 nobis
656 696 821 773 formam
852 696 1073 802 procedere
1101 697 1319 800 cupientes.
1349 691 1501 800 inquiri
1522 688 1687 768 fecimus
1719 689 1924 795 diligenter
1942 711 2042 778 rtrum

289 805 435 896 electio
464 803 604 885 decani
633 805 675 884 in
705 803 893 884 lundensi
921 806 1100 886 ecclesia.
1120 802 1180 884 -ad
1210 802 1429 911 capitulum
1458 797 1650 880 lundense
1678 817 1878 909 spectaret
1903 801 1946 882 de
1969 833 2044 887 con·

287 915 504 996 suetudine
532 910 595 993 vel
626 915 676 998 de
704 915 805 1023 jure.
843 916 919 997 Vel
954 917 1004 998 ad
1043 915 1196 995 dictum
1226 913 1433 994 dominum
1455 912 1810 1020 archiepiscopum
1844 909 1934 992 dieti
1956 915 2047 996 deua-¹

287 1044 409 1105 natus
445 1025 616 1106 collacio
651 1055 722 1107 seu
759 1029 941 1134 prouisio
977 1028 1198 1135 pertineret
1239 1027 1350 1106 Etsi
1380 1024 1523 1132 electio
1553 1025 1593 1103 in
1626 1023 1860 1104 lundensem
1887 1023 2047 1107 decanum

287 1134 340 1218 de
369 1152 407 1215 te
435 1155 567 1244 nuper
597 1137 713 1220 facta.
744 1155 846 1216 esset
874 1141 1068 1218 canonice
1096 1138 1308 1218 celebrata.
1366 1137 1492 1214 Citari
1516 1138 1639 1216 eciam
1662 1133 1828 1214 fecimus
1850 1135 1991 1243 publice
2008 1165 2048 1218 -ac

287 1246 422 1356 palam
444 1250 483 1326 iu
505 1245 613 1328 dicta
634 1250 798 1329 ecclesia
827 1277 965 1330 omnes
987 1263 1028 1328 et
1056 1248 1247 1355 singulos.
1273 1248 1305 1324 si
1334 1248 1406 1354 qui
1436 1261 1567 1352 essent
1595 1246 1666 1356 qui
1697 1245 1848 1326 vellent
1876 1273 2049 1352 opponere

289 1357 443 1468 aliquid
467 1358 675 1439 obuiendo
702 1375 843 1440 contra
872 1360 1042 1442 formam
1072 1359 1278 1438 electionis
1307 1373 1376 1436 tue
1405 1355 1587 1464 predicte
1623 1356 1685 1436 vel
1721 1357 1836 1435 electi
1875 1383 2051 1464 personam

287 1468 342 1548 Et
376 1469 473 1576 quia
508 1470 736 1550 inuenimus
769 1471 1004 1551 electionem
1041 1470 1182 1550 decani
1220 1471 1261 1548 in
1291 1465 1491 1576 sepedicta
1522 1468 1685 1547 ecclesia
1718 1465 1913 1550 lundensi.
1938 1465 2052 1549 adca·

287 1580 465 1688 pitulum
508 1579 703 1661 lundense
742 1583 945 1688 pertinere
987 1582 1039 1662 de
1074 1579 1368 1661 consuetudine
1410 1595 1451 1659 et
1496 1576 1546 1658 de
1588 1580 1688 1686 jure.
1759 1578 2053 1688 Electionemque

286 1707 397 1769 tuam
428 1689 479 1770 de
508 1708 548 1770 te
584 1693 625 1770 in
664 1692 898 1773 lundensem
936 1690 1131 1773 decanum
1166 1719 1296 1799 nuper
1327 1691 1473 1770 factam
1503 1693 1694 1771 canonice
1715 1689 1961 1770 celebratam.
1987 1690 2053 1770 nul·

287 1799 453 1910 lumque
494 1800 571 1881 die.
609 1820 789 1910 tempore
824 1805 1030 1885 citacionis
1070 1805 1111 1883 iu
1143 1801 1325 1910 predicta
1355 1801 1519 1882 ecclesia
1557 1801 1673 1884 lacte.
1703 1803 1858 1908 prelixo
1889 1800 2053 1881 ottbouie

287 1938 410 2020 quem
437 1913 669 1994 volentibus
697 1941 736 1993 se
767 1942 986 2023 opponere.
1015 1913 1148 1994 locum
1180 1910 1232 1992 ad
1260 1911 1573 2021 comparendum
1604 1914 1944 2020 assignauerimus.
1970 1939 2053 1991 com·

285 2024 480 2132 paruisse.
509 2030 580 2133 qui
610 2023 727 2105 vellet
755 2053 797 2104 se
826 2052 1035 2133 opponere
1063 2041 1204 2103 contra
1236 2023 1403 2104 sormam
1433 2024 1637 2103 electionis
1664 2023 1979 2108 triuuobicieudo
2003 2023 2056 2100 ali·

287 2132 387 2242 quid
424 2134 486 2214 vel
523 2162 731 2243 personam
763 2153 884 2244 prout
920 2135 993 2216 bec
1028 2139 1176 2226 omnia,
1208 2136 1248 2212 in
1280 2137 1420 2214 litteris
1449 2161 1571 2240 super
1601 2135 1675 2216 boc
1704 2133 1900 2213 donfectis
1927 2133 2057 2240 plenius

287 2247 560 2326 continentur.
616 2246 677 2326 Ad
702 2247 1046 2327 confirmacionem
1071 2246 1278 2328 electionis
1299 2265 1366 2326 tue
1389 2245 1582 2353 predicte.
1605 2244 1797 2325 suadente
1819 2245 1983 2352 justicia.
2002 2243 2056 2324 du·

285 2358 418 2434 ximus
456 2355 758 2462 procedendum
796 2357 1066 2437 Consideratis
1103 2361 1228 2466 igitur
1266 2357 1465 2436 omnibus.
1504 2385 1581 2468 que
1611 2359 1652 2436 in
1682 2357 1831 2436 talibus
1855 2359 1991 2436 merito
2015 2382 2057 2435 es·

286 2481 376 2544 sent
403 2466 705 2548 consideranda.
732 2485 771 2547 et
799 2469 1052 2576 exigentibus
1080 2469 1319 2577 eligencium
1351 2470 1454 2547 volis
1483 2469 1754 2550 concordibus
1775 2496 1821 2550 ae
1844 2485 1914 2549 tue
1937 2469 2056 2546 meritis

285 2575 513 2683 probitatis.
543 2578 776 2659 electionem
808 2580 1039 2687 predictam.
1069 2579 1119 2660 de
1147 2599 1187 2659 te
1216 2581 1408 2659 canonice
1438 2578 1592 2659 factam.
1622 2582 1863 2660 auctoritate
1896 2581 2055 2688 premissa

93 2689 96 2696 ’
185 2792 189 2798 ¹
285 2686 405 2765 nobis
427 2690 469 2767 in
498 2690 572 2767 bac
603 2705 717 2794 parte
745 2690 905 2770 tradita.
935 2692 1226 2770 confirmamus.
1258 2719 1302 2769 ac
1330 2709 1369 2769 te
1401 2688 1450 2769 de
1479 2691 1616 2771 eodem
1641 2689 1851 2770 decanatu.
1879 2719 1950 2799 per
1976 2717 2058 2767 mor·

284 2809 365 2876 tem
395 2800 638 2878 venerabilis
667 2802 742 2879 viri
772 2801 924 2881 domini
952 2800 1141 2908 johannis
1172 2799 1278 2878 balff
1301 2800 1506 2909 quondam
1536 2799 1677 2881 decani
1706 2801 1886 2882 eiusdem
1924 2801 2058 2880 ecclesie

284 2926 453 2989 vacante
481 2939 555 3019 per
583 2929 763 2991 nostrum
794 2912 985 2993 annulum
1018 2915 1263 2993 inuestimus.
1322 2915 1372 2991 lu
1395 2915 1509 2993 cuius
1533 2916 1589 2994 rei
1613 2915 1885 2995 testimouium
1911 2910 2057 3021 sigillum

281 3037 465 3099 nostrum
504 3020 689 3102 duximus
725 3022 1022 3132 apponendum.
1081 3027 1229 3104 Datum
1260 3025 1454 3105 Alewatb.
1484 3053 1591 3104 anno
1621 3026 1772 3107 domini
1802 3026 1946 3105 MCCC
1974 3048 2058 3101 nono

283 3134 482 3219 incctaua
500 3133 715 3240 epiphanie
735 3135 901 3242 domiuj,
958 3138 1214 3217 Presentibus
1237 3132 1408 3216 dominis
1445 3136 1629 3217 Torkillo
1659 3138 1869 3245 preposito
1896 3134 2059 3215 laladensi

283 3243 452 3323 Nicolao
482 3260 637 3324 rectore
665 3247 829 3325 ecclesie
859 3249 990 3354 eueby
1019 3276 1065 3325 ae
1095 3249 1183 3327 aliis
1212 3248 1347 3325 multis
1376 3247 1530 3327 clericis
1559 3265 1599 3327 ct
1635 3248 1742 3328 laicis
1771 3246 2031 3357 lidedignis').

679 3386 886 3472 o'fverskrzyl:
908 3388 999 3468 Quod
1022 3386 1146 3450 Electio
1168 3388 1274 3450 decani
1296 3399 1414 3475 spectat
1436 3388 1475 3449 ed
1498 3392 1678 3474 capitulum.

292 3678 443 3789 1605.
930 3690 1069 3834 1309
1116 3686 1165 3796 d.
1221 3693 1285 3802 18
1332 3688 1438 3795 Jan.
1841 3686 2029 3837 Upsala.
2119 3758 2120 3771 κ

363 3870 512 3931 Vilnrieu
540 3871 592 3960 yid
613 3870 730 3953 Upsaln
757 3873 932 3957 domlyrln
954 3876 1060 3938 Knurs
1088 3878 1352 3938 testamenterisle
1381 3875 1551 3959 onorduing
1579 3877 1614 3937 ul
1631 3878 1683 3938 sin
1698 3877 1775 3957 gird
1798 3876 1937 3960 Risaby,
1962 3878 1990 3937 sd
2014 3874 2058 3936 ocl

412 3954 480 4034 jord
503 3955 514 4009 i
535 3955 727 4037 Odarlreby,
749 3958 917 4036 Gelterste,
939 3950 1122 4041 lbyggeby‚
1146 3964 1268 4041 Aberga
1291 3960 1350 4021 och
1369 3960 1516 4041 Uplandu
1540 3960 1586 4021 till
1610 3959 1829 4042 Domlyrlan,
1852 3974 1933 4021 sumt
1951 3960 2058 4041 pennin-

411 4055 471 4116 gar
491 4036 549 4098 neb
573 4039 692 4098 ldsd'ren
716 4039 763 4099 till
788 4042 905 4119 lyr-tor
927 4044 986 4103 och
1009 4042 1141 4121 kloster,
1170 4044 1323 4103 divensem
1360 4043 1484 4121 lltder,
1513 4044 1628 4105 bdcker
1650 4066 1690 4105 m.
1714 4066 1752 4105 m.
1775 4046 1822 4107 till
1846 4046 1982 4106 enslilda
2002 4060 2060 4126 per·

284 4151 286 4154 ·
374 4131 381 4146 ⁸
411 4138 518 4195 soner3
541 4122 633 4201 jemte
654 4121 781 4183 sednare
802 4124 999 4185 dirdnsidan
1023 4127 1137 4207 gjorda'
1152 4126 1384 4207 anteckningar.

1867 4208 1946 4277 nt.

287 4376 296 4394 ,
391 4302 443 4381 JN
482 4300 655 4381 Nomine
693 4303 847 4413 dominj
875 4334 1013 4401 amen,
1049 4317 1166 4388 Anno
1196 4305 1391 4403 eiusdem,
1422 4303 1652 4402 Millesimo‚
1690 4305 1828 4405 CCC⁰‚
1866 4338 1990 4403 nono,
2019 4308 2057 4386 ln

279 4408 345 4488 die
375 4410 492 4492 beate
522 4418 651 4520 prisce
682 4419 867 4523 virginis,
898 4420 985 4525 Ego
1011 4420 1214 4499 Knnurus
1244 4436 1463 4528 perpetuus
1492 4421 1665 4499 vicarius
1694 4422 1734 4499 in
1759 4422 1925 4501 ecclesia
1962 4446 2058 4527 vpsa·

242 4519 396 4617 tensi,
430 4522 688 4609 considerans
727 4531 859 4606 omnia
891 4530 942 4608 ad
980 4555 1091 4607 suam
1129 4531 1295 4610 tendere
1331 4533 1547 4637 originem,
1584 4530 1741 4639 hocque
1778 4532 1909 4612 solum
1937 4529 2058 4611 stabile

277 4657 530 4737 permanere,
569 4635 681 4745 quod
718 4666 794 4745 pro
831 4640 961 4719 salute
1002 4644 1131 4720 anime
1166 4643 1312 4749 spiritu
1347 4639 1412 4749 dej
1447 4641 1663 4722 salubriter
1696 4642 2058 4725 ordinatumvotens

278 4780 548 4803 m...—

318 4840 345 4918 ‘l
371 4839 443 4902 Vld
461 4844 553 4940 ΜΘ(
575 4848 1086 4947 ’[,ὖΐθῘνθῑ,ῙῖΗᾶῧὲθῇ]ὂῖῘΜ
1105 4854 1331 4934 amiirkning:
1353 4850 1463 4913 Exstat
1486 4852 1586 4913 littera
1608 4852 1725 4913 Nicolei
1749 4851 1971 4935 archiepiscopi
1990 4844 2058 4933 qnod

368 4920 641 5090 ἓὲἶὲἒΰέιῑξῑμᾶιιῖἑσ
662 4952 785 4993 annexu
806 4932 939 4995 ecclesus
960 4932 1075 5059 babeat
1095 4956 1200 4997 omues
1215 4934 1404 5021 episcopales
1429 4934 1565 5011 decimas
1586 4930 1646 5000 &e
1667 4935 1720 4998 sed
1742 4938 1831 4998 nimis
1848 4936 1912 4999 less
1933 4936 2056 5017 legium
