4317 5975
202 390 357 475 ‚rr

146 648 149 651 >
261 590 322 665 hic
347 601 432 663 sunt
455 584 631 660 nimirum
669 584 1141 685 updictioaesseruientes
1167 609 1240 684 up.
1264 584 1370 659 aunis
1395 584 1477 659 cicli
1503 570 1636 685 .19:lis.
1663 582 1777 685 prima
1803 583 1919 685 primu
1930 584 1987 663 dre.
2009 578 2044 667 in

261 714 490 791 quocumque
516 689 628 788 igitur
646 712 742 761 auno
773 687 932 761 litteram
951 688 1152 762 tabularem
1177 689 1341 761 inuenire
1375 688 1554 785 volueris
1568 686 1728 787 capiatur
1759 686 1875 761 diccia
1906 692 2041 767 seruiens

260 794 320 869 illi
345 816 441 865 auno
480 792 559 864 etsi
585 814 660 864 uon
681 791 897 864 terminetur
922 792 959 863 iu
981 816 1023 864 a.
1049 792 1418 891 incipiaturprimum
1443 786 1678 889 alphabetum
1703 788 1743 861 in
1781 787 1900 862 radice
1934 790 2044 869 indicis
2118 832 2120 875 :

263 894 401 969 scilicet
426 890 464 966 b.
490 918 523 965 c.
548 891 586 965 d.
612 894 642 965 si
668 893 807 967 veroin
830 916 869 966 .s.
903 895 1119 967 terminatur
1158 890 1683 992 capiatursecuudumscilicet
1707 914 1737 961 a.
1764 888 1799 963 h.
1827 916 1858 963 c.
1884 890 1921 963 in
1946 894 2044 969 media
2118 894 2120 987 l

124 1073 129 1080 ,
263 999 428 1071 iunctura
467 993 621 1093 pollicis.
658 1005 696 1067 et
732 994 956 1068 discurratur
986 1018 1070 1067 cum
1103 992 1233 1068 litteris
1258 992 1441 1092 alphabeti
1467 1018 1532 1093 per
1557 994 1741 1067 iuncturas
1766 990 1943 1065 dictorum
1967 994 2043 1095 digi·
2119 1008 2120 1011 ’

212 1128 218 1137 =
249 1111 383 1172 ‚torum
398 1096 526 1183 ,donec
551 1111 716 1171 occurrat
744 1098 862 1195 prima
887 1095 1006 1171 littera
1032 1096 1133 1170 illius
1158 1097 1328 1170 dictionis
1354 1110 1391 1169 et
1416 1098 1446 1169 si
1471 1094 1664 1168 conueniat
1690 1118 1775 1167 cum
1801 1090 1919 1166 littera
1943 1094 2044 1181 dumi·
2118 1144 2120 1197 1

184 1244 187 1251 -
262 1192 372 1273 uicali
409 1196 475 1271 illa
498 1211 555 1270 est
592 1194 775 1271 tabularis.
807 1199 865 1271 sin
894 1212 1027 1273 autem.
1061 1196 1154 1272 vltra
1188 1208 1389 1271 transeatur
1404 1211 1456 1270 et
1488 1222 1572 1270 cum
1597 1220 1668 1296 qua
1694 1194 1814 1291 littera
1840 1194 2044 1275 dominicalis

260 1292 434 1386 conuenit¹
457 1295 632 1372 tabularis
657 1302 736 1374 erit.
763 1299 832 1372 hoc
857 1302 972 1373 eciam
997 1310 1121 1373 nocto
1152 1299 1250 1400 quod
1276 1300 1306 1372 si
1331 1299 1536 1397 egrediatur
1562 1300 1724 1399 primum
1750 1294 1980 1396 alphabetum
2001 1299 2046 1374 iu·
2118 1308 2120 1391 l

148 1464 156 1473 .
261 1403 419 1501 cipiatur
442 1400 643 1474 secundum
670 1414 707 1475 et
731 1424 875 1501 semper
900 1400 1019 1475 littera
1045 1400 1219 1475 tabularis
1238 1400 1310 1473 erit
1327 1425 1412 1475 curn
1426 1424 1496 1505 qna
1508 1398 1628 1475 littera
1641 1398 1872 1475 dominicalis
1885 1404 2046 1477 conuenit.
2118 1422 2120 1547 q

363 1534 645 1612 Concurrens
682 1535 794 1609 scitur
820 1561 884 1637 per
909 1534 975 1609 hos
1001 1560 1124 1610 versus
1343 1580 1344 1583 =
1431 1586 1433 1591 ι
1538 1595 1542 1603 .
1874 1611 1877 1617 ,

625 1638 696 1711 Sex
720 1636 830 1711 habet
855 1640 910 1711 .Α.
935 1638 977 1709 Β.
1004 1638 1165 1738 quinque
1191 1648 1290 1710 tenet
1316 1634 1367 1709 .C.
1393 1652 1546 1738 quatuor
1575 1648 1610 1709 et
1633 1630 1697 1721 J),
1813 1656 1817 1663 '
1853 1726 1859 1737 Ι
2118 1692 2120 1731 ,

622 1752 694 1811 tres
719 1738 838 1811 habet.
866 1739 970 1838 Eque
993 1738 1095 1812 duos.
1121 1738 1163 1812 F.
1192 1766 1323 1822 vuum,
1349 1739 1394 1811 G.
1421 1763 1564 1841 quoqne
1590 1752 1741 1839 septem.
2119 1736 2120 1739 ’

261 1840 445 1942 quociens.
482 1840 658 1912 nimirum
697 1841 752 1912 .Α.
784 1854 839 1915 est
863 1838 983 1914 littera
1007 1839 1238 1915 dominicalis
1268 1842 1429 1914 senarius
1469 1854 1522 1915 est
1559 1863 1776 1915 concurrens
1811 1839 1975 1939 quociens
2002 1840 2043 1914 ‚h

261 1942 447 2042 quinarius
472 1942 585 2013 etsie
611 1940 792 2041 deinceps.
867 2012 871 2023 ,
1924 1968 1931 1979 ’

363 2043 531 2143 Epacta
569 2045 680 2117 scitur
706 2068 771 2143 per
797 2041 1075 2119 huuc'rersum.

624 2143 765 2217 Deinde
793 2170 917 2219 vnum.
942 2157 1024 2245 post
1047 2142 1141 2217 adde
1168 2167 1215 2241 .9.
1240 2156 1321 2243 post
1350 2144 1443 2220 vnde
1472 2145 1608 2245 viginti.

260 2242 318 2343 (td
342 2246 411 2346 est)
440 2268 511 2320 vno
532 2245 652 2319 minus
677 2272 788 2346 quarn
813 2272 886 2319 .20.
913 2260 1069 2345 ponatur
1096 2247 1270 2319 nimirum
1304 2247 1442 2346 primus
1467 2272 1583 2319 annus
1609 2246 1704 2345 cycli
1730 2244 1915 2345 ,19:lis.in
1945 2246 2043 2319 radice

258 2344 398 2446 pulicis.
425 2345 603 2419 secundus
627 2348 669 2420 iu
696 2346 815 2420 media
840 2350 1017 2421 iunctura.
1033 2347 1165 2420 tercius
1190 2348 1230 2419 in
1256 2352 1463 2421 summitate
1490 2346 1589 2440 ‚dtus
1609 2351 1741 2421 iterum
1768 2352 1809 2421 in
1823 2347 1950 2421 radice.
1963 2360 1995 2421 et
2005 2350 2042 2420 ita

260 2460 446 2546 computes
485 2445 709 2521 circulariter
746 2474 858 2522 anuos
895 2449 979 2522 cicli
1013 2448 1129 2522 donec
1162 2461 1324 2521 occurrat
1355 2474 1471 2523 arruns
1505 2452 1605 2523 cuius
1630 2452 1798 2553 queritur
1831 2463 1947 2550 epacta
1971 2450 2043 2522 etsi

260 2550 361 2621 sistat
386 2551 425 2621 in
450 2546 571 2622 radice
596 2547 829 2624 subtrahatur
856 2552 986 2627 unitas.
1011 2551 1042 2625 si
1067 2552 1107 2625 in
1134 2548 1252 2623 media
1277 2550 1443 2636 iunctura
1468 2549 1562 2625 adde
1587 2576 1634 2652 .9.
1660 2552 1750 2627 siin
1774 2552 2042 2651 summitateup

259 2662 297 2723 et
323 2647 516 2723 habebitur
541 2664 663 2750 epacta
689 2653 820 2753 quesiti
845 2656 943 2726 anni.

251 2776 256 2781 “
360 2749 480 2841 Nota,
511 2750 607 2825 loca
647 2752 844 2827 clauium
895 2752 1016 2828 Clanis
1043 2752 1283 2827 terminorum
1309 2748 1463 2826 habetur
1487 2778 1552 2853 per
1577 2751 1644 2828 hos
1671 2778 1807 2829 versus.

560 2854 715 2929 Viceuos
741 2858 880 2956 quinos
908 2856 1083 2929 tredecim
1109 2855 1192 2955 plus
1216 2877 1302 2926 asse.
1328 2854 1485 2927 tricenis,

560 2980 611 3030 vu
637 2954 683 3030 de
696 2956 733 3058 l')
760 2959 868 3058 vigin.
896 2972 978 3059 epta
1003 2958 1128 3056 digitis
1154 2980 1220 3057 pro
1245 2954 1408 3030 clauibus
1433 2968 1526 3056 apta.

259 3069 525 3156 computentur.
544 3058 720 3132 nimirum
745 3085 810 3161 per
835 3085 961 3134 omnes
985 3059 1117 3158 digitos
1142 3060 1285 3131 sinistre
1309 3083 1437 3130 manus
1463 3055 1578 3131 donec
1604 3060 1723 3132 venias
1748 3059 1799 3134 ad
1824 3082 1953 3132 annum
1976 3051 2039 3129 cicli

260 3158 306 3231 de
339 3183 411 3259 quo
444 3158 556 3231 clauis
587 3162 750 3259 queritur
783 3175 928 3258 sumpto
963 3163 1074 3236 inicio
1101 3187 1120 3233 a
1148 3157 1280 3258 pollice
1306 3175 1342 3233 et
1367 3162 1398 3234 si
1422 3183 1538 3233 annus
1560 3161 1719 3260 quesitus
1745 3163 1850 3236 sistat
1874 3161 1912 3233 in
1936 3156 2038 3256 police

258 3258 360 3333 illius
390 3261 477 3334 anui
509 3285 661 3333 numero
694 3261 787 3335 adde
820 3262 892 3337 .25.
918 3263 948 3335 si
975 3265 1017 3336 in·
1038 3261 1160 3335 indice
1181 3259 1256 3336 .r3.
1283 3261 1377 3334 siin
1405 3262 1529 3333 maiori
1564 3263 1677 3360 digito
1703 3261 1776 3337 .3r.
1805 3265 1835 3338 si
1861 3265 1897 3335 in
1922 3257 2039 3332 medico

260 3383 332 3458 ·¹9·
366 3363 397 3434 si
428 3363 468 3432 iu
499 3361 690 3434 auriculari
718 3388 765 3463 .7.
799 3364 868 3435 hoc
894 3377 1015 3437 tamen
1041 3375 1229 3464 prenotato
1255 3361 1352 3464 quod
1379 3363 1408 3436 si
1434 3369 1641 3438 excrescant
1667 3366 1738 3459 uio.
1765 3367 1829 3441 vel
1858 3364 1963 3437 maiar
1984 3384 2037 3432 nu·

260 3485 381 3534 merus
431 3461 626 3533 reiciantur
649 3461 717 3544 βο.
744 3477 780 3536 et
806 3465 990 3537 residuum
1017 3468 1086 3539 erit
1107 3463 1229 3538 clauis.
1990 3465 1992 3468 ’

362 3593 603 3670 Terminus
640 3597 805 3696 pasche
843 3600 955 3672 scitur
1028 3599 1137 3673 rhos
1166 3621 1298 3672 versus.

562 3718 566 3723 ·
659 3694 739 3770 esse¹
759 3724 905 3796 grauem
932 3725 979 3773 uo
1007 3701 1036 3774 is
1062 3697 1160 3773 hello
1185 3697 1333 3774 lrarnem
1360 3694 1561 3774 lanearuus.
1647 3782 1651 3790 ¹

658 3795 801 3872 bellum
826 3825 911 3900 sepe
932 3827 1059 3898 gerens
1083 3801 1218 3875 etenim
1244 3814 1331 3902 puto
1358 3800 1467 3874 deicit
1493 3801 1643 3876 hostem.

660 3899 744 3973 Mox
770 3903 891 3974 anime
917 3903 1061 3976 lucrum
1089 3904 1252 3977 inuenies
1277 3927 1361 3976 cum
1388 3900 1573 3998 religiosis.

259 3997 307 4069 Jn
321 3997 390 4070 hiis
406 4001 579 4072 nimirum
597 4000 758 4075 versibus
784 4029 856 4102 .19.
882 4005 1063 4079 diceiones
1095 4006 1257 4078 seruiunt
1283 4027 1357 4102 .r9.
1384 4006 1487 4076 annis
1512 4003 1608 4105 cycli
1646 4003 1766 4103 ,19:lis
1802 4006 1915 4104 prima
1940 4001 2034 4102 primu

259 4114 296 4171 et
321 4101 373 4172 sic
397 4099 578 4201 deinceps.
630 4102 689 4174 Ad
714 4105 977 4181 inueniendum
1001 4108 1112 4204 igitur
1137 4105 1288 4179 alicuius
1312 4106 1399 4178 anni
1424 4103 1507 4180 cicli
1531 4105 1662 4205 .19:lis.
1683 4110 1886 4180 terminum
1909 4102 2033 4204 pascha·

258 4198 334 4272 lem
372 4215 535 4275 sumatur
572 4201 689 4275 diccio
725 4208 886 4278 seruiens
922 4207 977 4281 illi
1002 4232 1099 4280 auno
1122 4219 1161 4280 et
1185 4209 1215 4281 si
1241 4207 1457 4282 terminatur
1481 4207 1522 4280 in
1547 4207 1606 4280 .Μ.
1634 4209 1812 4281 terminus
1836 4207 1959 4310 pasche
1980 4201 2034 4275 erit

257 4302 297 4371 in
323 4305 452 4374 martio
481 4315 533 4376 tot
558 4301 686 4376 diebus
711 4309 926 4405 computatis
951 4335 972 4383 a
998 4309 1070 4382 fine
1097 4310 1217 4382 martii
1243 4305 1470 4382 ascendendo
1492 4322 1600 4409 quota
1626 4323 1680 4382 est
1706 4311 1824 4409 prima
1851 4303 2033 4384 litteradic·

259 4403 372 4474 ciouis
399 4400 496 4475 illius
520 4404 560 4477 in
584 4403 794 4505 alphabeto,
822 4422 858 4480 et
886 4407 947 4482 rbi
975 4413 1188 4485 terminatur
1216 4407 1297 4482 tulis
1323 4411 1547 4509 computacio
1573 4407 1625 4484 ibi
1641 4423 1697 4486 es't
1717 4413 1890 4485 terminus
1909 4404 2031 4510 pasche,

260 4502 297 4575 Si
323 4505 443 4576 antem'
469 4531 542 4576 nou
568 4508 783 4582 terminatur
809 4511 847 4582 iu
873 4510 933 4584 .Μ.
957 4510 1106 4611 pascalis
1132 4513 1308 4592 terminus
1332 4511 1401 4584 erit
1426 4512 1464 4586 in
1490 4509 1596 4612 aprili
1622 4525 1676 4587 tut
1701 4504 2029 4609 d'iebu'scompuuu's

62 4609 67 4614 ’
138 4614 141 4618 ’
257 4607 480 4704 aprincipiu
505 4606 631 4706 aprilis
656 4607 909 4685 descendendo
934 4627 1042 4714 quota
1067 4629 1122 4688 est
1147 4616 1265 4715 prima
1292 4612 1411 4688 littera
1428 4613 1591 4690 eiusdem
1611 4612 1785 4690 diceionis
1806 4607 2029 4714 inalphubeto·

119 4815 124 4822 ’
197 4868 205 4873 -
299 4837 324 4915 *)
346 4835 433 4899 Utan
454 4839 512 4901 allt
533 4812 655 4925 tvisael
668 4845 754 4929 ⁴rude
776 4845 957 4931 uigiu2so'1·
976 4861 1023 4911 att
1045 4849 1188 4914 52²⁶ch
1213 4868 1260 4935 ¹9·
