4317 5975
670 323 1061 478 '-··6a·7
1172 413 1296 434 --

116 621 183 678 sev
223 590 342 675 rebus
382 589 693 705 qmbmcumque
734 589 835 673 sicut
875 589 949 674 viri
968 592 1081 674 inter
1114 619 1182 674 eos
1215 587 1330 673 diuisi
1364 589 1519 672 fuerint'
1546 589 1621 672 'seu
1647 577 1918 676 ordinauerint
2009 647 2015 656 -
2101 596 2105 609 '

88 700 193 788 ‘ade
220 704 340 811 ugni.
665 741 668 747 -
1389 797 1392 815 ἱ
1759 723 1790 810 ·.

140 850 304 914 'Strissen
327 847 474 929 biverglr
495 843 656 930 pl'andra
677 843 762 906 sidau
784 845 822 905 al
843 844 1235 1008 perpigpp'mgesplppteati·och
1256 867 1344 932 syres
1366 843 1467 927 aldrig
1490 845 1573 908 verit
1595 843 1667 908 med
1688 843 1866 909 undersatta
1969 872 1973 882 r
2024 864 2026 873 ¹
2147 865 2149 874 ’

482 1042 561 1108 Med
581 1064 680 1125 nyare
700 1042 807 1106 bandi
834 1042 1014 1125 Sjaellanorn
1043 1056 1075 1106 et
1096 1041 1206 1110 bound
1229 1047 1422 1132 permutacio
1443 1047 1470 1110 P
1491 1041 1550 1109 V⁰·
1587 1011 1591 1020 i
1669 997 1671 1004 >

51 1362 55 1368 ·
131 1411 291 1556 1745·
799 1407 1228 1573 1¹297—1308.
1412 1403 1942 1554 Folklandstingstad.·
1998 1543 2006 1554 Ι

202 1599 311 1662 Ριιιιι»
332 1597 524 1660 Fruvmssors
546 1594 582 1656 af
599 1593 726 1678 Rumby
759 1594 831 1654 bref
856 1596 894 1678 pt
917 1606 961 1654 ett
993 1594 1064 1657 med
1091 1577 1286 1682 ilrlebislop
1313 1594 1378 1656 Nils
1405 1596 1502 1674 nigra
1530 1594 1566 1654 dr
1593 1595 1729 1657 tillsb'rne
1752 1597 1919 1660 fbrrtttodt
2021 1612 2026 1620 ’

248 1679 428 1763 jordabyte,
449 1688 531 1739 samt
553 1677 594 1763 pt
615 1688 660 1738 att
681 1689 778 1740 nouat
800 1699 844 1739 nu
865 1679 1046 1760 ytterligare
1068 1680 1172 1763 gjordt
1190 1679 1267 1762 byte
1289 1678 1326 1738 af
1342 1678 1433 1760 gods,
1456 1677 1564 1740 lavilla
1586 1678 1648 1740 alls
1670 1681 1875 1814 namugilvas.
1917 1743 1919 1746 .

1725 1800 1732 1812 .
1755 1781 1778 1830 7.
1797 1781 1843 1821 ι..

92 1890 100 1898 ·
231 1861 428 1943 Omnibus
455 1877 657 1970 presentes
685 1860 834 1942 litteras
861 1863 1106 1970 inspecturis,
1143 1865 1357 1942 Pumrrrus
1386 1885 1643 1941 rlnwlnason
1670 1859 1719 1942 de
1748 1865 1916 1977 Rumby.

123 1975 300 2056 Salutem
328 1976 371 2054 in
399 1970 570 2054 domino.
619 1973 773 2054 Tenore
802 1976 1047 2082 presencium
1085 1992 1223 2056 notum
1250 1973 1351 2053 facio
1380 1973 1570 2053 vniuersis
1598 1972 1706 2084 quod
1735 2005 1823 2055 cum
1851 2006 1918 2058 ve-

124 2085 290 2170 nerabili
319 2103 431 2194 patre
453 2103 494 2164 et
508 2081 669 2165 domino
698 2112 803 2180 meo,
838 2080 1001 2166 domino
1030 2087 1192 2167 Nicolao
1205 2082 1267 2166 dci
1283 2086 1413 2190 gracia
1429 2085 1723 2193 archiepiscopo
1738 2089 1918 2195 vpsalen·

37 2279 42 2288 ,
124 2192 382 2309 siquandam
420 2193 494 2275 feci
522 2193 761 2306 ‘prediorum
803 2199 1137 2304 permutacionem
1179 2200 1221 2278 in
1263 2197 1368 2277 huuc
1404 2186 1573 2276 modum.
1598 2193 1781 2276 videlicet
1809 2196 1919 2308 quod

84 2359 91 2374 ι
123 2337 199 2418 pro
227 2305 377 2388 duabus
407 2310 545 2388 marcis
574 2325 676 2386 terre
705 2336 793 2387 cum
822 2325 912 2387 octo
940 2306 1073 2389 solidis
1108 2326 1211 2388 terre
1246 2311 1290 2390 in
1325 2307 1416 2388 villa
1445 2305 1594 2386 kiulum
1637 2309 1680 2390 in
1708 2311 1918 2416 parrochia

62 2511 69 2523 .
123 2418 247 2530 taeby,
292 2447 366 2528 pro
395 2419 496 2499 .ΧΙΙ.
526 2421 605 2498 oris
633 2434 736 2498 terre
764 2421 807 2499 in
834 2419 925 2498 villa
952 2420 1105 2529 vighby
1138 2422 1181 2499 in
1208 2417 1344 2499 eadem
1372 2419 1597 2526 parrochia,
1640 2435 1680 2496 et
1708 2448 1781 2525 pro
1812 2421 1914 2500 .ΧΙΙ.

123 2533 202 2612 oris
230 2549 334 2610 terre
362 2531 405 2609 in
432 2530 524 2609 villa
553 2526 683 2638 lithby
711 2533 753 2609 in
781 2528 917 2609 eadem
944 2531 1171 2640 parrochia,
1202 2529 1304 2628 dedi,
1337 2527 1497 2625 tradidi,
1543 2547 1584 2608 ct
1621 2532 1815 2634 assignaui
1844 2560 1948 2611 no-·
2071 2532 2074 2540 “

39 2652 50 2670 “
123 2644 226 2722 mine
255 2643 560 2749 permutacionis
586 2646 670 2720 iure
699 2644 862 2751 proprio
896 2660 936 2721 et
970 2644 1013 2722 in
1055 2659 1288 2751 perpetuum
1324 2637 1450 2720 eidem
1486 2638 1649 2720 domiuo
1678 2664 1766 2719 meo
1789 2643 1936 2722 archi·'

124 2755 310 2862 episcopo
336 2781 412 2862 pro
440 2781 498 2845 se,
526 2752 687 2851 ecclesia
714 2754 925 2862 vpsalensi,
954 2771 994 2832 et
1025 2757 1103 2834 suis
1132 2752 1417 2833 successoribus
1444 2753 1669 2860 recipienti,
1707 2768 1786 2832 tres
1815 2782 1917 2832 mar·

122 2866 217 2946 chas
253 2881 354 2944 terre
388 2881 429 2942 ct
463 2893 581 2945 vnam
615 2891 725 2945 oram
761 2881 863 2954 terre
891 2867 933 2944 in
969 2865 1062 2944 villa
1097 2863 1203 2973 saeby
1230 2867 1273 2946 in
1307 2865 1514 2972 parrochia
1556 2860 1846 2945 dathmarhum.
1862 2883 1915 2950 ,et

114 2977 165 3058 in
190 2975 571 3056 baethernum.Vlll.
600 2973 744 3056 solidos
772 2993 875 3056 terre
903 2978 946 3057 in
974 2977 1181 3085 parrochia
1211 2975 1280 3069 lut.
1305 2975 1403 3083 jtcm
1430 2975 1473 3055 iu
1501 2975 1585 3066 linat
1612 2977 1655 3054 in
1683 2973 1810 3055 trihus
1844 2977 1917 3056 vil·
2039 2990 2042 2997 '

123 3089 170 3168 lis
196 3088 324 3167 silicet
350 3088 393 3166 in
421 3085 583 3196 rppaby
612 3088 675 3167 .X.
705 3086 850 3169 solidos
878 3089 992 3177 terre,
1023 3090 1066 3167 in
1095 3084 1456 3193 scotingabolstadh
1487 3086 1547 3167 .ll.
1575 3082 1721 3167 solidos
1735 3092 1924 3197 terre.‘et

122 3201 163 3279 in
192 3199 323 3303 hagha
351 3203 430 3278 tre's
458 3227 547 3277 oras
574 3216 689 3279 terre.
721 3198 825 3279 Jtem
853 3200 896 3279 in
923 3217 1079 3279 saetrum
1108 3200 1151 3279 in
1179 3198 1385 3307 parrochia
1414 3195 1506 3277 edhi
1525 3194 1621 3276 duas
1642 3224 1730 3277 oras
1744 3213 1859 3294 terre,
1876 3216 1916 3277 et
2003 3192 2008 3201 ’

12 3362 14 3367 ·
122 3314 165 3391 in
191 3311 283 3389 villa
312 3309 454 3389 husum
482 3311 525 3389 in
552 3311 760 3417 parrochia
775 3338 876 3416 garn
893 3339 1016 3390 vnum
1031 3307 1198 3389 solidum
1213 3328 1328 3405 terre,
1356 3338 1444 3389 cum
1463 3311 1576 3414 agris,
1593 3310 1727 3416 pratis,
1749 3312 1913 3417 pascuis,
1969 3325 1972 3333 '

122 3422 240 3517 siluis,
254 3419 535 3502 venacionibus
549 3437 589 3499 et
603 3420 786 3501 omnibus
806 3422 890 3530 alijs
903 3418 1051 3500 eisdem'
1060 3418 1208 3531 predijs
1222 3420 1492 3515 attinentibus,
1514 3420 1662 3500 iuribus
1684 3436 1725 3498 et
1750 3422 1914 3501 actioni·

124 3532 286 3642 busque
300 3532 362 3610 vel
380 3561 477 3642 quas
499 3530 648 3611 habent
668 3532 772 3612 infra
797 3560 838 3612 se
860 3534 922 3613 vel
938 3561 1056 3640 supra
1078 3559 1130 3629 se,
1151 3529 1202 3611 ad
1216 3529 1454 3627 habendum,
1471 3528 1695 3627 tenendum,
1710 3528 1915 3637 possiden·
2042 3604 2046 3613 ,

122 3641 229 3741 dum,
243 3660 283 3722 et
296 3639 490 3753 quidquid
505 3635 764 3743 sihtceclesie
778 3644 971 3751 upsalensi
993 3661 1033 3722 et
1053 3646 1132 3725 suis
1154 3642 1437 3722 successoribus
1452 3639 1636 3749 deinceps
1651 3642 1840 3747 placuerit
1857 3642 1915 3723 sa·

121 3752 313 3837 ciendum.
343 3750 444 3831 datis
470 3752 747 3832 nichilominus
781 3755 857 3861 ipsi
884 3750 1045 3832 domino
1068 3780 1156 3832 meo
1177 3753 1473 3859 archiepiscopo
1493 3779 1609 3859 super
1629 3751 1706 3829 hoc
1734 3753 1914 3860 firmarijs

120 3868 190 3978 qui
217 3854 412 3971 wlgalitcr
426 3860 466 3976 (l)
502 3860 685 3944 dicuntur
713 3863 850 3959 fastar,
878 3866 988 3942 iuxta
1016 3865 1121 3973 leges
1156 3864 1283 3970 patrie
1317 3880 1358 3941 et
1390 3879 1494 3945 terre
1522 3858 1841 3941 consuetudinem
1870 3866 1913 3947 in

15 4038 20 4043 ·
81 4058 86 4061 ,
119 3976 266 4059 talibus
292 3993 453 4059 actenus
480 3973 738 4055 obseruatum.
780 4001 785 4016 ·
809 3971 888 4054 Sed
923 3974 1015 4083 quia
1043 3991 1268 4054 contractus
1302 3974 1376 4055 iste
1405 3990 1496 4052 ante
1525 3972 1674 4083 aliquot
1702 4001 1826 4053 annos
1854 4003 1913 4054 se-

119 4086 292 4171 cundum
321 4087 425 4192 leges
452 4103 492 4166 et
519 4082 841 4167 consuetudinem
876 4086 1004 4194 patrie
1037 4082 1254 4193 predictam
1298 4112 1368 4193 per
1397 4080 1598 4163 dominum
1625 4110 1756 4163 meum
1784 4086 1912 4165 archi-

120 4200 350 4310 episcopum
375 4194 598 4307 predictum
626 4216 667 4277 ct
694 4224 756 4276 me
784 4196 926 4292 factus,
954 4225 1035 4277 non
1064 4196 1140 4276 fuit
1168 4224 1289 4305 rsque
1318 4198 1359 4278 in
1381 4222 1541 4303 presens
1557 4196 1774 4299 litterarum
1789 4200 1912 4303 presi-

12 4336 24 4390 ,·
119 4308 187 4393 dio
214 4310 494 4403 communitus,
535 4306 624 4389 ideo
655 4309 783 4417 ipsum
812 4308 886 4387 feci
921 4306 1169 4415 presentibus
1206 4307 1346 4388 litteris
1373 4308 1489 4387 inseri
1518 4302 1568 4385 ad
1595 4325 1824 4415 perpetuam
1854 4311 1912 4391 rei
2046 4330 2054 4343 ¹

120 4424 348 4505 memoriam
377 4438 418 4499 ct
446 4447 575 4499 meum
604 4416 777 4528 appendi
804 4417 974 4524 sigillum
1002 4419 1044 4500 in
1073 4420 1337 4499 testimonium
1366 4419 1552 4498 veritatis.
1608 4420 1790 4498 Preterea
1817 4446 1911 4499 con-

118 4553 223 4616 stare
250 4535 342 4614 volo
369 4533 492 4616 eciam
518 4530 701 4611 omnibus
727 4527 929 4611 euidenter
962 4558 1024 4609 me
1051 4532 1130 4611 iam
1155 4526 1205 4608 de
1234 4557 1338 4610 nouo
1365 4558 1454 4609 cum
1483 4524 1644 4609 domino
1666 4556 1755 4609 meo
1783 4531 1909 4611 archi·

25 4736 31 4745 ,
116 4648 305 4756 episcopo
344 4638 523 4751 predicto
564 4638 760 4753 quendam
802 4642 921 4722 alium
960 4641 1096 4722 fecisse
1130 4642 1432 4749 permutacionis
1460 4655 1706 4719 contractum
1733 4645 1776 4721 in
1804 4642 1910 4724 hunc

118 4753 281 4839 modum
313 4750 495 4835 videlicet
521 4750 629 4863 quod
655 4780 731 4862 pro
757 4782 838 4833 vno
865 4751 991 4835 solido
1018 4770 1121 4835 terre
1148 4754 1190 4832 in
1218 4752 1310 4833 villa
1337 4752 1478 4831 husum
1506 4752 1548 4830 in
1576 4752 1783 4860 parrochia
1799 4780 1907 4859 garn,

111 4885 160 4975 ,et
186 4896 262 4977 pro
277 4884 447 4978 quatuor
473 4862 606 4947 solidis
633 4881 737 4946 terre
771 4864 936 4959 invilla
962 4865 1147 4946 solestum
1175 4864 1218 4945 in
1245 4862 1450 4973 parrochia
1478 4857 1670 4957 frusundi,
1697 4859 1799 4959 dedi,
1830 4883 1909 4944 tra
2042 4934 2050 4947 ,
2095 4948 2099 4957 ,

117 4975 202 5059 didi
236 4996 277 5060 et
311 4978 504 5084 assiguaui
538 4976 841 5085 permutacionis
873 4979 1050 5069 nomine,
1092 4978 1176 5055 iure
1219 4974 1383 5085 proprio
1418 4990 1459 5052 ct
1491 4975 1533 5053 in
1569 4989 1804 5083 perpetuum
1834 4979 1907 5084 ipsi
1972 5025 1975 5035 =
