<?xml version="1.0" encoding="UTF-8"?>
<!DOCTYPE html PUBLIC "-//W3C//DTD XHTML 1.0 Transitional//EN"
    "http://www.w3.org/TR/xhtml1/DTD/xhtml1-transitional.dtd">
<html xmlns="http://www.w3.org/1999/xhtml" xml:lang="en" lang="en">
 <head>
  <title>
</title>
<meta http-equiv="Content-Type" content="text/html;charset=utf-8" />
  <meta name='ocr-system' content='tesseract 3.04.00' />
  <meta name='ocr-capabilities' content='ocr_page ocr_carea ocr_par ocr_line ocrx_word'/>
</head>
<body>
  <div class='ocr_page' id='page_1' title='image "./svensktdiplomat01swegoog/svensktdiplomat01swegoog_0689.png"; bbox 0 0 4317 5975; ppageno 0'>
   <div class='ocr_carea' id='block_1_1' title="bbox 982 342 1496 427">
    <p class='ocr_par' dir='ltr' id='par_1_1' title="bbox 982 342 1496 427">
     <span class='ocr_line' id='line_1_1' title="bbox 982 342 1496 427; baseline 0.006 -18"><span class='ocrx_word' id='word_1_1' title='bbox 982 342 1496 427; x_wconf 63' lang='lat'><strong>..50,..,</strong></span> 
     </span>
    </p>
   </div>
   <div class='ocr_carea' id='block_1_2' title="bbox 291 558 2029 677">
    <p class='ocr_par' dir='ltr' id='par_1_2' title="bbox 291 558 2029 677">
     <span class='ocr_line' id='line_1_2' title="bbox 291 558 2029 677; baseline 0.004 -28"><span class='ocrx_word' id='word_1_2' title='bbox 291 564 457 649; x_wconf 82' lang='lat' dir='ltr'><strong>ecclesia</strong></span> <span class='ocrx_word' id='word_1_3' title='bbox 486 590 561 677; x_wconf 86' lang='lat' dir='ltr'><strong>per</strong></span> <span class='ocrx_word' id='word_1_4' title='bbox 588 562 983 675; x_wconf 79' lang='lat' dir='ltr'><strong>ipsumepiscop‘um</strong></span> <span class='ocrx_word' id='word_1_5' title='bbox 1019 563 1096 645; x_wconf 76' lang='lat' dir='ltr'><strong>iem</strong></span> <span class='ocrx_word' id='word_1_6' title='bbox 1142 560 1281 647; x_wconf 78' lang='lat' dir='ltr'><strong>iuerat</strong></span> <span class='ocrx_word' id='word_1_7' title='bbox 1312 562 1492 674; x_wconf 89' lang='lat' dir='ltr'><strong>primum·</strong></span> <span class='ocrx_word' id='word_1_8' title='bbox 1525 558 1741 671; x_wconf 71' lang='lat' dir='ltr'><strong>&#39;institutus</strong></span> <span class='ocrx_word' id='word_1_9' title='bbox 1776 574 1954 657; x_wconf 56' lang='lat' dir='ltr'><strong>canonice*</strong></span> <span class='ocrx_word' id='word_1_10' title='bbox 1989 584 2029 669; x_wconf 65' lang='lat' dir='ltr'><strong>rie</strong></span> 
     </span>
    </p>
   </div>
   <div class='ocr_carea' id='block_1_3' title="bbox 161 674 2030 791">
    <p class='ocr_par' dir='ltr' id='par_1_3' title="bbox 161 674 2030 791">
     <span class='ocr_line' id='line_1_3' title="bbox 161 674 2030 791; baseline 0.006 -34"><span class='ocrx_word' id='word_1_11' title='bbox 161 708 173 725; x_wconf 54' lang='lat'><strong>⁸</strong></span> <span class='ocrx_word' id='word_1_12' title='bbox 289 679 393 759; x_wconf 88' lang='lat' dir='ltr'><strong>alius</strong></span> <span class='ocrx_word' id='word_1_13' title='bbox 420 682 633 789; x_wconf 88' lang='lat' dir='ltr'><strong>quisquam</strong></span> <span class='ocrx_word' id='word_1_14' title='bbox 661 674 787 757; x_wconf 81' lang='lat' dir='ltr'><strong>irater</strong></span> <span class='ocrx_word' id='word_1_15' title='bbox 814 690 954 757; x_wconf 90' lang='lat' dir='ltr'><strong>nostre</strong></span> <span class='ocrx_word' id='word_1_16' title='bbox 981 674 1127 757; x_wconf 65' lang='grc' dir='ltr'><strong>ἀοιιιιιε</strong></span> <span class='ocrx_word' id='word_1_17' title='bbox 1155 692 1196 757; x_wconf 88' lang='lat' dir='ltr'><strong>et</strong></span> <span class='ocrx_word' id='word_1_18' title='bbox 1224 674 1391 757; x_wconf 78' lang='lat' dir='ltr'><strong>ordinis.</strong></span> <span class='ocrx_word' id='word_1_19' title='bbox 1421 701 1519 757; x_wconf 89' lang='lat' dir='ltr'><strong>cure</strong></span> <span class='ocrx_word' id='word_1_20' title='bbox 1558 702 1700 784; x_wconf 78' lang='lat' dir='ltr'><strong>capax.</strong></span> <span class='ocrx_word' id='word_1_21' title='bbox 1744 706 1840 761; x_wconf 81' lang='lat' dir='ltr'><strong>raus</strong></span> <span class='ocrx_word' id='word_1_22' title='bbox 1865 704 1940 791; x_wconf 83' lang='lat' dir='ltr'><strong>post</strong></span> <span class='ocrx_word' id='word_1_23' title='bbox 1960 690 2030 775; x_wconf 78' lang='lat' dir='ltr'><strong>alte-</strong></span> 
     </span>
    </p>
   </div>
   <div class='ocr_carea' id='block_1_4' title="bbox 254 784 2084 1987">
    <p class='ocr_par' dir='ltr' id='par_1_4' title="bbox 254 784 2084 1987">
     <span class='ocr_line' id='line_1_4' title="bbox 288 784 2033 911; baseline 0.005 -42"><span class='ocrx_word' id='word_1_24' title='bbox 288 818 382 870; x_wconf 89' lang='lat' dir='ltr'><strong>rum</strong></span> <span class='ocrx_word' id='word_1_25' title='bbox 410 787 557 871; x_wconf 84' lang='lat' dir='ltr'><strong>dehent</strong></span> <span class='ocrx_word' id='word_1_26' title='bbox 584 785 732 868; x_wconf 83' lang='lat' dir='ltr'>ibidem</span> <span class='ocrx_word' id='word_1_27' title='bbox 756 787 925 896; x_wconf 85' lang='lat' dir='ltr'><strong>jostitui.</strong></span> <span class='ocrx_word' id='word_1_28' title='bbox 970 802 1042 868; x_wconf 89' lang='lat' dir='ltr'><strong>aut</strong></span> <span class='ocrx_word' id='word_1_29' title='bbox 1085 787 1222 867; x_wconf 85' lang='lat' dir='ltr'><strong>forsan</strong></span> <span class='ocrx_word' id='word_1_30' title='bbox 1264 786 1441 875; x_wconf 87' lang='lat' dir='ltr'><strong>destitui.</strong></span> <span class='ocrx_word' id='word_1_31' title='bbox 1477 784 1684 897; x_wconf 76' lang='lat' dir='ltr'><strong>deinceps.</strong></span> <span class='ocrx_word' id='word_1_32' title='bbox 1733 796 1941 877; x_wconf 74' lang='lat' dir='ltr'><strong>successius</strong></span> <span class='ocrx_word' id='word_1_33' title='bbox 1981 831 2033 911; x_wconf 70' lang='lat' dir='ltr'><strong>per</strong></span> 
     </span>
     <span class='ocr_line' id='line_1_5' title="bbox 289 898 2033 1012; baseline 0.002 -31"><span class='ocrx_word' id='word_1_34' title='bbox 289 904 525 1012; x_wconf 84' lang='lat' dir='ltr'><strong>episcopum</strong></span> <span class='ocrx_word' id='word_1_35' title='bbox 545 900 943 1006; x_wconf 39' lang='lat' dir='ltr'><strong>,straengiaenensem</strong></span> <span class='ocrx_word' id='word_1_36' title='bbox 970 900 1054 1003; x_wconf 88' lang='lat' dir='ltr'><strong>Qui</strong></span> <span class='ocrx_word' id='word_1_37' title='bbox 1082 898 1293 1006; x_wconf 84' lang='lat' dir='ltr'><strong>justitutus</strong></span> <span class='ocrx_word' id='word_1_38' title='bbox 1321 899 1530 979; x_wconf 88' lang='lat' dir='ltr'><strong>tenebitur</strong></span> <span class='ocrx_word' id='word_1_39' title='bbox 1566 898 1611 1005; x_wconf 84' lang='lat' dir='ltr'><strong>jn</strong></span> <span class='ocrx_word' id='word_1_40' title='bbox 1641 901 1824 981; x_wconf 90' lang='lat' dir='ltr'><strong>omnibus</strong></span> <span class='ocrx_word' id='word_1_41' title='bbox 1849 921 1884 984; x_wconf 87' lang='lat' dir='ltr'><strong>et</strong></span> <span class='ocrx_word' id='word_1_42' title='bbox 1907 908 1948 989; x_wconf 87' lang='lat' dir='ltr'><strong>ad</strong></span> <span class='ocrx_word' id='word_1_43' title='bbox 1970 940 2033 995; x_wconf 80' lang='lat' dir='ltr'><strong>on.</strong></span> 
     </span>
     <span class='ocr_line' id='line_1_6' title="bbox 292 1007 2071 1121; baseline 0.004 -24"><span class='ocrx_word' id='word_1_44' title='bbox 292 1016 358 1097; x_wconf 88' lang='lat' dir='ltr'><strong>nia</strong></span> <span class='ocrx_word' id='word_1_45' title='bbox 386 1014 475 1121; x_wconf 84' lang='lat' dir='ltr'><strong>jura</strong></span> <span class='ocrx_word' id='word_1_46' title='bbox 506 1010 750 1121; x_wconf 88' lang='lat' dir='ltr'><strong>episcopalia</strong></span> <span class='ocrx_word' id='word_1_47' title='bbox 778 1008 962 1093; x_wconf 83' lang='lat' dir='ltr'><strong>facienda</strong></span> <span class='ocrx_word' id='word_1_48' title='bbox 989 1012 1097 1091; x_wconf 91' lang='lat' dir='ltr'><strong>sicut</strong></span> <span class='ocrx_word' id='word_1_49' title='bbox 1126 1010 1393 1108; x_wconf 88' lang='lat' dir='ltr'><strong>deecclesia,</strong></span> <span class='ocrx_word' id='word_1_50' title='bbox 1427 1007 1745 1107; x_wconf 78' lang='lat' dir='ltr'><strong>Eskilstwnum,</strong></span> <span class='ocrx_word' id='word_1_51' title='bbox 1780 1042 1823 1093; x_wconf 89' lang='lat' dir='ltr'><strong>ac</strong></span> <span class='ocrx_word' id='word_1_52' title='bbox 1849 1021 1966 1101; x_wconf 87' lang='lat' dir='ltr'><strong>ceteris</strong></span> <span class='ocrx_word' id='word_1_53' title='bbox 1986 1052 2034 1107; x_wconf 86' lang='lat' dir='ltr'><strong>ec·</strong></span> <span class='ocrx_word' id='word_1_54' title='bbox 2066 1026 2071 1041; x_wconf 71' lang='lat'><em>⁴</em></span> 
     </span>
     <span class='ocr_line' id='line_1_7' title="bbox 291 1122 2035 1234; baseline 0.005 -30"><span class='ocrx_word' id='word_1_55' title='bbox 291 1124 423 1233; x_wconf 84' lang='lat' dir='ltr'><strong>clesijs</strong></span> <span class='ocrx_word' id='word_1_56' title='bbox 452 1152 533 1234; x_wconf 91' lang='lat' dir='ltr'><strong>que</strong></span> <span class='ocrx_word' id='word_1_57' title='bbox 560 1137 699 1202; x_wconf 87' lang='lat' dir='ltr'><strong>sancte</strong></span> <span class='ocrx_word' id='word_1_58' title='bbox 725 1122 812 1204; x_wconf 87' lang='lat' dir='ltr'><strong>sedi</strong></span> <span class='ocrx_word' id='word_1_59' title='bbox 840 1122 1183 1231; x_wconf 77' lang='lat' dir='ltr'><strong>Straengiaenensis</strong></span> <span class='ocrx_word' id='word_1_60' title='bbox 1210 1122 1376 1205; x_wconf 74' lang='lat' dir='ltr'>ecclesie</span> <span class='ocrx_word' id='word_1_61' title='bbox 1404 1122 1579 1202; x_wconf 78' lang='lat' dir='ltr'><strong>subsunt</strong></span> <span class='ocrx_word' id='word_1_62' title='bbox 1613 1124 1675 1203; x_wconf 90' lang='lat' dir='ltr'><strong>sui</strong></span> <span class='ocrx_word' id='word_1_63' title='bbox 1704 1122 1886 1207; x_wconf 86' lang='lat' dir='ltr'><strong>Rectores</strong></span> <span class='ocrx_word' id='word_1_64' title='bbox 1910 1126 2035 1234; x_wconf 82' lang='lat' dir='ltr'><strong>lanient,</strong></span> 
     </span>
     <span class='ocr_line' id='line_1_8' title="bbox 290 1230 2034 1344; baseline 0.006 -29"><span class='ocrx_word' id='word_1_65' title='bbox 290 1262 338 1315; x_wconf 92' lang='lat' dir='ltr'><strong>ac</strong></span> <span class='ocrx_word' id='word_1_66' title='bbox 366 1236 499 1331; x_wconf 75' lang='lat' dir='ltr'><strong>lacere</strong></span> <span class='ocrx_word' id='word_1_67' title='bbox 527 1250 850 1329; x_wconf 83' lang='lat' dir='ltr'><strong>consueuerant,</strong></span> <span class='ocrx_word' id='word_1_68' title='bbox 882 1234 1103 1315; x_wconf 74' lang='lat' dir='ltr'><strong>institutus</strong></span> <span class='ocrx_word' id='word_1_69' title='bbox 1130 1234 1254 1315; x_wconf 88' lang='lat' dir='ltr'><strong>eciam</strong></span> <span class='ocrx_word' id='word_1_70' title='bbox 1284 1234 1360 1313; x_wconf 90' lang='lat' dir='ltr'><strong>iste</strong></span> <span class='ocrx_word' id='word_1_71' title='bbox 1388 1230 1440 1313; x_wconf 89' lang='lat' dir='ltr'><strong>de</strong></span> <span class='ocrx_word' id='word_1_72' title='bbox 1467 1233 1786 1317; x_wconf 90' lang='lat' dir='ltr'><strong>obuentionibus</strong></span> <span class='ocrx_word' id='word_1_73' title='bbox 1808 1238 1922 1344; x_wconf 86' lang='lat' dir='ltr'><strong>ipsius</strong></span> <span class='ocrx_word' id='word_1_74' title='bbox 1943 1245 2034 1327; x_wconf 83' lang='lat' dir='ltr'><strong>eccle·</strong></span> 
     </span>
     <span class='ocr_line' id='line_1_9' title="bbox 291 1344 2036 1457; baseline 0.005 -29"><span class='ocrx_word' id='word_1_75' title='bbox 291 1349 347 1429; x_wconf 89' lang='lat' dir='ltr'><strong>sie</strong></span> <span class='ocrx_word' id='word_1_76' title='bbox 377 1376 453 1457; x_wconf 92' lang='lat' dir='ltr'><strong>pro</strong></span> <span class='ocrx_word' id='word_1_77' title='bbox 482 1346 622 1427; x_wconf 89' lang='lat' dir='ltr'><strong>labore</strong></span> <span class='ocrx_word' id='word_1_78' title='bbox 650 1359 724 1424; x_wconf 84' lang='lat' dir='ltr'><strong>&#39;suo</strong></span> <span class='ocrx_word' id='word_1_79' title='bbox 753 1346 861 1424; x_wconf 89' lang='lat' dir='ltr'><strong>leuet</strong></span> <span class='ocrx_word' id='word_1_80' title='bbox 889 1364 929 1427; x_wconf 90' lang='lat' dir='ltr'><strong>et</strong></span> <span class='ocrx_word' id='word_1_81' title='bbox 956 1344 1103 1426; x_wconf 87' lang='lat' dir='ltr'><strong>habeat</strong></span> <span class='ocrx_word' id='word_1_82' title='bbox 1131 1344 1269 1427; x_wconf 89' lang='lat' dir='ltr'><strong>decem</strong></span> <span class='ocrx_word' id='word_1_83' title='bbox 1306 1344 1504 1440; x_wconf 81' lang='lat' dir='ltr'><strong>marchas,</strong></span> <span class='ocrx_word' id='word_1_84' title='bbox 1534 1347 1719 1426; x_wconf 89' lang='lat' dir='ltr'><strong>Pretcrea</strong></span> <span class='ocrx_word' id='word_1_85' title='bbox 1750 1349 2036 1457; x_wconf 86' lang='lat' dir='ltr'><strong>supradictusdo·</strong></span> 
     </span>
     <span class='ocr_line' id='line_1_10' title="bbox 289 1453 2084 1573; baseline 0.003 -34"><span class='ocrx_word' id='word_1_86' title='bbox 289 1462 423 1539; x_wconf 88' lang='lat' dir='ltr'><strong>minus</strong></span> <span class='ocrx_word' id='word_1_87' title='bbox 451 1458 595 1559; x_wconf 69' lang='lat' dir='ltr'><strong>{rsarus</strong></span> <span class='ocrx_word' id='word_1_88' title='bbox 624 1454 850 1565; x_wconf 82' lang='lat' dir='ltr'><strong>Episcopus</strong></span> <span class='ocrx_word' id='word_1_89' title='bbox 876 1456 1238 1564; x_wconf 83' lang='lat' dir='ltr'><strong>Straengiaencnsis,</strong></span> <span class='ocrx_word' id='word_1_90' title='bbox 1280 1453 1493 1537; x_wconf 88' lang='lat' dir='ltr'><strong>tolerando</strong></span> <span class='ocrx_word' id='word_1_91' title='bbox 1533 1458 1721 1563; x_wconf 78' lang='lat' dir='ltr'><strong>permisit</strong></span> <span class='ocrx_word' id='word_1_92' title='bbox 1764 1458 1833 1537; x_wconf 88' lang='lat' dir='ltr'><strong>ista</strong></span> <span class='ocrx_word' id='word_1_93' title='bbox 1860 1462 1935 1543; x_wconf 86' lang='lat' dir='ltr'><strong>rice</strong></span> <span class='ocrx_word' id='word_1_94' title='bbox 1953 1466 2037 1573; x_wconf 79' lang='lat' dir='ltr'><strong>quud</strong></span> <span class='ocrx_word' id='word_1_95' title='bbox 2083 1484 2084 1493; x_wconf 69' lang='lat'>‘</span> 
     </span>
     <span class='ocr_line' id='line_1_11' title="bbox 254 1566 2084 1683; baseline 0.004 -32"><span class='ocrx_word' id='word_1_96' title='bbox 254 1632 261 1641; x_wconf 89' lang='lat'><em>.</em></span> <span class='ocrx_word' id='word_1_97' title='bbox 292 1572 508 1651; x_wconf 80' lang='lat' dir='ltr'><strong>habeamus</strong></span> <span class='ocrx_word' id='word_1_98' title='bbox 539 1570 711 1678; x_wconf 85' lang='lat' dir='ltr'><strong>priorem</strong></span> <span class='ocrx_word' id='word_1_99' title='bbox 743 1568 916 1668; x_wconf 60' lang='lat' dir='ltr'><strong>laicum.</strong></span> <span class='ocrx_word' id='word_1_100' title='bbox 945 1594 1028 1647; x_wconf 90' lang='lat' dir='ltr'><strong>non</strong></span> <span class='ocrx_word' id='word_1_101' title='bbox 1046 1569 1141 1677; x_wconf 88' lang='lat' dir='ltr'><strong>quia</strong></span> <span class='ocrx_word' id='word_1_102' title='bbox 1167 1566 1394 1649; x_wconf 90' lang='lat' dir='ltr'><strong>huiusmodi</strong></span> <span class='ocrx_word' id='word_1_103' title='bbox 1423 1568 1488 1675; x_wconf 86' lang='lat' dir='ltr'><strong>jus</strong></span> <span class='ocrx_word' id='word_1_104' title='bbox 1501 1569 1541 1649; x_wconf 92' lang='lat' dir='ltr'><strong>in</strong></span> <span class='ocrx_word' id='word_1_105' title='bbox 1561 1567 1720 1667; x_wconf 58' lang='lat' dir='ltr'><strong>laicum</strong></span> <span class='ocrx_word' id='word_1_106' title='bbox 1750 1570 1864 1652; x_wconf 89' lang='lat' dir='ltr'><strong>cadit.</strong></span> <span class='ocrx_word' id='word_1_107' title='bbox 1891 1572 1949 1655; x_wconf 86' lang='lat' dir='ltr'><strong>sed</strong></span> <span class='ocrx_word' id='word_1_108' title='bbox 1972 1585 2038 1683; x_wconf 86' lang='lat' dir='ltr'><strong>quia</strong></span> <span class='ocrx_word' id='word_1_109' title='bbox 2083 1570 2084 1573; x_wconf 5' lang='grc' dir='ltr'>Ὺ</span> 
     </span>
     <span class='ocr_line' id='line_1_12' title="bbox 291 1678 2038 1789; baseline 0.004 -27"><span class='ocrx_word' id='word_1_110' title='bbox 291 1682 413 1762; x_wconf 88' lang='lat' dir='ltr'><strong>habet</strong></span> <span class='ocrx_word' id='word_1_111' title='bbox 444 1683 565 1762; x_wconf 88' lang='lat' dir='ltr'><strong>alium</strong></span> <span class='ocrx_word' id='word_1_112' title='bbox 594 1682 666 1789; x_wconf 92' lang='lat' dir='ltr'><strong>qui</strong></span> <span class='ocrx_word' id='word_1_113' title='bbox 694 1680 863 1762; x_wconf 88' lang='lat' dir='ltr'><strong>clericus</strong></span> <span class='ocrx_word' id='word_1_114' title='bbox 889 1698 962 1761; x_wconf 89' lang='lat' dir='ltr'><strong>est.</strong></span> <span class='ocrx_word' id='word_1_115' title='bbox 998 1678 1204 1778; x_wconf 64' lang='lat' dir='ltr'><strong>idoneum</strong></span> <span class='ocrx_word' id='word_1_116' title='bbox 1247 1679 1531 1775; x_wconf 85' lang='lat' dir='ltr'><strong>substitutum,</strong></span> <span class='ocrx_word' id='word_1_117' title='bbox 1581 1682 1631 1759; x_wconf 93' lang='lat' dir='ltr'><strong>Jn</strong></span> <span class='ocrx_word' id='word_1_118' title='bbox 1660 1682 1777 1761; x_wconf 89' lang='lat' dir='ltr'><strong>cuius</strong></span> <span class='ocrx_word' id='word_1_119' title='bbox 1818 1684 2038 1769; x_wconf 83' lang='lat' dir='ltr'><strong>testimonium</strong></span> 
     </span>
     <span class='ocr_line' id='line_1_13' title="bbox 289 1789 2038 1904; baseline 0.002 -31"><span class='ocrx_word' id='word_1_120' title='bbox 289 1794 418 1904; x_wconf 83' lang='lat' dir='ltr'><strong>sigilla</strong></span> <span class='ocrx_word' id='word_1_121' title='bbox 451 1810 586 1873; x_wconf 89' lang='lat' dir='ltr'><strong>nostra</strong></span> <span class='ocrx_word' id='word_1_122' title='bbox 617 1789 766 1873; x_wconf 89' lang='lat' dir='ltr'><strong>Prioris</strong></span> <span class='ocrx_word' id='word_1_123' title='bbox 794 1808 835 1871; x_wconf 88' lang='lat' dir='ltr'><strong>et</strong></span> <span class='ocrx_word' id='word_1_124' title='bbox 864 1790 1034 1869; x_wconf 75' lang='lat' dir='ltr'><strong>fratrum</strong></span> <span class='ocrx_word' id='word_1_125' title='bbox 1066 1790 1343 1901; x_wconf 89' lang='lat' dir='ltr'><strong>quorundam,</strong></span> <span class='ocrx_word' id='word_1_126' title='bbox 1374 1791 1630 1898; x_wconf 88' lang='lat' dir='ltr'><strong>presentibus</strong></span> <span class='ocrx_word' id='word_1_127' title='bbox 1658 1808 1756 1873; x_wconf 91' lang='lat' dir='ltr'><strong>sunt</strong></span> <span class='ocrx_word' id='word_1_128' title='bbox 1784 1822 1962 1903; x_wconf 87' lang='lat' dir='ltr'><strong>appensa,</strong></span> <span class='ocrx_word' id='word_1_129' title='bbox 1985 1798 2038 1877; x_wconf 85' lang='lat' dir='ltr'><strong>lla·</strong></span> 
     </span>
     <span class='ocr_line' id='line_1_14' title="bbox 291 1900 1655 1987; baseline -0.001 -1"><span class='ocrx_word' id='word_1_130' title='bbox 291 1924 377 1987; x_wconf 90' lang='lat' dir='ltr'><strong>tum</strong></span> <span class='ocrx_word' id='word_1_131' title='bbox 407 1909 528 1986; x_wconf 87' lang='lat' dir='ltr'><strong>Anno</strong></span> <span class='ocrx_word' id='word_1_132' title='bbox 556 1903 709 1983; x_wconf 90' lang='lat' dir='ltr'><strong>domini</strong></span> <span class='ocrx_word' id='word_1_133' title='bbox 739 1904 822 1987; x_wconf 85' lang='lat' dir='ltr'><strong>.M·.</strong></span> <span class='ocrx_word' id='word_1_134' title='bbox 852 1902 972 1983; x_wconf 85' lang='lat' dir='ltr'><strong>CCC·</strong></span> <span class='ocrx_word' id='word_1_135' title='bbox 1004 1904 1113 1983; x_wconf 83' lang='lat' dir='ltr'>v11⁰.</span> <span class='ocrx_word' id='word_1_136' title='bbox 1144 1904 1265 1983; x_wconf 90' lang='lat' dir='ltr'><strong>tercia</strong></span> <span class='ocrx_word' id='word_1_137' title='bbox 1296 1900 1361 1985; x_wconf 88' lang='lat' dir='ltr'><strong>die</strong></span> <span class='ocrx_word' id='word_1_138' title='bbox 1390 1905 1655 1985; x_wconf 87' lang='lat' dir='ltr'><strong>Pentecostcs.</strong></span> 
     </span>
    </p>
   </div>
   <div class='ocr_carea' id='block_1_5' title="bbox 251 2044 2073 2212">
    <p class='ocr_par' dir='ltr' id='par_1_5' title="bbox 251 2044 2073 2212">
     <span class='ocr_line' id='line_1_15' title="bbox 330 2044 2073 2190; baseline -0.001 -75"><span class='ocrx_word' id='word_1_139' title='bbox 330 2050 381 2115; x_wconf 74' lang='lat' dir='ltr'><strong>Pe</strong></span> <span class='ocrx_word' id='word_1_140' title='bbox 390 2048 587 2133; x_wconf 79' lang='lat' dir='ltr'><strong>frdnsr&#39;dan:</strong></span> <span class='ocrx_word' id='word_1_141' title='bbox 608 2048 727 2111; x_wconf 84' lang='lat' dir='ltr'><strong>Littera</strong></span> <span class='ocrx_word' id='word_1_142' title='bbox 747 2066 841 2131; x_wconf 84' lang='lat' dir='ltr'><strong>super</strong></span> <span class='ocrx_word' id='word_1_143' title='bbox 861 2046 988 2109; x_wconf 81' lang='lat' dir='ltr'><strong>ecclesia</strong></span> <span class='ocrx_word' id='word_1_144' title='bbox 1010 2045 1089 2107; x_wconf 79' lang='lat' dir='ltr'><strong>lorss</strong></span> <span class='ocrx_word' id='word_1_145' title='bbox 1115 2044 1259 2190; x_wconf 59' lang='lat' dir='ltr'><strong>‘lul&#39;dpffl</strong></span> <span class='ocrx_word' id='word_1_146' title='bbox 1280 2046 1376 2143; x_wconf 74' lang='lat' dir='ltr'><strong>priori</strong></span> <span class='ocrx_word' id='word_1_147' title='bbox 1398 2057 1429 2109; x_wconf 88' lang='lat' dir='ltr'><strong>et</strong></span> <span class='ocrx_word' id='word_1_148' title='bbox 1450 2046 1596 2109; x_wconf 87' lang='lat' dir='ltr'><strong>l&#39;ratribus</strong></span> <span class='ocrx_word' id='word_1_149' title='bbox 1617 2048 1647 2109; x_wconf 87' lang='lat' dir='ltr'><strong>io</strong></span> <span class='ocrx_word' id='word_1_150' title='bbox 1670 2046 1882 2111; x_wconf 80' lang='lat' dir='ltr'><strong>Eslilztbunor</strong></span> <span class='ocrx_word' id='word_1_151' title='bbox 1901 2070 2014 2113; x_wconf 76' lang='lat' dir='ltr'><strong>cunnus</strong></span> <span class='ocrx_word' id='word_1_152' title='bbox 2069 2046 2073 2051; x_wconf 71' lang='grc'><strong>’</strong></span> 
     </span>
     <span class='ocr_line' id='line_1_16' title="bbox 251 2148 1352 2212; baseline -0.004 -20"><span class='ocrx_word' id='word_1_153' title='bbox 251 2154 256 2163; x_wconf 89' lang='grc'><strong><em>·</em></strong></span> <span class='ocrx_word' id='word_1_154' title='bbox 1031 2150 1069 2191; x_wconf 80' lang='lat' dir='ltr'><strong>ex</strong></span> <span class='ocrx_word' id='word_1_155' title='bbox 1090 2150 1213 2212; x_wconf 86' lang='lat' dir='ltr'><strong>specrar</strong></span> <span class='ocrx_word' id='word_1_156' title='bbox 1235 2148 1352 2210; x_wconf 74' lang='lat' dir='ltr'><strong>grecia,</strong></span> 
     </span>
    </p>
   </div>
   <div class='ocr_carea' id='block_1_6' title="bbox 651 2218 1756 2327">
    <p class='ocr_par' dir='ltr' id='par_1_6' title="bbox 651 2218 1756 2327">
     <span class='ocr_line' id='line_1_17' title="bbox 651 2218 1756 2327; baseline 0.002 -18"><span class='ocrx_word' id='word_1_157' title='bbox 651 2244 797 2327; x_wconf 67' lang='lat' dir='ltr'><strong>sagmen:</strong></span> <span class='ocrx_word' id='word_1_158' title='bbox 818 2246 877 2307; x_wconf 75' lang='lat' dir='ltr'><strong>mo</strong></span> <span class='ocrx_word' id='word_1_159' title='bbox 902 2264 929 2321; x_wconf 89' lang='lat' dir='ltr'><strong>t,</strong></span> <span class='ocrx_word' id='word_1_160' title='bbox 949 2242 969 2304; x_wconf 88' lang='lat' dir='ltr'><strong>s</strong></span> <span class='ocrx_word' id='word_1_161' title='bbox 991 2244 1062 2327; x_wconf 62' lang='lat' dir='ltr'><strong>oga</strong></span> <span class='ocrx_word' id='word_1_162' title='bbox 1085 2218 1235 2320; x_wconf 56' lang='lat' dir='ltr'><strong>assisa</strong></span> <span class='ocrx_word' id='word_1_163' title='bbox 1258 2244 1316 2307; x_wconf 76' lang='lat' dir='ltr'><strong>ruo</strong></span> <span class='ocrx_word' id='word_1_164' title='bbox 1339 2266 1368 2325; x_wconf 73' lang='lat' dir='ltr'><strong>a,</strong></span> <span class='ocrx_word' id='word_1_165' title='bbox 1389 2242 1410 2323; x_wconf 75' lang='grc'>4</span> <span class='ocrx_word' id='word_1_166' title='bbox 1430 2243 1490 2308; x_wconf 83' lang='lat' dir='ltr'><strong>och</strong></span> <span class='ocrx_word' id='word_1_167' title='bbox 1514 2244 1534 2305; x_wconf 82' lang='lat'>⁵</span> <span class='ocrx_word' id='word_1_168' title='bbox 1555 2246 1756 2311; x_wconf 64' lang='lat' dir='ltr'><strong>sor-uana...</strong></span> 
     </span>
    </p>
   </div>
   <div class='ocr_carea' id='block_1_7' title="bbox 192 2589 2043 2779">
    <p class='ocr_par' dir='ltr' id='par_1_7' title="bbox 192 2589 2043 2779">
     <span class='ocr_line' id='line_1_18' title="bbox 192 2589 2043 2779; baseline -0.002 -61"><span class='ocrx_word' id='word_1_169' title='bbox 192 2589 194 2592; x_wconf 16' lang='grc' dir='ltr'>Ι</span> <span class='ocrx_word' id='word_1_170' title='bbox 302 2608 450 2779; x_wconf 21' lang='grc'><strong>1550..</strong></span> <span class='ocrx_word' id='word_1_171' title='bbox 934 2609 1074 2755; x_wconf 81' lang='lat'><strong>1307</strong></span> <span class='ocrx_word' id='word_1_172' title='bbox 1124 2609 1173 2716; x_wconf 92' lang='lat' dir='ltr'><strong>d.</strong></span> <span class='ocrx_word' id='word_1_173' title='bbox 1223 2646 1291 2715; x_wconf 81' lang='lat' dir='ltr'><strong>aa</strong></span> <span class='ocrx_word' id='word_1_174' title='bbox 1342 2610 1457 2755; x_wconf 88' lang='lat' dir='ltr'><strong>Maj.</strong></span> <span class='ocrx_word' id='word_1_175' title='bbox 1882 2609 2043 2757; x_wconf 80' lang='lat' dir='ltr'><strong>&#39;Helgb</strong></span> 
     </span>
    </p>
   </div>
   <div class='ocr_carea' id='block_1_8' title="bbox 374 2800 1949 3004">
    <p class='ocr_par' dir='ltr' id='par_1_8' title="bbox 374 2800 1949 3004">
     <span class='ocr_line' id='line_1_19' title="bbox 374 2800 1867 2915; baseline -0.002 -19"><span class='ocrx_word' id='word_1_176' title='bbox 374 2832 556 2914; x_wconf 75' lang='lat' dir='ltr'><strong>Hertigaroe</strong></span> <span class='ocrx_word' id='word_1_177' title='bbox 577 2830 661 2895; x_wconf 69' lang='lat' dir='ltr'><strong>Ean</strong></span> <span class='ocrx_word' id='word_1_178' title='bbox 681 2830 743 2895; x_wconf 89' lang='lat' dir='ltr'><strong>och</strong></span> <span class='ocrx_word' id='word_1_179' title='bbox 766 2833 965 2897; x_wconf 79' lang='lat' dir='ltr'><strong>Wsunmrns</strong></span> <span class='ocrx_word' id='word_1_180' title='bbox 985 2831 1166 2894; x_wconf 76' lang='lat' dir='ltr'><strong>Gdl&#39;robrel</strong></span> <span class='ocrx_word' id='word_1_181' title='bbox 1182 2832 1221 2915; x_wconf 82' lang='lat' dir='ltr'><strong>pt</strong></span> <span class='ocrx_word' id='word_1_182' title='bbox 1245 2830 1356 2915; x_wconf 84' lang='lat' dir='ltr'><strong>Eleby</strong></span> <span class='ocrx_word' id='word_1_183' title='bbox 1378 2832 1455 2912; x_wconf 78' lang='lat' dir='ltr'><strong>gdrd</strong></span> <span class='ocrx_word' id='word_1_184' title='bbox 1479 2830 1525 2893; x_wconf 88' lang='lat' dir='ltr'><strong>till</strong></span> <span class='ocrx_word' id='word_1_185' title='bbox 1547 2832 1718 2915; x_wconf 79' lang='lat' dir='ltr'><strong>Risnbergs</strong></span> <span class='ocrx_word' id='word_1_186' title='bbox 1740 2800 1867 2896; x_wconf 75' lang='lat' dir='ltr'><strong>kloster.</strong></span> 
     </span>
     <span class='ocr_line' id='line_1_20' title="bbox 1837 2948 1949 3004; baseline -0.027 0"><span class='ocrx_word' id='word_1_187' title='bbox 1837 2948 1872 3004; x_wconf 80' lang='lat' dir='ltr'><strong>A.</strong></span> <span class='ocrx_word' id='word_1_188' title='bbox 1887 2948 1910 3003; x_wconf 81' lang='lat'><strong>3.</strong></span> <span class='ocrx_word' id='word_1_189' title='bbox 1925 2966 1949 3002; x_wconf 87' lang='lat' dir='ltr'><strong>u.</strong></span> 
     </span>
    </p>
   </div>
   <div class='ocr_carea' id='block_1_9' title="bbox 274 3082 2052 4088">
    <p class='ocr_par' dir='ltr' id='par_1_9' title="bbox 274 3082 2052 4088">
     <span class='ocr_line' id='line_1_21' title="bbox 401 3082 2045 3194; baseline -0.001 -28"><span class='ocrx_word' id='word_1_190' title='bbox 401 3086 613 3166; x_wconf 83' lang='lat' dir='ltr'><strong>Vniuersis</strong></span> <span class='ocrx_word' id='word_1_191' title='bbox 642 3100 849 3194; x_wconf 84' lang='lat' dir='ltr'><strong>presentes</strong></span> <span class='ocrx_word' id='word_1_192' title='bbox 878 3085 1031 3166; x_wconf 77' lang='lat' dir='ltr'><strong>litteras</strong></span> <span class='ocrx_word' id='word_1_193' title='bbox 1055 3084 1199 3164; x_wconf 87' lang='lat' dir='ltr'><strong>visuris</strong></span> <span class='ocrx_word' id='word_1_194' title='bbox 1221 3084 1285 3163; x_wconf 88' lang='lat' dir='ltr'><strong>uel</strong></span> <span class='ocrx_word' id='word_1_195' title='bbox 1318 3082 1528 3182; x_wconf 79' lang='lat' dir='ltr'><strong>audituris,</strong></span> <span class='ocrx_word' id='word_1_196' title='bbox 1557 3085 1706 3165; x_wconf 85' lang='lat' dir='ltr'><strong>Emcus</strong></span> <span class='ocrx_word' id='word_1_197' title='bbox 1736 3104 1777 3166; x_wconf 88' lang='lat' dir='ltr'><strong>et</strong></span> <span class='ocrx_word' id='word_1_198' title='bbox 1810 3103 2045 3166; x_wconf 70' lang='lat' dir='ltr'><strong>utstnsurrus</strong></span> 
     </span>
     <span class='ocr_line' id='line_1_22' title="bbox 292 3191 2045 3307; baseline -0.003 -29"><span class='ocrx_word' id='word_1_199' title='bbox 292 3198 357 3278; x_wconf 92' lang='lat' dir='ltr'><strong>dei</strong></span> <span class='ocrx_word' id='word_1_200' title='bbox 387 3201 517 3302; x_wconf 84' lang='lat' dir='ltr'><strong>gracia</strong></span> <span class='ocrx_word' id='word_1_201' title='bbox 548 3194 672 3276; x_wconf 89' lang='lat' dir='ltr'><strong>duces</strong></span> <span class='ocrx_word' id='word_1_202' title='bbox 698 3223 917 3290; x_wconf 90' lang='lat' dir='ltr'><strong>sweorum,</strong></span> <span class='ocrx_word' id='word_1_203' title='bbox 944 3194 1111 3276; x_wconf 89' lang='lat' dir='ltr'><strong>salutern</strong></span> <span class='ocrx_word' id='word_1_204' title='bbox 1144 3197 1184 3275; x_wconf 91' lang='lat' dir='ltr'><strong>in</strong></span> <span class='ocrx_word' id='word_1_205' title='bbox 1215 3191 1380 3274; x_wconf 92' lang='lat' dir='ltr'><strong>domino</strong></span> <span class='ocrx_word' id='word_1_206' title='bbox 1409 3199 1711 3304; x_wconf 88' lang='lat' dir='ltr'><strong>sempiternam,</strong></span> <span class='ocrx_word' id='word_1_207' title='bbox 1757 3197 1818 3277; x_wconf 92' lang='lat' dir='ltr'><strong>Ne</strong></span> <span class='ocrx_word' id='word_1_208' title='bbox 1848 3197 1950 3307; x_wconf 91' lang='lat' dir='ltr'><strong>quod</strong></span> <span class='ocrx_word' id='word_1_209' title='bbox 1975 3195 2045 3274; x_wconf 88' lang='lat' dir='ltr'><strong>reri·</strong></span> 
     </span>
     <span class='ocr_line' id='line_1_23' title="bbox 292 3305 2044 3416; baseline -0.001 -31"><span class='ocrx_word' id='word_1_210' title='bbox 292 3327 353 3386; x_wconf 88' lang='lat' dir='ltr'><strong>tas</strong></span> <span class='ocrx_word' id='word_1_211' title='bbox 383 3307 606 3416; x_wconf 83' lang='lat' dir='ltr'><strong>approbat,</strong></span> <span class='ocrx_word' id='word_1_212' title='bbox 634 3335 656 3386; x_wconf 85' lang='lat' dir='ltr'><strong>a</strong></span> <span class='ocrx_word' id='word_1_213' title='bbox 687 3309 859 3416; x_wconf 88' lang='lat' dir='ltr'><strong>posteris</strong></span> <span class='ocrx_word' id='word_1_214' title='bbox 887 3306 1072 3387; x_wconf 89' lang='lat' dir='ltr'><strong>trahatur</strong></span> <span class='ocrx_word' id='word_1_215' title='bbox 1101 3309 1142 3384; x_wconf 91' lang='lat' dir='ltr'><strong>in</strong></span> <span class='ocrx_word' id='word_1_216' title='bbox 1174 3305 1362 3401; x_wconf 90' lang='lat' dir='ltr'><strong>dubium,</strong></span> <span class='ocrx_word' id='word_1_217' title='bbox 1404 3309 1535 3404; x_wconf 78' lang='lat' dir='ltr'><strong>vinoci</strong></span> <span class='ocrx_word' id='word_1_218' title='bbox 1577 3307 1679 3388; x_wconf 91' lang='lat' dir='ltr'><strong>solet</strong></span> <span class='ocrx_word' id='word_1_219' title='bbox 1722 3308 1940 3389; x_wconf 89' lang='lat' dir='ltr'><strong>litterarum</strong></span> <span class='ocrx_word' id='word_1_220' title='bbox 1966 3307 2044 3386; x_wconf 87' lang='lat' dir='ltr'><strong>testi·</strong></span> 
     </span>
     <span class='ocr_line' id='line_1_24' title="bbox 294 3415 2047 3529; baseline -0.001 -33"><span class='ocrx_word' id='word_1_221' title='bbox 294 3420 428 3498; x_wconf 91' lang='lat' dir='ltr'><strong>monio</strong></span> <span class='ocrx_word' id='word_1_222' title='bbox 459 3419 718 3526; x_wconf 88' lang='lat' dir='ltr'><strong>perbennari‚</strong></span> <span class='ocrx_word' id='word_1_223' title='bbox 755 3420 951 3500; x_wconf 90' lang='lat' dir='ltr'><strong>Constare</strong></span> <span class='ocrx_word' id='word_1_224' title='bbox 979 3416 1166 3497; x_wconf 84' lang='lat' dir='ltr'><strong>volumus</strong></span> <span class='ocrx_word' id='word_1_225' title='bbox 1208 3417 1333 3523; x_wconf 84' lang='lat' dir='ltr'><strong>igitur</strong></span> <span class='ocrx_word' id='word_1_226' title='bbox 1375 3420 1563 3500; x_wconf 89' lang='lat' dir='ltr'><strong>omnibus</strong></span> <span class='ocrx_word' id='word_1_227' title='bbox 1592 3415 1817 3517; x_wconf 88' lang='lat' dir='ltr'><strong>euidenter,</strong></span> <span class='ocrx_word' id='word_1_228' title='bbox 1845 3417 1948 3529; x_wconf 92' lang='lat' dir='ltr'><strong>quod</strong></span> <span class='ocrx_word' id='word_1_229' title='bbox 1973 3416 2047 3497; x_wconf 88' lang='lat' dir='ltr'><strong>lleli·</strong></span> 
     </span>
     <span class='ocr_line' id='line_1_25' title="bbox 293 3521 2046 3638; baseline -0.002 -29"><span class='ocrx_word' id='word_1_230' title='bbox 293 3532 415 3634; x_wconf 85' lang='lat' dir='ltr'><strong>giosis</strong></span> <span class='ocrx_word' id='word_1_231' title='bbox 445 3531 628 3636; x_wconf 83' lang='lat' dir='ltr'><strong>personis</strong></span> <span class='ocrx_word' id='word_1_232' title='bbox 655 3545 697 3608; x_wconf 88' lang='lat' dir='ltr'><strong>et</strong></span> <span class='ocrx_word' id='word_1_233' title='bbox 725 3529 921 3625; x_wconf 73' lang='lat' dir='ltr'><strong>honestis,</strong></span> <span class='ocrx_word' id='word_1_234' title='bbox 943 3525 1105 3608; x_wconf 88' lang='lat' dir='ltr'><strong>dominc</strong></span> <span class='ocrx_word' id='word_1_235' title='bbox 1133 3526 1330 3608; x_wconf 85' lang='lat' dir='ltr'><strong>abbatisse</strong></span> <span class='ocrx_word' id='word_1_236' title='bbox 1359 3529 1401 3609; x_wconf 89' lang='lat' dir='ltr'><strong>in</strong></span> <span class='ocrx_word' id='word_1_237' title='bbox 1431 3529 1674 3638; x_wconf 82' lang='lat' dir='ltr'><strong>Risaebaergh</strong></span> <span class='ocrx_word' id='word_1_238' title='bbox 1701 3548 1743 3611; x_wconf 88' lang='lat' dir='ltr'><strong>et</strong></span> <span class='ocrx_word' id='word_1_239' title='bbox 1764 3531 1973 3612; x_wconf 88' lang='lat' dir='ltr'><strong>conuentui</strong></span> <span class='ocrx_word' id='word_1_240' title='bbox 1996 3521 2046 3607; x_wconf 91' lang='lat' dir='ltr'><strong>ibi·</strong></span> 
     </span>
     <span class='ocr_line' id='line_1_26' title="bbox 293 3637 2047 3752; baseline -0.001 -33"><span class='ocrx_word' id='word_1_241' title='bbox 293 3639 405 3736; x_wconf 83' lang='lat' dir='ltr'><strong>dem,</strong></span> <span class='ocrx_word' id='word_1_242' title='bbox 435 3641 598 3720; x_wconf 88' lang='lat' dir='ltr'><strong>Curiam</strong></span> <span class='ocrx_word' id='word_1_243' title='bbox 627 3657 814 3720; x_wconf 90' lang='lat' dir='ltr'><strong>nostram.</strong></span> <span class='ocrx_word' id='word_1_244' title='bbox 844 3637 1011 3738; x_wconf 67' lang='lat' dir='ltr'><strong>Elraebir.</strong></span> <span class='ocrx_word' id='word_1_245' title='bbox 1042 3666 1134 3720; x_wconf 90' lang='lat' dir='ltr'><strong>cum</strong></span> <span class='ocrx_word' id='word_1_246' title='bbox 1163 3637 1371 3736; x_wconf 82' lang='lat' dir='ltr'><strong>domibus,</strong></span> <span class='ocrx_word' id='word_1_247' title='bbox 1399 3643 1524 3750; x_wconf 85' lang='lat' dir='ltr'><strong>agris,</strong></span> <span class='ocrx_word' id='word_1_248' title='bbox 1567 3644 1714 3750; x_wconf 90' lang='lat' dir='ltr'><strong>pratis,</strong></span> <span class='ocrx_word' id='word_1_249' title='bbox 1760 3645 1932 3752; x_wconf 85' lang='lat' dir='ltr'><strong>pascuis,</strong></span> <span class='ocrx_word' id='word_1_250' title='bbox 1957 3639 2047 3731; x_wconf 88' lang='lat' dir='ltr'><strong>siluis,</strong></span> 
     </span>
     <span class='ocr_line' id='line_1_27' title="bbox 293 3745 2050 3862; baseline -0.003 -31"><span class='ocrx_word' id='word_1_251' title='bbox 293 3751 553 3846; x_wconf 82' lang='lat' dir='ltr'><strong>molendinis,</strong></span> <span class='ocrx_word' id='word_1_252' title='bbox 581 3750 781 3859; x_wconf 84' lang='lat' dir='ltr'><strong>piscarijs,</strong></span> <span class='ocrx_word' id='word_1_253' title='bbox 808 3767 851 3832; x_wconf 89' lang='lat' dir='ltr'><strong>et</strong></span> <span class='ocrx_word' id='word_1_254' title='bbox 877 3750 1021 3832; x_wconf 78' lang='lat' dir='ltr'><strong>&#39;ceteris</strong></span> <span class='ocrx_word' id='word_1_255' title='bbox 1054 3751 1312 3859; x_wconf 87' lang='lat' dir='ltr'><strong>pertinencijs</strong></span> <span class='ocrx_word' id='word_1_256' title='bbox 1341 3753 1445 3834; x_wconf 90' lang='lat' dir='ltr'><strong>intra</strong></span> <span class='ocrx_word' id='word_1_257' title='bbox 1476 3780 1590 3862; x_wconf 91' lang='lat' dir='ltr'><strong>sepes</strong></span> <span class='ocrx_word' id='word_1_258' title='bbox 1619 3769 1661 3834; x_wconf 89' lang='lat' dir='ltr'><strong>et</strong></span> <span class='ocrx_word' id='word_1_259' title='bbox 1696 3772 1836 3851; x_wconf 78' lang='lat' dir='ltr'><strong>extra,</strong></span> <span class='ocrx_word' id='word_1_260' title='bbox 1878 3753 1982 3862; x_wconf 86' lang='lat' dir='ltr'><strong>longe</strong></span> <span class='ocrx_word' id='word_1_261' title='bbox 2004 3745 2050 3830; x_wconf 84' lang='lat' dir='ltr'><strong>uel</strong></span> 
     </span>
     <span class='ocr_line' id='line_1_28' title="bbox 274 3861 2052 3974; baseline -0.003 -30"><span class='ocrx_word' id='word_1_262' title='bbox 274 3891 423 3973; x_wconf 32' lang='lat' dir='ltr'><strong>,prope</strong></span> <span class='ocrx_word' id='word_1_263' title='bbox 451 3865 593 3973; x_wconf 89' lang='lat' dir='ltr'><strong>positis</strong></span> <span class='ocrx_word' id='word_1_264' title='bbox 620 3863 762 3944; x_wconf 87' lang='lat' dir='ltr'><strong>damus</strong></span> <span class='ocrx_word' id='word_1_265' title='bbox 789 3879 832 3942; x_wconf 88' lang='lat' dir='ltr'><strong>et</strong></span> <span class='ocrx_word' id='word_1_266' title='bbox 873 3861 1069 3944; x_wconf 86' lang='lat' dir='ltr'><strong>tradimus</strong></span> <span class='ocrx_word' id='word_1_267' title='bbox 1099 3867 1140 3943; x_wconf 92' lang='lat' dir='ltr'><strong>in</strong></span> <span class='ocrx_word' id='word_1_268' title='bbox 1171 3881 1413 3973; x_wconf 84' lang='lat' dir='ltr'><strong>perpetuum</strong></span> <span class='ocrx_word' id='word_1_269' title='bbox 1457 3863 1764 3974; x_wconf 87' lang='lat' dir='ltr'><strong>possidendam,</strong></span> <span class='ocrx_word' id='word_1_270' title='bbox 1807 3865 2052 3946; x_wconf 85' lang='lat' dir='ltr'><strong>transferentes</strong></span> 
     </span>
     <span class='ocr_line' id='line_1_29' title="bbox 293 3971 2050 4088; baseline -0.003 -32"><span class='ocrx_word' id='word_1_271' title='bbox 293 3981 333 4056; x_wconf 91' lang='lat' dir='ltr'><strong>in</strong></span> <span class='ocrx_word' id='word_1_272' title='bbox 364 3978 490 4084; x_wconf 89' lang='lat' dir='ltr'><strong>ipsam</strong></span> <span class='ocrx_word' id='word_1_273' title='bbox 519 3973 723 4056; x_wconf 90' lang='lat' dir='ltr'><strong>dominam</strong></span> <span class='ocrx_word' id='word_1_274' title='bbox 758 3973 998 4056; x_wconf 79' lang='lat' dir='ltr'><strong>abbatissam</strong></span> <span class='ocrx_word' id='word_1_275' title='bbox 1029 3991 1069 4053; x_wconf 90' lang='lat' dir='ltr'><strong>et</strong></span> <span class='ocrx_word' id='word_1_276' title='bbox 1098 3995 1345 4057; x_wconf 90' lang='lat' dir='ltr'><strong>conuentum</strong></span> <span class='ocrx_word' id='word_1_277' title='bbox 1373 3975 1572 4072; x_wconf 89' lang='lat' dir='ltr'><strong>eiusdem,</strong></span> <span class='ocrx_word' id='word_1_278' title='bbox 1616 3975 1784 4084; x_wconf 89' lang='lat' dir='ltr'><strong>plenum</strong></span> <span class='ocrx_word' id='word_1_279' title='bbox 1832 3971 2050 4088; x_wconf 86' lang='lat' dir='ltr'><strong>proprietatis</strong></span> 
     </span>
    </p>
   </div>
   <div class='ocr_carea' id='block_1_10' title="bbox 160 4081 2051 4196">
    <p class='ocr_par' dir='ltr' id='par_1_10' title="bbox 160 4081 2051 4196">
     <span class='ocr_line' id='line_1_30' title="bbox 160 4081 2051 4196; baseline -0.001 -33"><span class='ocrx_word' id='word_1_280' title='bbox 160 4155 165 4163; x_wconf 87' lang='lat'><em>.</em></span> <span class='ocrx_word' id='word_1_281' title='bbox 292 4089 375 4185; x_wconf 87' lang='lat' dir='ltr'><strong>ius,</strong></span> <span class='ocrx_word' id='word_1_282' title='bbox 405 4103 446 4166; x_wconf 89' lang='lat' dir='ltr'><strong>et</strong></span> <span class='ocrx_word' id='word_1_283' title='bbox 476 4087 736 4195; x_wconf 88' lang='lat' dir='ltr'><strong>possessionis</strong></span> <span class='ocrx_word' id='word_1_284' title='bbox 763 4085 1005 4177; x_wconf 90' lang='lat' dir='ltr'><strong>dominium,</strong></span> <span class='ocrx_word' id='word_1_285' title='bbox 1044 4102 1305 4171; x_wconf 86' lang='lat' dir='ltr'><strong>memoratam</strong></span> <span class='ocrx_word' id='word_1_286' title='bbox 1348 4087 1502 4174; x_wconf 91' lang='lat' dir='ltr'><strong>curiam</strong></span> <span class='ocrx_word' id='word_1_287' title='bbox 1529 4085 1777 4196; x_wconf 89' lang='lat' dir='ltr'><strong>occupandi,</strong></span> <span class='ocrx_word' id='word_1_288' title='bbox 1821 4081 2051 4174; x_wconf 88' lang='lat' dir='ltr'><strong>inhabitandi,</strong></span> 
     </span>
    </p>
   </div>
   <div class='ocr_carea' id='block_1_11' title="bbox 291 4193 2054 4529">
    <p class='ocr_par' dir='ltr' id='par_1_11' title="bbox 291 4193 2054 4529">
     <span class='ocr_line' id='line_1_31' title="bbox 291 4193 2051 4308; baseline -0.004 -30"><span class='ocrx_word' id='word_1_289' title='bbox 291 4196 514 4293; x_wconf 83' lang='lat' dir='ltr'><strong>vendendi,</strong></span> <span class='ocrx_word' id='word_1_290' title='bbox 555 4195 756 4292; x_wconf 89' lang='lat' dir='ltr'><strong>donandi,</strong></span> <span class='ocrx_word' id='word_1_291' title='bbox 797 4195 1091 4292; x_wconf 89' lang='lat' dir='ltr'><strong>commutandi,</strong></span> <span class='ocrx_word' id='word_1_292' title='bbox 1127 4213 1168 4278; x_wconf 89' lang='lat' dir='ltr'><strong>et</strong></span> <span class='ocrx_word' id='word_1_293' title='bbox 1196 4223 1446 4308; x_wconf 87' lang='lat' dir='ltr'><strong>quocunque</strong></span> <span class='ocrx_word' id='word_1_294' title='bbox 1492 4195 1615 4280; x_wconf 90' lang='lat' dir='ltr'><strong>modo</strong></span> <span class='ocrx_word' id='word_1_295' title='bbox 1657 4198 1863 4282; x_wconf 81' lang='lat' dir='ltr'><strong>voluerint</strong></span> <span class='ocrx_word' id='word_1_296' title='bbox 1902 4225 1970 4308; x_wconf 92' lang='lat' dir='ltr'><strong>pro</strong></span> <span class='ocrx_word' id='word_1_297' title='bbox 1993 4193 2051 4273; x_wconf 84' lang='lat' dir='ltr'><strong>suis</strong></span> 
     </span>
     <span class='ocr_line' id='line_1_32' title="bbox 291 4307 2052 4418; baseline 0 -30"><span class='ocrx_word' id='word_1_298' title='bbox 291 4311 429 4390; x_wconf 86' lang='lat' dir='ltr'><strong>vsibns</strong></span> <span class='ocrx_word' id='word_1_299' title='bbox 458 4307 696 4404; x_wconf 91' lang='lat' dir='ltr'><strong>ordinandi,</strong></span> <span class='ocrx_word' id='word_1_300' title='bbox 723 4307 858 4390; x_wconf 88' lang='lat' dir='ltr'><strong>ablata</strong></span> <span class='ocrx_word' id='word_1_301' title='bbox 888 4310 1027 4404; x_wconf 88' lang='lat' dir='ltr'><strong>nobis,</strong></span> <span class='ocrx_word' id='word_1_302' title='bbox 1065 4311 1293 4418; x_wconf 90' lang='lat' dir='ltr'><strong>nostrisque</strong></span> <span class='ocrx_word' id='word_1_303' title='bbox 1324 4307 1542 4392; x_wconf 90' lang='lat' dir='ltr'><strong>heredibus</strong></span> <span class='ocrx_word' id='word_1_304' title='bbox 1569 4311 1680 4391; x_wconf 89' lang='lat' dir='ltr'><strong>omni</strong></span> <span class='ocrx_word' id='word_1_305' title='bbox 1723 4310 1931 4406; x_wconf 84' lang='lat' dir='ltr'><strong>facultate,</strong></span> <span class='ocrx_word' id='word_1_306' title='bbox 1969 4330 2052 4415; x_wconf 79' lang='lat' dir='ltr'><strong>sepe</strong></span> 
     </span>
     <span class='ocr_line' id='line_1_33' title="bbox 292 4415 2054 4529; baseline -0.004 -29"><span class='ocrx_word' id='word_1_307' title='bbox 292 4419 440 4502; x_wconf 89' lang='lat' dir='ltr'><strong>dictam</strong></span> <span class='ocrx_word' id='word_1_308' title='bbox 470 4422 643 4515; x_wconf 89' lang='lat' dir='ltr'><strong>curiam,</strong></span> <span class='ocrx_word' id='word_1_309' title='bbox 671 4419 755 4501; x_wconf 86' lang='lat' dir='ltr'><strong>vllo</strong></span> <span class='ocrx_word' id='word_1_310' title='bbox 783 4445 961 4529; x_wconf 84' lang='lat' dir='ltr'><strong>vnqnam</strong></span> <span class='ocrx_word' id='word_1_311' title='bbox 993 4420 1298 4501; x_wconf 86' lang='lat' dir='ltr'><strong>adinuencionis</strong></span> <span class='ocrx_word' id='word_1_312' title='bbox 1327 4420 1494 4528; x_wconf 82' lang='lat' dir='ltr'><strong>ingenio</strong></span> <span class='ocrx_word' id='word_1_313' title='bbox 1522 4420 1753 4504; x_wconf 87' lang='lat' dir='ltr'><strong>reuocandi.</strong></span> <span class='ocrx_word' id='word_1_314' title='bbox 1786 4427 1862 4504; x_wconf 66' lang='lat' dir='ltr'><strong>-Jn</strong></span> <span class='ocrx_word' id='word_1_315' title='bbox 1889 4422 1990 4503; x_wconf 88' lang='lat' dir='ltr'><strong>cuius</strong></span> <span class='ocrx_word' id='word_1_316' title='bbox 2012 4415 2054 4495; x_wconf 90' lang='lat' dir='ltr'><strong>rei</strong></span> 
     </span>
    </p>
   </div>
   <div class='ocr_carea' id='block_1_12' title="bbox 152 4530 2053 4644">
    <p class='ocr_par' dir='ltr' id='par_1_12' title="bbox 152 4530 2053 4644">
     <span class='ocr_line' id='line_1_34' title="bbox 152 4530 2053 4644; baseline -0.002 -34"><span class='ocrx_word' id='word_1_317' title='bbox 152 4605 158 4610; x_wconf 88' lang='lat'>.</span> <span class='ocrx_word' id='word_1_318' title='bbox 293 4535 540 4614; x_wconf 90' lang='lat' dir='ltr'><strong>enidenciam</strong></span> <span class='ocrx_word' id='word_1_319' title='bbox 567 4532 697 4640; x_wconf 85' lang='lat' dir='ltr'><strong>sigilla</strong></span> <span class='ocrx_word' id='word_1_320' title='bbox 727 4546 863 4610; x_wconf 91' lang='lat' dir='ltr'><strong>nostra</strong></span> <span class='ocrx_word' id='word_1_321' title='bbox 900 4530 1157 4638; x_wconf 87' lang='lat' dir='ltr'><strong>presentibus</strong></span> <span class='ocrx_word' id='word_1_322' title='bbox 1185 4547 1278 4611; x_wconf 89' lang='lat' dir='ltr'><strong>sunt</strong></span> <span class='ocrx_word' id='word_1_323' title='bbox 1306 4559 1496 4640; x_wconf 82' lang='lat' dir='ltr'><strong>appensa.</strong></span> <span class='ocrx_word' id='word_1_324' title='bbox 1552 4533 1700 4613; x_wconf 88' lang='lat' dir='ltr'><strong>Datum</strong></span> <span class='ocrx_word' id='word_1_325' title='bbox 1730 4534 1935 4644; x_wconf 72' lang='lat' dir='ltr'><strong>Haelghpp.</strong></span> <span class='ocrx_word' id='word_1_326' title='bbox 1972 4550 2053 4610; x_wconf 88' lang='lat' dir='ltr'><strong>anno</strong></span> 
     </span>
    </p>
   </div>
   <div class='ocr_carea' id='block_1_13' title="bbox 294 4639 2052 4988">
    <p class='ocr_par' dir='ltr' id='par_1_13' title="bbox 294 4639 2052 4988">
     <span class='ocr_line' id='line_1_35' title="bbox 294 4639 2052 4753; baseline -0.005 -29"><span class='ocrx_word' id='word_1_327' title='bbox 294 4641 446 4726; x_wconf 89' lang='lat' dir='ltr'><strong>domini</strong></span> <span class='ocrx_word' id='word_1_328' title='bbox 475 4645 558 4726; x_wconf 77' lang='grc' dir='ltr'><strong>Μ’.</strong></span> <span class='ocrx_word' id='word_1_329' title='bbox 587 4642 847 4726; x_wconf 85' lang='lat' dir='ltr'><strong>ccc⁰.vt1·.</strong></span> <span class='ocrx_word' id='word_1_330' title='bbox 876 4643 919 4722; x_wconf 91' lang='lat' dir='ltr'><strong>in</strong></span> <span class='ocrx_word' id='word_1_331' title='bbox 947 4643 1124 4723; x_wconf 87' lang='lat' dir='ltr'><strong>secunda</strong></span> <span class='ocrx_word' id='word_1_332' title='bbox 1154 4641 1250 4724; x_wconf 82' lang='lat' dir='ltr'><strong>feria</strong></span> <span class='ocrx_word' id='word_1_333' title='bbox 1282 4643 1464 4752; x_wconf 83' lang='lat' dir='ltr'><strong>proxima</strong></span> <span class='ocrx_word' id='word_1_334' title='bbox 1495 4659 1587 4753; x_wconf 89' lang='lat' dir='ltr'><strong>post</strong></span> <span class='ocrx_word' id='word_1_335' title='bbox 1614 4644 1858 4730; x_wconf 89' lang='lat' dir='ltr'><strong>dominicam</strong></span> <span class='ocrx_word' id='word_1_336' title='bbox 1887 4639 2052 4726; x_wconf 86' lang='lat' dir='ltr'><strong>trinitatis</strong></span> 
     </span>
     <span class='ocr_line' id='line_1_36' title="bbox 878 4783 1928 4870; baseline 0.001 -20"><span class='ocrx_word' id='word_1_337' title='bbox 878 4783 925 4850; x_wconf 73' lang='lat' dir='ltr'><strong>Pe</strong></span> <span class='ocrx_word' id='word_1_338' title='bbox 933 4783 1131 4868; x_wconf 68' lang='lat' dir='ltr'><strong>frontum.-</strong></span> <span class='ocrx_word' id='word_1_339' title='bbox 1157 4787 1274 4848; x_wconf 82' lang='lat' dir='ltr'><strong>Littera</strong></span> <span class='ocrx_word' id='word_1_340' title='bbox 1295 4805 1387 4870; x_wconf 78' lang='lat' dir='ltr'><strong>super</strong></span> <span class='ocrx_word' id='word_1_341' title='bbox 1403 4783 1506 4850; x_wconf 67' lang='lat' dir='ltr'><strong>steht.</strong></span> <span class='ocrx_word' id='word_1_342' title='bbox 1922 4797 1928 4806; x_wconf 85' lang='lat'><strong><em>&#39;</em></strong></span> 
     </span>
     <span class='ocr_line' id='line_1_37' title="bbox 625 4895 1759 4988; baseline 0.004 -29"><span class='ocrx_word' id='word_1_343' title='bbox 625 4895 745 4983; x_wconf 68' lang='lat' dir='ltr'><strong>ugttter</strong></span> <span class='ocrx_word' id='word_1_344' title='bbox 767 4901 828 4963; x_wconf 79' lang='lat' dir='ltr'><strong>lito</strong></span> <span class='ocrx_word' id='word_1_345' title='bbox 851 4919 863 4961; x_wconf 89' lang='lat' dir='ltr'><strong>r</strong></span> <span class='ocrx_word' id='word_1_346' title='bbox 889 4899 1015 4984; x_wconf 68' lang='lat' dir='ltr'><strong>myolet</strong></span> <span class='ocrx_word' id='word_1_347' title='bbox 1035 4897 1186 4978; x_wconf 75' lang='lat' dir='ltr'><strong>skadnd13</strong></span> <span class='ocrx_word' id='word_1_348' title='bbox 1206 4897 1266 4961; x_wconf 78' lang='lat' dir='ltr'><strong>Nto</strong></span> <span class='ocrx_word' id='word_1_349' title='bbox 1289 4918 1310 4962; x_wconf 78' lang='lat' dir='ltr'><strong>a</strong></span> <span class='ocrx_word' id='word_1_350' title='bbox 1330 4899 1507 4980; x_wconf 81' lang='lat' dir='ltr'><strong>bortssllct,</strong></span> <span class='ocrx_word' id='word_1_351' title='bbox 1531 4919 1649 4964; x_wconf 83' lang='lat' dir='ltr'><strong>remsan</strong></span> <span class='ocrx_word' id='word_1_352' title='bbox 1670 4922 1759 4988; x_wconf 74' lang='lat' dir='ltr'><strong>qur.</strong></span> 
     </span>
    </p>
   </div>
   <div class='ocr_carea' id='block_1_14' title="bbox 0 0 2168 5972">
    <p class='ocr_par' dir='ltr' id='par_1_14' title="bbox 0 0 2168 5972">
     <span class='ocr_line' id='line_1_38' title="bbox 0 0 2168 5972; baseline 0 0"><span class='ocrx_word' id='word_1_353' title='bbox 0 0 2168 5972; x_wconf 95' lang='lat' dir='ltr'><strong> </strong></span> 
     </span>
    </p>
   </div>
  </div>
 </body>
</html>
