4317 5975
988 334 1043 355 ...
1156 291 1238 387 ‘446
1312 322 1407 353 t.-

297 534 574 602 cousecratum
603 533 664 600 est
691 516 833 621 altare
843 512 887 622 jn
915 516 1075 597 bonore
1100 513 1325 596 beatissime
1368 509 1494 592 blaric
1537 509 1724 618 virginis,
1752 524 1793 591 ct
1818 514 1931 593 sancti
1953 518 2031 602 lliao

299 634 349 713 lai
377 631 559 738 episcopi
587 645 629 709 et
660 627 901 713 confessoris
942 630 993 709 Et
1022 628 1141 707 Reate
1176 625 1372 705 Katerine
1403 623 1573 731 virginis
1600 638 1641 705 et
1671 622 1870 721 martiris,
1895 654 1915 705 a
1938 654 2033 738 supra.

295 741 427 838 dicto,
456 740 687 821 Venerabili
719 758 851 848 patre,
892 743 1067 821 Domino
1096 739 1161 818 .N.
1187 736 1324 819 diuina
1354 733 1616 844 prouidencia
1650 735 1938 846 archiepiscopo
1958 770 2036 850 ipa.

298 854 414 950 lensi,
444 856 506 933 Ad
537 850 820 931 fundacionem
851 854 965 933 istius
1000 850 1165 944 domus,
1208 849 1404 929 Dominus
1447 848 1617 955 Magnus
1652 846 1835 957 jansson,
1877 849 1965 931 bone
1986 882 2036 936 ue

297 968 445 1061 morie,
473 979 513 1045 et
543 964 740 1042 Dominus
771 963 933 1045 karolus
964 958 1237 1051 Herlendsson
1277 958 1400 1040 felicis
1445 959 1742 1041 recordacionis
1770 959 1973 1042 Canonicos
1992 994 2039 1074 tp·

296 1078 477 1168 salensis,
506 1074 652 1183 Primj,
695 1076 828 1185 aliqua
873 1074 1010 1183 predia
1053 1072 1318 1154 contulerunt
1362 1100 1441 1181 que
1484 1072 1630 1178 partim
1675 1088 1895 1180 permutata
1921 1082 2039 1157 suntin

296 1188 385 1268 loca
415 1187 689 1294 infrascripta,
719 1190 767 1265 ln
799 1181 936 1294 Hagbi
962 1185 1062 1267 duas
1090 1212 1183 1267 oras
1209 1204 1317 1267 terre
1344 1212 1435 1265 cum
1465 1180 1648 1279 dimidia,
1694 1187 1743 1265 ln
1772 1184 1917 1281 strobi.
1942 1188 2040 1294 viginti

297 1299 502 1392 denarios,
531 1301 583 1377 ln
615 1297 792 1395 Haeslibir
820 1298 919 1378 Tres
947 1325 1040 1377 oras
1067 1313 1193 1391 terre,
1231 1299 1282 1375 ln
1313 1292 1500 1400 bergbbir
1529 1296 1712 1405 quinque
1740 1296 1887 1377 solidos
1912 1297 2043 1379 oumdi

292 1396 440 1503 inidio,
474 1412 574 1489 Jtem
606 1411 645 1487 in
676 1438 853 1518 graenum
896 1426 990 1489 octo
1025 1406 1179 1488 solidos
1216 1422 1347 1487 terre*
1393 1409 1441 1485 ln
1473 1406 1680 1486 Brunnum
1724 1404 1901 1487 vndeoim
1938 1409 2043 1491 solidos

295 1540 422 1615 terre,
451 1523 502 1600 ln
532 1520 788 1601 adbulustum
816 1537 994 1629 quatuor
1022 1518 1174 1600 solidos
1202 1546 1292 1599 cum
1323 1517 1510 1615 dimidio,
1553 1520 1605 1598 Jn
1633 1518 1823 1598 Faxstum
1853 1546 1963 1599 vnum
1982 1521 2045 1601 soli·

295 1633 392 1714 dum
422 1649 538 1711 terre.
568 1636 618 1711 ln
648 1632 755 1713 lterri
786 1661 903 1711 ruam
933 1656 1043 1729 oram
1073 1646 1181 1710 terre
1224 1631 1276 1708 Et
1313 1629 1408 1741 quia
1449 1655 1559 1726 non,
1595 1629 1742 1709 sufficit
1773 1628 1881 1711 vtilia
1908 1646 1944 1709 et
1967 1635 2045 1712 ueri·

158 1787 163 1798 ·
295 1747 399 1826 toria
429 1733 639 1840 inchoare,
681 1745 755 1823 nisi
788 1742 957 1851 prouida
994 1742 1262 1853 disposicione
1306 1756 1498 1821 curentur
1542 1741 1583 1819 in
1627 1742 1735 1822 hono
1765 1744 1995 1838 conseruari,
2023 1762 2047 1823 et

295 1856 434 1966 augeri
462 1854 623 1935 valeant
653 1855 859 1950 inchoata,
888 1856 1071 1950 Jdcirco,
1101 1870 1146 1932 vt
1175 1881 1246 1961 per
1277 1853 1494 1935 multorum
1539 1854 1721 1947 consilia,
1762 1884 1810 1933 ac
1832 1852 2048 1949 subsidias

295 1994 519 2079 pauperum
547 1985 742 2073 augeatur
769 1969 1035 2062 sustentacio,
1064 1982 1106 2043 et
1135 1964 1241 2047 dicte
1270 1966 1412 2045 domus
1442 1966 1622 2071 prouisio
1672 1963 1810 2045 vtilius
1840 1983 2048 2073 procuretur,

294 2080 527 2161 ordinatum
557 2072 637 2171 est,
672 2078 781 2187 quod
813 2077 922 2185 apud
951 2078 1114 2157 domum
1146 2075 1213 2184 dej
1256 2078 1391 2185 sepius
1429 2079 1675 2157 nominatam
1705 2077 1879 2186 quedam
1919 2104 2050 2157 commu

294 2194 397 2272 nitas
424 2207 466 2270 et
494 2189 727 2269 fraternitas
756 2189 888 2286 lieret,
933 2217 1006 2297 per
1040 2216 1163 2299 quam
1205 2192 1505 2269 constituantur
1533 2206 1574 2269 et
1602 2188 1852 2297 deputentur
1879 2188 1969 2268 Tres
1992 2215 2049 2295 per·

292 2332 391 2383 sone
419 2302 568 2383 deuote
596 2317 638 2379 et
665 2301 853 2397 discrete,
884 2300 1069 2381 videlicet
1098 2299 1181 2380 duo
1200 2300 1377 2391 Clerici,
1422 2316 1462 2380 et
1490 2327 1592 2381 vnus
1621 2302 1777 2400 lai-cus,
1820 2301 1891 2410 qui
1918 2300 2001 2379 Tres
2019 2300 2051 2377 si

292 2414 375 2494 mul
406 2411 620 2494 intendant
648 2412 755 2493 dicte
784 2412 942 2524 domuj,
971 2415 1127 2495 eteius
1157 2412 1275 2493 bonis
1303 2412 1595 2521 gubernandis,
1624 2429 1664 2492 et
1695 2440 1769 2522 pro
1791 2412 1926 2492 vsibos
1943 2436 2051 2519 paupe·

292 2553 382 2605 rum
412 2524 561 2605 utiliter
588 2523 887 2631 dispensandis,
922 2526 1005 2629 Qui
1034 2526 1158 2605 eciam
1189 2540 1288 2621 tres,
1333 2524 1394 2603 rel
1425 2522 1507 2603 diro
1535 2551 1585 2607 ex
1613 2526 1730 2635 ipsis,
1764 2526 1799 2605 si
1830 2524 1985 2604 Tercius
2005 2524 2051 2599 in·
2090 2581 2091 2591 ,

290 2633 454 2745 peditus
482 2636 624 2731 luerit,
652 2638 802 2716 Causas
832 2656 873 2717 et
900 2638 1077 2746 Negocia
1116 2635 1223 2718 dicte
1259 2635 1403 2716 domus
1431 2656 1592 2742 gerant,
1630 2662 1702 2744 per
1730 2664 1791 2731 se,
1834 2636 1896 2715 uel
1924 2630 2053 2744 parali·
2091 2668 2092 2677 ¹

291 2774 412 2857 quem
441 2747 596 2828 fidelem
627 2766 668 2827 et
697 2750 922 2829 Discretum
952 2751 1104 2845 virum,
1133 2752 1254 2860 quem
1285 2748 1488 2853 ydoneum
1506 2748 1778 2855 judicauerint
1803 2776 1880 2855 pro
1907 2743 2053 2855 predictis
2091 2764 2093 2789 ¹

291 2857 558 2967 exequendis,
586 2858 686 2938 Tres
715 2861 838 2940 eciam
871 2858 1042 2968 predicti
1084 2888 1218 2940 coram
1262 2860 1551 2940 communitate
1597 2862 1865 2941 conuiuarum
1909 2857 1956 2938 de
1991 2880 2054 2963 pro·
2093 2856 2094 2929 l

292 2970 483 3052 uentibus
512 2987 553 3050 et
579 2987 689 3051 statu
731 2970 874 3052 domus
916 2972 1037 3054 semel
1079 2973 1121 3052 in
1166 2999 1275 3053 antio
1315 2989 1547 3080 compotum
1587 2970 1760 3054 reddant
1788 2964 2055 3054 et'facinntn·
2094 3029 2095 3052 i

149 3117 154 3130 ¹
291 3085 466 3176 cionem,
502 3081 625 3186 Quod
654 3083 688 3164 si
717 3083 930 3191 collegium
959 3086 1046 3166 siue
1074 3083 1308 3164 conuiuium
1340 3080 1519 3192 predicte
1548 3083 1691 3165 domus
1719 3111 1891 3179 cessare,
1934 3079 1987 3162 vel
2009 3077 2056 3157 ad·

290 3194 478 3273 nichilari
507 3195 740 3302 contigerit,
769 3195 876 3275 dicte
905 3195 1048 3276 domus
1078 3196 1256 3302 prouisio
1280 3197 1479 3302 pertineat
1508 3195 1559 3277 ad
1590 3198 1805 3276 Dominum
1839 3194 2057 3304 rpsalensem

292 3306 449 3384 infirmi
476 3319 609 3384 autem
639 3307 862 3413 recipiendi
893 3309 932 3385 in
963 3307 1085 3388 domo
1115 3305 1179 3386 dei
1209 3308 1498 3386 contessionem
1529 3307 1579 3389 de
1612 3311 1786 3416 peccatis
1821 3309 1904 3387 suis
1930 3304 2058 3386 omnim

196 3510 203 3516 .
292 3415 442 3497 saciant
471 3416 713 3523 generalem,
744 3434 958 3527 antequam
990 3422 1032 3498 in
1061 3415 1307 3498 dictadomo
1337 3419 1599 3527 colligantur,
1627 3423 1677 3499 lu
1708 3449 1788 3528 qua
1819 3420 1946 3500 eciam
1970 3414 2060 3496 domo

149 3569 154 3574 ·
290 3527 572 3607 vniuersaliter
599 3527 749 3634 jnllrmi
773 3530 1039 3638 recipiantur,
1066 3529 1155 3610 Tali
1186 3528 1313 3608 silicet
1344 3531 1572 3612 infirmitate
1601 3531 1773 3626 detenti,
1803 3548 1848 3610 vt
1877 3526 2059 3610 solentbo·

292 3641 419 3719 mines
446 3642 714 3721 communiter
742 3639 955 3736 inlirmari,
984 3645 1162 3749 insuper
1189 3656 1386 3752 quantum
1423 3643 1634 3726 commode
1668 3643 1891 3724 seeundum
1923 3641 1992 3719 loci
2017 3661 2061 3714 ca·

144 3747 150 3756 ’
285 3752 506 3864 paritatem
534 3751 621 3830 lieri
651 3769 801 3859 potest,
835 3752 944 3832 Nulli
973 3749 1141 3835 omnino
1171 3756 1339 3862 pauperi
1376 3753 1504 3852 bono,
1544 3772 1586 3835 et
1615 3756 1798 3862 bospicio
1844 3753 1997 3864 penitus
2019 3747 2061 3825 tn-

269 3863 446 3969 ¹digenti
477 3865 733 3971 pernoctacio
761 3864 1005 3973 denegetur,
1034 3866 1253 3954 Recollecti
1283 3869 1428 3961 eciam,
1465 3893 1533 3946 seu
1564 3873 1715 3976 recepti
1743 3869 1784 3946 in
1815 3865 1923 3947 diota
1951 3863 2063 3948 domo,

291 3975 446 4072 nullum
475 3975 553 4054 sibi
579 3975 646 4083 jus
674 3976 888 4057 vendicent
917 3977 1152 4058 remanendi
1196 3977 1298 4057 vltra
1344 3977 1594 4058 voluntatem
1637 4007 1809 4086 persone
1838 4005 1918 4089 que
1945 3968 2064 4056 cotidie

291 4087 489 4166 ministrat
520 4088 766 4194 pauperibus
795 4087 964 4187 ibidem,
993 4089 1180 4170 Ceterum
1210 4087 1422 4170 elemosine
1450 4086 1492 4197 jn
1525 4091 1767 4172 victualibus
1795 4119 1878 4201 que
1906 4087 2064 4171 deserun-

290 4215 359 4276 tur
387 4196 535 4278 ibidem
568 4201 762 4278 committi
790 4197 941 4279 debent
973 4227 1153 4309 persone
1173 4202 1431 4296 ,ministranti
1459 4205 1499 4282 in
1529 4201 1635 4284 dicta
1666 4201 1788 4284 domo
1817 4191 2065 4282 distribuendo

290 4311 398 4388 inter
426 4303 625 4418 pauperes
653 4329 694 4390 et
720 4326 882 4416 egentes
909 4313 1400 4420 menradumexigenoiam·
1420 4330 1463 4393 'et
1480 4315 1765 4422 condicionem
1786 4317 1974 4422 ipsorum,
1999 4303 2063 4383 Nltl

290 4416 398 4500 lortc
424 4419 571 4530 aliquis
597 4424 680 4500 suis
698 4418 815 4501 'notis
842 4437 884 4501 et
913 4426 1155 4536 propinquis
1172 4423 1327 4534 aliquid
1345 4420 1520 4508 voluerit
1548 4425 1720 4538 speciale
1750 4425 1959 4534 impartiri,
1983 4421 2063 4498 item

290 4533 365 4640 qui
393 4533 678 4613 intromittitur
706 4533 764 4614 ad
787 4532 1111 4616 decumbendum
1140 4538 1182 4614 in
1212 4531 1352 4632 domo,
1383 4537 1462 4621 sub
1496 4538 1697 4620 bonorum
1727 4533 1991 4624 Testimonio,
2015 4549 2064 4606 res

290 4669 398 4751 quas
422 4643 543 4724 babet
573 4644 709 4726 tradat
737 4647 790 4727 ad
817 4644 1060 4728 seruandum
1091 4675 1260 4757 persone
1291 4651 1552 4746 ministranti,
1580 4669 1620 4732 et
1642 4645 1697 4729 'de
1727 4651 1826 4757 ipsis
1851 4637 2062 4757 quandolss·

292 4769 399 4851 trat,
425 4755 608 4860 ordinet,
636 4774 681 4837 vt
703 4757 807 4866 inde
833 4760 1068 4841 simonior
1096 4757 1389 4870 possit'babere
1416 4761 1863 4870 necessariase'palture
1890 4757 1930 4837 Si
1956 4768 2062 4834 autem

164 4875 169 4885 “
291 4868 465 4950 arraserit
493 4867 559 4949 uel
588 4871 858 4968 concaluerit,
882 4870 1025 4954 eadem
1053 4889 1228 4954 resumat
1256 4874 1508 4983 integraliter
1542 4902 1622 4986 que
1652 4867 1902 4958 commiserat
1927 4867 1975 4948 ad
1996 4883 2061 4944 set·
