4317 5975
768 443 1184 581 -113'-

45 650 46 655 i
101 668 240 749 racione
270 660 419 745 laboris
447 663 525 744 mei
552 689 604 742 ex
631 661 764 771 sigillo
793 663 905 771 regio
941 668 1227 770 prouenerant,
1264 662 1396 769 condo
1430 670 1471 744 8(
1506 660 1652 745 ordino
1686 666 1727 746 iu
1762 662 1874 750 hunc
1970 690 1973 694 ’

101 777 252 858 modum.
280 774 330 853 Jn
360 776 501 882 primis
530 773 620 882 lego
650 774 825 855 Ecclesie
868 774 1092 880 lincopensi
1128 781 1171 855 in
1203 805 1282 887 qua
1320 777 1445 855 eciam
1476 778 1590 886 eligo
1626 778 1887 887 sepulturam,
2030 780 2036 787 ’

78 906 210 969 ‘toturn
236 884 421 992 predium
451 883 563 994 quod
591 887 668 965 emi
698 888 741 964 in
770 886 863 965 villa
892 912 972 995 que
1001 883 1150 966 dicitur
1180 885 1278 967 lind.
1307 887 1469 969 scilicet.
1499 907 1752 997 processum
1769 892 1874 971 Mer·

97 1000 165 1083 cbis
192 996 278 1079 den.
309 1000 414 1075 item
443 996 648 1077 Monachis
675 996 725 1077 de
755 1024 946 1076 warnem.
982 1017 1113 1077 vestes
1140 1025 1255 1090 ¹meas
1290 996 1543 1106 sollempnes.
1582 1001 1735 1080 seilicet
1764 1005 1874 1087 tuni÷
1957 1065 1959 1070 -
2050 990 2054 999 ¹

96 1139 174 1193 cam.
203 1108 440 1191 surcocium.
469 1114 508 1207 8(
542 1108 696 1201 slcfam.
735 1112 774 1187 8(
803 1108 891 1209 ,vt
934 1108 1118 1189 Marchas
1160 1104 1251 1187 den.
1295 1111 1397 1187 ltem
1443 1111 1590 1190 babeo'
1610 1111 1788 1219 aschaby
1829 1116 1875 1194 in
1909 1106 1914 1135 ¹

96 1222 252 1302 claustro
280 1218 536 1299 dominarum
572 1220 772 1327 depositas
801 1220 890 1301 ΕΟ.
920 1219 1103 1299 Marchas
1131 1218 1221 1299 den.
1253 1217 1483 1328 dequibus
1512 1222 1600 1325 lego
1637 1221 1687 1303 ad
1722 1239 1876 1305 terram

93 1347 247 1413 sanctam
293 1358 370 1439 pro
418 1328 672 1410 redemeionc
710 1322 849 1411 ¹crucis
891 1356 988 1409 mec.
1022 1334 1077 1411 .C.
1122 1330 1315 1410 Marchas.
1359 1327 1494 1410 denar.
1544 1335 1648 1411 ttem
1691 1333 1774 1412 lilio
1809 1364 1874 1418 so·

94 1446 296 1536 meismes,
331 1441 430 1521 .XL.
474 1441 656 1527 Marcbas
706 1439 798 1521 den.
843 1439 894 1521 de
941 1446 1124 1547 pecunia.
1168 1438 1397 1549 supradicta
1446 1445 1550 1531 ltem
1593 1442 1771 1524 claustro
1799 1445 1874 1526 do·
1895 1510 1927 1547 „

94 1556 271 1633 minarum
324 1551 499 1659 aschaby
556 1554 636 1633 .Vl.
692 1550 887 1633 Marchas.
952 1556 1054 1633 ltem
1117 1551 1330 1631 ffratribus
1394 1550 1619 1631 Minoribus
1668 1556 1875 1665 -Lincopie

17 1737 22 1746 .
94 1666 159 1743 lll.
207 1662 391 1745 Marcbas
442 1662 492 1743 de
555 1661 694 1743 eadem
758 1665 938 1771 pecunia.
1002 1664 1175 1773 Relique
1248 1663 1377 1743 ,XL.I.
1452 1664 1615 1743 Marcbe
1684 1660 1875 1748 ordinen-

92 1794 146 1856 tur
186 1801 258 1884 pro
309 1778 439 1853 anima
486 1801 572 1856 mea
614 1780 652 1854 8(
696 1774 879 1885 exequijs
923 1803 996 1882 per
1031 1774 1241 1854 dominum
1276 1775 1582 1881 Lineopeusem.
1630 1777 1736 1857 ltem
1775 1778 1875 1859 filia·
1934 1814 1937 1819 ·

93 1889 154 1967 bus
180 1886 334 1965 sororis
358 1912 443 1965 mee
472 1884 562 1990 lego
591 1886 775 1993 predium
813 1885 925 1995 quod
969 1888 1046 1966 erui
1089 1914 1217 1993 prope
1260 1884 1379 1993 ekby.
1423 1913 1500 1993 pro
1543 1887 1644 1967 .ΧΧ.
1688 1887 1873 1971 Marchis.

92 1996 166 2078 deu.
193 2004 228 2078 8(
258 1996 373 2077 aliud
403 1993 587 2104 predium
615 1995 725 2104 quod
757 1999 834 2075 emi
869 1993 1018 2075 ibidem
1052 2024 1129 2105 pro
1166 1997 1325 2075 .XVlll.
1364 1996 1537 2077 Marcbis
1572 2026 1662 2080 cum
1699 1998 1879 2086 dimidia.
1991 2036 1993 2040 ·
2110 2012 2114 2017 ’

93 2110 177 2195 item
203 2108 489 2214 babeo'penes
520 2134 580 2185 me
608 2108 703 2187 .XL.
733 2107 914 2187 Marchas
943 2107 1033 2188 den.
1062 2134 1143 2217 que
1172 2103 1413 2188 ordinentur
1441 2106 1492 2186 ad
1528 2108 1605 2187 boc
1644 2126 1689 2187 ut
1719 2126 1874 2220 'corpus

95 2246 202 2299 neum
231 2217 285 2297 ad
313 2218 563 2325 sepulturam
593 2218 818 2299 deducatur
846 2216 1032 2313 humane,
1062 2248 1134 2326 per
1163 2218 1336 2326 aliquem
1365 2246 1486 2329 quem
1515 2218 1681 2300 illustris
1710 2219 1873 2304 domina

93 2332 225 2438 Regina
253 2331 402 2409 swecie
432 2327 644 2437 helwighis
674 2327 828 2409 adhoc
858 2330 1020 2409 duxerit
1049 2328 1333 2411 ordinandum.
1370 2327 1500 2427 Huius
1532 2357 1615 2413 mee
1650 2331 1874 2416 voluntatis

94 2468 155 2549 pro
179 2469 324 2549 magna
355 2457 469 2547 parte
499 2468 655 2519 mecum
698 2442 881 2520 conscius
921 2439 998 2519 luit
1041 2438 1230 2520 dominus
1273 2437 1507 2550 sigmundus
1549 2444 1630 2523 boo
1672 2471 1760 2522 sun.
1802 2443 1874 2525 sed

92 2552 151 2632 hec
174 2554 309 2631 omnia
341 2552 457 2658 plene
482 2552 659 2658 expressi
695 2552 786 2630 viua
825 2578 923 2637 voce
960 2578 1094 2631 coram
1125 2551 1267 2630 ffratre
1296 2551 1523 2659 Jarpulpho
1559 2555 1738 2660 generali
1777 2583 1876 2634 con·
1958 2553 1970 2566 “

91 2662 216 2744 sessore
238 2688 342 2742 meo.
372 2662 527 2743 ordinis
556 2660 745 2741 ffratrum
773 2663 986 2742 Minorum.
1016 2664 1132 2743 cuius
1160 2664 1286 2743 eciam
1316 2662 1490 2769 sigillum
1520 2691 1599 2743 vna
1628 2692 1719 2746 cum
1740 2666 1874 2773 sigillo
1984 2684 1992 2703 ‘

92 2802 165 2854 meo
205 2777 377 2882 proprio
427 2774 679 2882 presentibus
719 2788 780 2851 est
824 2798 1056 2881 appensum.
1107 2790 1253 2852 actum.
1303 2775 1512 2864 Warnem
1556 2802 1666 2854 anno
1708 2773 1872 2856 domini.

90 2885 365 2967 M⁰.CC⁰.XC.l.
396 2882 566 2965 sabbato
595 2885 782 2993 proximo
812 2902 905 2964 ante
936 2883 1177 2963 dominicam
1210 2886 1412 2992 passionis.
1443 2886 1548 2963 Jtcm
1576 2888 1735 2993 assigno
1750 2888 1875 2971 eccle·
2006 2942 2011 2949 -

91 3000 136 3077 sie
166 2999 390 3106 lincopensi
426 2995 509 3077 duo
545 3023 639 3075 vasa
670 3014 858 3102 argentea
890 3024 970 3105 quc
1001 3022 1124 3103 penes
1153 3022 1215 3074 me
1243 2996 1385 3092 habeo,
1421 3023 1497 3103 pro
1534 3024 1615 3078 vno
1651 2997 1774 3085 calice
1811 2997 1871 3082 la,-

91 3111 225 3192 ciendo.
254 3125 404 3190 actum.
433 3109 504 3189 vbi
532 3113 572 3186 8(
599 3105 776 3216 quando,
802 3109 906 3187 sicut
935 3133 1070 3214 supra.
1165 3107 1169 3112 ’

643 3263 650 3281 “
678 3245 824 3334 Sigilleu:
856 3269 880 3328 ι,
904 3267 922 3309 a
944 3246 1107 3329 Andeligu,
1129 3243 1271 3315 sladadc

97 3535 253 3751 rodo.
628 3622 633 3634 ’
711 3657 878 3763 1291.
931 3617 980 3722 d.
1028 3657 1059 3762 9
1107 3617 1266 3770 April.
1563 3673 1567 3678 ’
1676 3619 1874 3768 Upsala.

157 3813 274 3873 Decan.
295 3810 305 3869 i
328 3805 446 3892 Upsala
468 3807 540 3870 Nus
559 3805 637 3868 brel
653 3805 785 3869 rb'rande
807 3805 907 3886 gifrec
930 3805 1007 3866 fasta
1029 3805 1070 3890 pt
1092 3817 1136 3869 ett
1156 3805 1318 3888 jordabyte
1339 3802 1410 3866 med
1432 3805 1508 3866 Lars
1537 3805 1641 3868 llilsou
1667 3807 1875 3874 alGismuste,

1577 3921 1740 3980 &dnn

184 4025 386 4107 Omnibus
414 4005 620 4133 presentes
647 4024 803 4105 'litteras
831 4024 1073 4132 inspecturis
1103 4025 1311 4132 Nmouaus
1341 4021 1516 4104 decanus
1553 4024 1717 4105 ecclesie
1754 4056 1872 4137 vpsa-

90 4139 204 4233 lensis‚
233 4136 404 4216 salutem
434 4137 476 4218 in
505 4134 669 4217 domino
698 4125 992 4242 sempiternam.
1024 4135 1218 4215 Constare
1247 4133 1342 4215 volo
1370 4161 1443 4241 per
1472 4154 1674 4244 presentes
1703 4163 1764 4217 me
1797 4167 1872 4218 no-

88 4252 180 4330 mine
208 4247 376 4328 ecclesie
405 4247 625 4356 upsalensis
654 4263 857 4356 tamquam
887 4262 1192 4352 procuratorem
1222 4249 1261 4324 8(
1288 4242 1500 4353 syndicum
1527 4247 1653 4355 ipsius
1687 4249 1872 4347 ecclesie,
1908 4313 1911 4319 Δ

91 4359 179 4439 Cum
208 4358 416 4439 laurencio
451 4358 608 4440 Nicolai
636 4355 841 4469 quondam
871 4355 955 4435 filio
982 4354 1032 4436 de
1061 4358 1296 4466 gismustum
1331 4363 1370 4437 8(
1407 4383 1531 4437 uxore
1560 4384 1631 4437 sua
1669 4377 1872 4467 permuta·

89 4473 230 4553 cionem
260 4465 464 4581 quandam
491 4467 630 4549 fecisse
659 4466 893 4578 prediorum
922 4467 1045 4548 habui
1076 4469 1182 4548 enirn
1211 4497 1233 4547 a
1262 4464 1447 4575 predicto
1482 4467 1691 4549 laurencio
1726 4477 1765 4554 8(
1801 4501 1872 4554 sua

88 4608 199 4666 uxore
228 4609 298 4662 sex
326 4607 417 4662 oras
445 4597 552 4663 terre
581 4582 623 4661 in
641 4577 763 4678 sebi.
792 4584 832 4659 8(
860 4595 1036 4689 quatuor
1064 4577 1214 4658 solidos
1241 4593 1350 4660 ,terre
1379 4580 1421 4657 in
1438 4579 1588 4688 vilingi‚
1605 4607 1685 4689 que
1707 4582 1872 4689 quidem

93 4691 218 4802 predia
248 4697 312 4774 me'
323 4717 327 4722 ·
340 4694 509 4772 nomine·
530 4692 694 4773 ecclesie
724 4688 929 4800 possidere
949 4718 997 4770 ac
1013 4718 1137 4770 manu
1152 4707 1290 4770 tenere
1306 4717 1380 4799 per
1392 4707 1598 4798 presentes
1613 4717 1871 4800 recognosco,

90 4831 156 4913 pro
196 4801 388 4915 predictis
430 4800 582 4912 predijs
623 4799 733 4883 dicto
761 4800 968 4882 laurencio
996 4806 1036 4882 8(
1064 4829 1191 4894 virore
1218 4829 1290 4881 sua
1327 4801 1486 4881 restitui
1512 4830 1584 4882 seu
1611 4804 1870 4912 reassiguauj,

90 4914 213 4998 decern
244 4942 333 4997 oras
361 4930 467 4994 terre
495 4943 587 4997 cum
615 4941 697 4995 vno
729 4912 858 4995 solido
884 4930 993 4996 terre
1026 4913 1072 4994 in
1107 4913 1203 4995 villa
1245 4911 1406 5020 thigbili
1448 4913 1641 5021 parocbia
1682 4914 1871 5023 cengium
1958 5003 1965 5016 s

79 5070 80 5073 Ν
226 5058 272 5113 (ν.
296 5049 417 5129 elsim
434 5056 475 5110 n.
780 5141 793 5164 Ι
1630 5021 1674 5097 ¹5
