4317 5975
965 405 1023 435 «-
1134 348 1214 465 stt
1324 398 1385 433 ..-

272 556 358 674 tutu
386 584 432 672 in
462 556 640 699 negociis
668 580 715 697 ets
736 578 894 673 delictis
922 576 963 671 in
994 576 1084 699 ipso
1100 588 1228 671 beret
1255 588 1473 701 commissis
1489 601 1534 699 et
1549 584 1843 669 committendis
1870 586 1927 669 vel
1949 563 2037 703 qua,

224 712 230 717 '
274 703 496 786 modolibet
522 701 819 808 emergentibus
848 702 1121 809 respondeant
1151 716 1191 779 et
1219 700 1466 781 satisfaciant
1489 698 1803 809 Arcbiepiscopo
1831 707 2030 807 supradicto

272 831 312 894 et
341 815 423 895 suis
451 815 748 899 successoribus
791 814 903 893 iuxta
948 812 1055 920 leges
1085 830 1126 893 et
1164 810 1476 893 consuetudines
1518 809 1743 891 scanienses
1772 809 2035 897 arbitrantibus·

143 969 150 983 ·
271 924 521 1007 Reuerendis
557 927 741 1032 patribus
775 924 942 1033 Ripensi
971 940 1014 1004 et
1042 924 1281 1031 Vibergensi
1319 922 1520 1035 episcopis
1549 948 1596 1000 ao
1627 921 1830 1005 nobilibus
1870 926 1955 1004 viris
1976 929 2030 1007 lo·

70 1100 75 1107 .
149 1062 158 1075 ·
272 1038 398 1117 banni
426 1035 512 1129 litle
540 1036 695 1118 achone
722 1037 861 1143 joners
901 1064 977 1116 sun
1008 1036 1179 1117 Nicolao
1223 1035 1340 1117 billar
1388 1054 1429 1116 et
1463 1035 1623 1113 Canuto
1666 1033 1828 1141 esbernj
1869 1036 2032 1118 militibus

272 1148 412 1228 habita
443 1146 740 1250 deliberacione
760 1176 859 1237 ‚cum
878 1146 977 1227 aliis
1005 1146 1206 1257 episcopis
1234 1148 1376 1227 Electo
1404 1142 1660 1239 Roskildensi
1705 1143 1920 1227 baronibus
1945 1151 2033 1255 prin·

274 1260 433 1366 cipibus
474 1274 517 1338 et
565 1259 786 1340 maioribus
828 1258 945 1366 regnj
988 1260 1115 1367 gratis
1155 1273 1196 1336 et
1239 1276 1460 1366 spontanea
1517 1255 1722 1353 velocitate
1773 1282 1856 1335 non
1902 1260 2033 1341 deceti

271 1370 342 1451 sed
367 1368 425 1450 de
456 1369 546 1450 iure
574 1386 616 1449 et
644 1369 750 1450 lacto
781 1370 899 1477 plene
927 1370 1112 1452 instrvcti
1142 1362 1269 1448 eidem
1299 1366 1467 1451 domino
1488 1395 1635 1477 ysarno
1664 1394 1709 1446 ac
1739 1366 2032 1451 lundensiecce·

271 1483 328 1562 sie
358 1508 434 1589 pro
464 1484 692 1561 memoratis
721 1479 856 1562 decern
887 1482 1048 1562 milibus
1076 1508 1299 1563 marcarum
1347 1483 1504 1590 argenti
1537 1480 1628 1587 puri
1656 1479 1942 1587 assignabimus
1965 1508 2032 1561 soo-

271 1594 447 1671 tauimns
474 1607 514 1670 et
542 1590 724 1673 dedimus
752 1593 792 1671 in
821 1592 997 1685 solutum
1025 1595 1130 1673 Jtem
1161 1620 1238 1699 pro
1265 1594 1467 1675 eoiotione
1495 1608 1536 1673 et
1565 1589 1721 1670 cautela
1746 1593 1964 1697 'euictiouis
1988 1590 2032 1671 di·

270 1720 429 1783 ctorum
458 1703 659 1785 bonorum
702 1701 753 1783 de
795 1700 1085 1783 borendebolm
1129 1705 1420 1813 assignabimus
1454 1704 1706 1795 ,scotauitnus
1747 1720 1788 1782 et
1815 1700 1981 1782 dedimus
2002 1704 2031 1782 iu

261 1815 448 1895 solutum
479 1812 644 1898 domino
671 1815 989 1922 Archiepiscopo
1016 1832 1058 1894 et
1086 1815 1253 1895 ecclesie
1288 1812 1517 1923 supradicte
1546 1814 1587 1892 Si
1617 1816 1901 1895 euincerentur
1925 1814 1970 1893 ab
1992 1818 2032 1891 cir

271 1928 312 2023 in
344 1942 433 2004 toto
462 1927 522 2003 vel
553 1928 593 2004 in
627 1942 742 2032 parte
771 1926 1282 2032 remundhebdygisherret
1325 1924 1483 2007 adiecto
1511 1922 1620 2035 quod
1651 1926 1682 2001 si
1712 1921 1877 2004 heredes
1916 1924 2033 2005 nobilis

270 2038 348 2116 riri
378 2035 688 2116 vffonis-mititis
715 2033 917 2146 quondam
955 2034 1128 2144 dapiferi
1157 2064 1295 2117 omnes
1323 2053 1364 2117 et
1391 2038 1537 2146 singuli
1565 2035 1671 2116 dicta
1703 2035 1811 2115 bona
1842 2035 1890 2116 de
1916 2036 2034 2118 boren·

270 2146 432 2228 debolm
463 2148 588 2228 libere
618 2146 843 2228 dimiserint
870 2167 911 2229 et
939 2149 1189 2229 restituerint
1219 2148 1535 2258 Arcbiepiscopo
1565 2164 1606 2230 et
1634 2145 1803 2227 ecclesie
1824 2148 2034 2255 supradictis

271 2257 494 2366 predictum
526 2260 640 2339 beret
669 2261 891 2366 prodistis
932 2260 1051 2339 bonis
1094 2276 1291 2351 scotatum
1334 2259 1385 2339 ad
1425 2272 1496 2341 no's
1527 2248 1658 2339 etius
1688 2286 1733 2339 ac
1779 2260 2032 2369 proprietatem

270 2386 447 2449 nostram
477 2369 802 2480 liberegredeant
830 2372 919 2478 ipso
947 2371 1056 2453 iacto
1091 2360 1389 2452 Renunciantes
1424 2372 1574 2452 actioni
1621 2365 1840 2451 cuiuslibet
1896 2370 1972 2450 dcli
2005 2388 2035 2450 et

219 2531 232 2578 .·
270 2475 522 2589 deceptionis
540 2482 679 2590 ‚pluris
706 2501 746 2562 et
774 2482 942 2561 minoris
975 2499 1016 2562 et
1051 2483 1136 2561 sine
1178 2510 1298 2563 causa
1326 2498 1366 2561 et
1395 2484 1666 2563 restitucionis
1708 2482 1751 2560 in
1797 2484 2034 2590 integrumet

147 2635 169 2660 α
273 2593 515 2700 generaliter
543 2594 653 2674 omni
683 2593 760 2672 iuri
789 2608 840 2672 et.
866 2594 1017 2673 actioni
1054 2585 1135 2702 qua
1168 2595 1231 2674 vel
1260 2594 1410 2701 quibus
1444 2592 1637 2675 aduersus
1667 2592 1730 2675 vel
1761 2610 1903 2673 contra
1928 2584 2033 2702 predi·
2110 2650 2111 2653 κ

239 2723 332 2807 ‚cta
365 2729 439 2811 per
468 2697 618 2785 n'os'rel
648 2732 722 2812 per
751 2700 873 2784 alium
892 2703 1203 2814 quomodolibet
1217 2705 1356 2783 venire
1372 2732 1576 2812 possemus
1591 2704 1913 2811 approbantibus
1937 2734 2032 2817 supra

269 2815 376 2895 dicta
407 2818 592 2897 uniuersa
623 2832 664 2894 et
690 2815 849 2925 singula
876 2816 1172 2897 venerabilibus
1201 2815 1387 2926 patribus
1417 2813 1589 2897 dominis
1618 2808 1871 2896 Christinn'o
1898 2818 2033 2925 Ripensi

77 2962 88 2970 ‘
205 2953 208 2958 ’
270 2923 462 3006 Bertoldo
490 2926 742 3008 sleswicensi
771 2926 955 3010 iohanne
984 2922 1179 3008 arusiensi
1200 2946 1241 3009 et
1265 2946 1380 3034 petro
1403 2927 1633 3036 sibergensi
1662 2916 1864 3039 episcopis
1891 2929 2033 3040 acprin·

163 3057 168 3071 ’
270 3037 430 3145 cipibus
457 3038 681 3120 baronibus
709 3055 750 3118 et
778 3040 866 3118 aliis
909 3035 1125 3147 regnicolis
1154 3037 1331 3120 indicto
1366 3039 1619 3146 parlamento
1663 3065 1736 3147 per
1764 3067 1807 3121 se
1835 3042 2057 3138 etnnomine'

269 3150 501 3230 absencium
543 3151 770 3230 constitutis
814 3153 866 3230 Jn
915 3155 1030 3232 cuius
1070 3154 1131 3233 rei
1176 3152 1448 3233 testimonium
1485 3150 1623 3258 Sigilla
1668 3166 1853 3232 nostrum
1896 3151 2032 3232 sratrun

269 3256 499 3340 nostrorum
528 3290 575 3341 ac
603 3260 933 3342 Reuerendornm
971 3279 1134 3371 patrum
1177 3265 1458 3371 episcoporum
1488 3279 1529 3342 et
1557 3262 1684 3343 Electi
1714 3257 1978 3372 predictorum
2004 3279 2033 3340 et

134 3443 146 3452 .
270 3371 526 3454 dominorum
557 3372 752 3452 lobannis
785 3373 882 3454 dicti
910 3376 992 3455 litle
1020 3375 1186 3455 achonis
1214 3374 1407 3453 lobannis
1436 3375 1585 3454 Canuti
1610 3373 1771 3455 esberni
1802 3391 1842 3454 et
1869 3374 2033 3454 Johannis

270 3482 369 3564 dicti
399 3483 516 3564 leldte
545 3485 751 3564 marscalci
780 3489 907 3567 nostri
938 3487 1109 3566 militum
1140 3484 1393 3593 presentibus
1421 3481 1610 3565 duximus
1644 3484 1889 3596 apponenda
1916 3475 2032 3565 Actum

264 3611 310 3678 et
338 3597 477 3677 datum
506 3595 667 3700 nyborg
694 3599 816 3714 Anno
842 3597 1000 3678 domini
1027 3596 1238 3679 Millesimo
1269 3597 1543 3679 tricentesimo
1572 3591 1699 3680 tercio
1728 3600 1780 3678 Jn
1810 3625 1905 3680 cena
1931 3593 2032 3678 doni·

269 3709 311 3786 ni
340 3710 379 3786 in
411 3708 616 3815 presencia
647 3723 796 3788 nostra.
827 3718 831 3723 '

277 4179 445 4345 Ι1388.
529 4205 540 4213 “
910 4183 1050 4290 1303
1097 4181 1146 4292 d.
1193 4201 1225 4314 4
1272 4103 1431 4334 April
1840 4117 2033 4337 Nyborg.

281 4420 285 4428 '
347 4402 485 4484 Konnug
507 4401 605 4464 Ειιις
626 4404 635 4461 i
657 4400 816 4466 muman
838 4401 1005 4466 Sbriirelsc
1038 4405 1085 4468 till
1119 4405 1275 4468 Riddarcn
1308 4408 1373 4469 Nils
1407 4407 1624 4485 Holmgersson
1653 4405 1713 4468 och
1736 4405 1878 4470 Kanilen
1907 4399 2031 4484 Trogott'

401 4486 504 4559 tund,
528 4486 597 4546 med
620 4485 805 4565 briannia&
827 4497 872 4548 att
894 4488 942 4550 till
962 4486 1208 4571 irlebisbopeos
1230 4491 1348 4570 togate
1370 4490 1560 4552 diverlemuc
1581 4490 1682 4552 Rotae
1703 4491 1801 4552 harad
1823 4492 1864 4574 pt
1890 4487 2030 4552 Boroboln

280 4649 284 4658 Ι
397 4568 458 4631 ocb
481 4568 658 4631 Heu-testudo
680 4568 775 4629 bit-ad
798 4571 807 4630 i
829 4569 930 4632 Skdne
953 4570 1023 4632 tned
1045 4573 1200 4674 nodaotag
1224 4573 1316 4635 latrat
1338 4573 1498 4635 alsteden
1521 4573 1629 4636 Ystsd.

1710 4687 1922 4777 'Kbmh

378 4818 922 4900 turcomannorum
965 4819 1178 4902 Slavorum
1211 4849 1260 4901 ve
1289 4823 1386 4918 Rex,
1415 4822 1681 4904 dilectissimis
1722 4823 1800 4904 sibi
1829 4825 1869 4903 in
1897 4819 2030 4900 Christo

264 4932 465 5027 Dominis,
497 4929 665 5012 Nicolao
692 4931 921 5042 Holmiger,
950 4952 1118 5014 strenuo
1139 4851 1277 5031 militi,
1306 4949 1349 5015 et
1375 4931 1561 5044 Trogoto
1576 4929 1827 5044 Presbytero,
1855 4929 2027 5017 Canonico
