4317 5975
946 466 1011 523 ·..
1126 457 1203 555 Mb
1311 426 1406 517 ..'.

258 681 358 763 mini
399 678 564 761 Esohilli
606 682 645 757 &
691 672 853 757 domine
889 676 1110 787 walburgis
1151 677 1307 758 honore
1348 677 1454 785 quo'
1475 692 1685 787 possumus
1723 670 1982 754 honorantes.
2009 679 2052 757 &

258 818 395 873 amore
423 791 597 900 gratuito
624 785 838 894 diligentes
866 793 906 869 &
935 789 978 868 in
1006 804 1249 898 perpetuum
1278 785 1477 867 dilecturi.
1507 779 1648 864 lh'dem
1674 785 1795 865 uxori
1817 801 1954 866 nostre
1968 786 2050 868 Cn·

257 905 366 985 riam¹
390 916 567 982 nostram
595 899 722 979 forsae.
751 900 792 979 in
823 898 957 981 dotem
986 928 1067 1011 que
1094 900 1305 1009 wlgariter
1339 896 1490 980 dicitur
1525 891 1813 1004 morgengaelh.
1850 896 2051 979 omnimo-

255 1010 311 1095 'de
339 1019 378 1095 8ι
406 1040 497 1092 oum
526 1010 714 1109 omnibus
741 1012 823 1091 suis
853 1013 1080 1092 attinenciis
1109 1012 1227 1119 longe
1257 1004 1321 1088 uel
1352 1036 1480 1116 prope
1508 1007 1596 1086 sitis
1622 1006 1791 1088 tirmiter
1818 1008 2051 1091 contulisse.

199 1124 202 1132 ’
257 1128 503 1217 Jstatamen
532 1121 772 1203 condicione
799 1119 965 1202 adiecta.
993 1120 1107 1233 quod
1134 1124 1167 1204 si
1195 1124 1323 1229 ipsam
1357 1135 1450 1227 post
1478 1144 1553 1199 nos
1579 1119 1843 1226 superuiuere
1869 1121 2054 1231 contige·

256 1238 311 1316 rit
331 1235 416 1315 siue
445 1234 662 1313 habentem
691 1233 792 1313 filios
821 1234 906 1312 siue
934 1260 1029 1313 non.
1057 1236 1094 1313 ei
1130 1239 1170 1315 8ι
1205 1232 1297 1311 liliis
1331 1232 1414 1309 suis
1449 1235 1489 1311 &
1526 1230 1683 1310 nostris.
1712 1230 1747 1311 si
1793 1229 1953 1313 hierint.
1982 1232 2053 1313 nel

254 1342 474 1426 heredibus
515 1345 641 1452 ipsius
684 1343 772 1424 aliis
814 1345 1060 1454 quicumque
1102 1342 1266 1423 fuerint.
1297 1340 1479 1450 predicta
1507 1342 1619 1421 curia
1647 1338 1766 1422 cedat
1794 1343 1883 1422 iure
1910 1342 1964 1424 ab
1991 1344 2053 1425 eis

164 1534 173 1543 ,
254 1446 456 1567 perpetuo
486 1452 738 1565 possidenda.
768 1458 799 1534 si
829 1471 963 1534 autem
991 1457 1204 1562 contingat
1232 1455 1359 1561 ipsam
1389 1452 1503 1561 prius
1531 1456 1635 1532 mori
1660 1478 1784 1561 quam
1814 1480 1902 1534 nos.
1931 1455 2053 1535 volu·

255 1596 345 1649 mus
373 1564 485 1678 quod
514 1564 622 1647 dicta
650 1569 760 1645 curia
789 1561 840 1644 ad
868 1592 942 1645 nos
971 1574 1011 1647 &
1040 1586 1200 1647 nostros
1236 1563 1403 1646 heredes
1429 1562 1684 1645 deuolnatur.
1727 1570 1766 1646 a
1808 1562 1899 1645 loco
1918 1651 1923 1659 ,
1940 1562 2052 1649 dotis

254 1678 449 1789 predicte.
477 1678 653 1759 habeant
681 1675 848 1758 heredes
876 1676 1054 1759 eiusdem
1084 1678 1222 1757 uxoris
1250 1692 1388 1756 nostre
1417 1693 1641 1756 memorate.
1678 1675 1831 1755 curiam
1867 1692 2054 1758 nostram

254 1789 416 1871 dictam.
444 1789 566 1897 thorp
608 1789 695 1867 iure
737 1803 935 1895 perpetuo
978 1786 1272 1897 possidendam.
1318 1789 1503 1867 Preterea
1540 1788 1573 1865 si
1601 1787 1688 1895 ipsa
1716 1791 1757 1867 8(
1783 1812 1869 1867 nos.
1898 1787 2053 1875 liberos

182 1989 184 2001 ,
253 1900 525 2004 hahuerimus.
555 1915 648 2008 post
679 1926 753 1978 nos
780 1914 821 1978 et
852 1916 944 2007 post
972 1927 1139 2003 uxorem
1162 1916 1343 1981 nostram
1364 1899 1557 1978 uiuentes.
1571 1913 1671 1977 tunc
1686 1900 1719 1979 si
1731 1899 1809 2007 ipsi
1824 1898 2053 1981 filiosdese

253 1998 351 2091 n'orf
367 2011 592 2121 genuerint.
629 2009 815 2089 volumus
843 2008 956 2120 quo²d
985 1999 1215 2119 sepedicta
1244 2002 1367 2091 curia.
1395 2008 1521 2090 forsas.
1537 2006 1589 2087 ad
1605 2007 1772 2091 heredes
1786 2027 1946 2090 nostros
1961 2010 2053 2121 ple·

252 2123 366 2205 narie
394 2138 633 2204 reuertatur.
669 2123 872 2203 laenius
907 2123 1192 2207 testimonium.
1232 2136 1437 2228 presentes
1479 2119 1656 2203 fuerunt.
1705 2117 1893 2201 dominus
1935 2151 2053 2204 meus

251 2236 470 2343 episcopus
499 2232 753 2340 lincopensis.
781 2233 969 2315 dominus
997 2230 1454 2315 laurencius..,dominus
1487 2228 1663 2312 eskillus
1704 2230 1894 2313 dominus
1935 2261 2052 2342 mag·

250 2372 328 2425 nus
356 2344 531 2427 karlson.
567 2344 765 2425 Dominus
796 2343 1013 2426 Nicholaus
1041 2343 1267 2425 sedstredis.
1297 2345 1492 2423 Dominus
1534 2340 1728 2422 iohannes
1771 2341 1960 2427 knutaon.
2005 2350 2054 2426 81

252 2444 391 2565 plures
420 2454 489 2563 alij
518 2452 721 2562 fidedigni.
749 2453 813 2535 Ad
840 2458 956 2536 cuius
984 2455 1232 2536 enidenciam
1261 2454 1496 2562 pleniorem.
1510 2452 1641 2561 sigilla
1670 2453 1945 2561 predictorum
1974 2454 2056 2538 do-

251 2568 453 2647 minorum
482 2566 633 2674 apponi
661 2566 887 2672 petiuimus.
915 2572 956 2647 &
984 2563 1190 2647 reddimus
1216 2566 1369 2673 pariter
1399 2581 1539 2645 nostro
1572 2564 1706 2671 sigillo
1743 2580 1946 2675 presentes
1981 2567 2054 2650 lit·

183 2692 184 2695 ’
251 2692 358 2757 teras
400 2675 602 2785 sigillatas.
646 2678 792 2756 Actum
836 2679 877 2755 in
919 2674 1145 2758 h..laestad.
1190 2701 1300 2755 anno
1342 2675 1518 2756 domini·
1544 2675 1816 2760 .M⁰.CC⁰.XC.
1839 2679 2049 2762 secundo.

251 2790 421 2871 monada
455 2786 556 2869 feria
586 2792 769 2895 proxima
803 2806 896 2895 post
924 2787 1176 2869 dominicam.
1206 2782 1481 2868 Misericordia
1509 2784 1675 2868 domini.

660 2924 790 3010 sigilles
818 2928 878 2994 lito
903 2949 929 3011 t,
956 2922 1195 3040 lalPrssffilln‘t
1215 2932 1276 2993 lito
1297 2948 1327 3009 a,
1350 2928 1380 3010 ³,
1401 2924 1433 3007 5,
1453 2924 1483 2990 6.
1503 2923 1648 2991 namn.

260 3377 466 3592 1668..
616 3353 618 3356 Ι
712 3405 715 3412 ⁴
864 3471 1014 3591 1292
1061 3373 1233 3603 dani
1279 3433 1443 3582 April.
1727 3400 1747 3475 '¹
1818 3345 2050 3541 lloslsild.

210 3681 217 3702 .
333 3652 447 3738 Bitho?
466 3653 581 3718 loma
600 3651 612 3712 i
628 3649 763 3728 ,Roskttd
784 3652 965 3736 vidtmtiun
987 3655 1026 3725 'l'
1040 3611 1177 3736 K⁰l¹¹¹¹⁸
1198 3655 1330 3742 istm
1352 3655 1393 3720 ¹³⁸
1412 3654 1495 3734 Μ’
1518 3653 1614 3738 ΒΜ
1636 3654 1673 3718 ¹⁷
1700 3674 1787 3792 ¹29}
1805 3625 1859 3791 t·
1886 3753 1902 3806 t

357 3868 557 3950 Omnibus
571 3895 734 3978 presens
748 3871 942 3979 scriptum
957 3870 1226 3970 cernentibus.
1240 3869 1442 3957 Johannet
1458 3871 1718 3952 miseracione
1735 3868 1876 3952 diuina
1889 3873 2047 3980 episco-

247 4007 325 4089 pus
345 3977 617 4070 roskildensis,
645 3980 814 4061 salutem
848 3985 891 4090 in
915 3981 1081 4078 domino
1100 3984 1394 4089 sempiternam.
1413 3981 1620 4063 Noueritis
1634 4010 1709 4062 nos
1723 3983 1878 4064 litteras
1890 3982 2050 4066 domini

245 4091 383 4200 magnj
411 4087 476 4198 dej
505 4092 640 4199 gracia
668 4119 869 4172 sweorum
897 4093 1197 4204 gothorumque
1226 4092 1434 4204 quondam
1462 4095 1570 4202 regis
1598 4093 1779 4191 illustris,
1807 4121 1890 4173 non
1919 4121 2045 4191 rasas,

244 4227 328 4311 non
358 4199 543 4296 abolitas,
572 4229 655 4282 non
685 4205 934 4308 cancellatas,
975 4234 1048 4286 nec
1093 4207 1135 4286 in
1175 4203 1311 4315 aliqua
1355 4203 1420 4311 suj
1462 4220 1579 4311 parte
1621 4206 1787 4288 violatas
1827 4205 1973 4286 vidisse
2001 4209 2046 4284 ἃ

146 4337 157 4362 ⁸
239 4302 729 4421 'diligenter'perspexisse
754 4315 795 4394 in
820 4307 1633 4422 sectatrbatomnitussmsalho1026.
1660 4319 1712 4397 Jn
1728 4309 2046 4444 cujusrqj'testi·

243 4424 425 4504 monium
454 4417 627 4533 sigillum
656 4441 839 4506 nostrum
904 4429 1132 4535 resentibus
1172 4443 1233 4506 est
1273 4453 1534 4536 appensum„
1550 4428 1699 4509 Datum
1715 4426 1920 4511 Roskildrs
1933 4451 2045 4525 anno

243 4523 410 4642 doninj.
436 4533 704 4618 M';CC·.XC⁰
735 4455 913 4617 secundi
947 4529 1102 4620 octauo
1129 4531 1207 4620 kal.
1236 4529 1367 4646 maij„
1426 4543 1510 4644 fs
1622 4535 1643 4631 2‘

460 4692 464 4706 ·
499 4665 514 4706 ⁵³
690 4673 811 4759 sigillet
831 4675 922 4742 fallet
935 4677 1019 4750 ,lrln
1042 4677 1163 4760 dtnlur
1182 4675 1307 4742 hrelvet
1325 4676 1446 4764 hlippta
1466 4693 1598 4739 tenum

1111 4833 1117 4852 ¹
1630 4847 1646 4884 r
1721 4836 1913 4890 ·.1.·:.¹'

1318 4921 1323 4933 Ι
1529 4927 1534 4937 a

1204 4951 1209 4975 ²
1331 4971 1336 4986 ·
1389 4953 1562 4996 “tactu
1612 4960 1635 4996 ·›
1668 4963 1704 5000 ιι
1739 4946 1871 4996 ι’)’.κ
1958 4964 1976 5002 .·

1347 5004 1352 5013 .

1417 5034 1440 5048 a·
1555 5039 1561 5049 v
1721 5037 1727 5050 Q
