<?xml version="1.0" encoding="UTF-8"?>
<!DOCTYPE html PUBLIC "-//W3C//DTD XHTML 1.0 Transitional//EN"
    "http://www.w3.org/TR/xhtml1/DTD/xhtml1-transitional.dtd">
<html xmlns="http://www.w3.org/1999/xhtml" xml:lang="en" lang="en">
 <head>
  <title>
</title>
<meta http-equiv="Content-Type" content="text/html;charset=utf-8" />
  <meta name='ocr-system' content='tesseract 3.04.00' />
  <meta name='ocr-capabilities' content='ocr_page ocr_carea ocr_par ocr_line ocrx_word'/>
</head>
<body>
  <div class='ocr_page' id='page_1' title='image "./svensktdiplomat01swegoog/svensktdiplomat01swegoog_0847.png"; bbox 0 0 4317 5975; ppageno 0'>
   <div class='ocr_carea' id='block_1_1' title="bbox 1024 316 1440 400">
    <p class='ocr_par' dir='ltr' id='par_1_1' title="bbox 1024 316 1440 400">
     <span class='ocr_line' id='line_1_1' title="bbox 1024 316 1440 400; baseline -0.005 -18"><span class='ocrx_word' id='word_1_1' title='bbox 1024 316 1440 400; x_wconf 74' lang='lat'><strong>...660-</strong></span> 
     </span>
    </p>
   </div>
   <div class='ocr_carea' id='block_1_2' title="bbox 347 547 2048 820">
    <p class='ocr_par' dir='ltr' id='par_1_2' title="bbox 347 547 2048 820">
     <span class='ocr_line' id='line_1_2' title="bbox 347 547 1456 698; baseline -0.003 -41"><span class='ocrx_word' id='word_1_2' title='bbox 347 589 502 698; x_wconf 77' lang='lat'><strong>¹72²·</strong></span> <span class='ocrx_word' id='word_1_3' title='bbox 1036 547 1456 698; x_wconf 77' lang='lat'>1283-1307.</span> 
     </span>
     <span class='ocr_line' id='line_1_3' title="bbox 414 717 2048 820; baseline -0.003 -28"><span class='ocrx_word' id='word_1_4' title='bbox 414 727 514 792; x_wconf 86' lang='lat' dir='ltr'>Johso</span> <span class='ocrx_word' id='word_1_5' title='bbox 541 717 1314 806; x_wconf 76' lang='lat' dir='ltr'>ingewaldssonsF1·u,lleuosstestemeutsrisis</span> <span class='ocrx_word' id='word_1_6' title='bbox 1338 720 1508 804; x_wconf 74' lang='lat' dir='ltr'>suordning</span> <span class='ocrx_word' id='word_1_7' title='bbox 1533 721 1571 783; x_wconf 78' lang='lat' dir='ltr'>al</span> <span class='ocrx_word' id='word_1_8' title='bbox 1592 719 1774 820; x_wconf 73' lang='lat' dir='ltr'>iljelmsster</span> <span class='ocrx_word' id='word_1_9' title='bbox 1797 719 1853 782; x_wconf 86' lang='lat' dir='ltr'>orb</span> <span class='ocrx_word' id='word_1_10' title='bbox 1875 721 1951 786; x_wconf 83' lang='lat' dir='ltr'>andra</span> <span class='ocrx_word' id='word_1_11' title='bbox 1969 728 2048 809; x_wconf 67' lang='lat' dir='ltr'>gitur,</span> 
     </span>
    </p>
   </div>
   <div class='ocr_carea' id='block_1_3' title="bbox 432 803 1944 944">
    <p class='ocr_par' dir='ltr' id='par_1_3' title="bbox 432 803 1944 944">
     <span class='ocr_line' id='line_1_4' title="bbox 432 803 1944 944; baseline -0.002 -74"><span class='ocrx_word' id='word_1_12' title='bbox 432 893 437 904; x_wconf 89' lang='lat'>.</span> <span class='ocrx_word' id='word_1_13' title='bbox 463 809 644 896; x_wconf 73' lang='lat' dir='ltr'>procinger,</span> <span class='ocrx_word' id='word_1_14' title='bbox 665 803 786 882; x_wconf 79' lang='lat' dir='ltr'>tlsder,</span> <span class='ocrx_word' id='word_1_15' title='bbox 806 823 846 866; x_wconf 85' lang='lat' dir='ltr'>tn.</span> <span class='ocrx_word' id='word_1_16' title='bbox 869 825 909 866; x_wconf 91' lang='lat' dir='ltr'>m.</span> <span class='ocrx_word' id='word_1_17' title='bbox 931 803 979 868; x_wconf 88' lang='lat' dir='ltr'>till</span> <span class='ocrx_word' id='word_1_18' title='bbox 1000 803 1131 884; x_wconf 81' lang='lat' dir='ltr'>kloster,</span> <span class='ocrx_word' id='word_1_19' title='bbox 1149 813 1268 888; x_wconf 78' lang='lat' dir='ltr'>prester</span> <span class='ocrx_word' id='word_1_20' title='bbox 1285 803 1346 866; x_wconf 79' lang='lat' dir='ltr'>orb</span> <span class='ocrx_word' id='word_1_21' title='bbox 1366 803 1520 888; x_wconf 69' lang='lat' dir='ltr'>tutittiga</span> <span class='ocrx_word' id='word_1_22' title='bbox 1539 805 1714 889; x_wconf 61' lang='lat' dir='ltr'>magron</span> <span class='ocrx_word' id='word_1_23' title='bbox 1735 825 1944 944; x_wconf 42' lang='lat' dir='ltr'>perseum</span> 
     </span>
    </p>
   </div>
   <div class='ocr_carea' id='block_1_4' title="bbox 329 967 2056 1970">
    <p class='ocr_par' dir='ltr' id='par_1_4' title="bbox 329 967 2095 1970">
     <span class='ocr_line' id='line_1_5' title="bbox 444 967 2049 1080; baseline -0.001 -21"><span class='ocrx_word' id='word_1_24' title='bbox 444 980 496 1059; x_wconf 87' lang='lat' dir='ltr'>Jn</span> <span class='ocrx_word' id='word_1_25' title='bbox 526 975 689 1057; x_wconf 88' lang='lat' dir='ltr'>nomine</span> <span class='ocrx_word' id='word_1_26' title='bbox 718 971 842 1080; x_wconf 90' lang='lat' dir='ltr'>patris</span> <span class='ocrx_word' id='word_1_27' title='bbox 869 987 911 1052; x_wconf 89' lang='lat' dir='ltr'>et</span> <span class='ocrx_word' id='word_1_28' title='bbox 938 967 1011 1079; x_wconf 83' lang='lat' dir='ltr'>filij</span> <span class='ocrx_word' id='word_1_29' title='bbox 1038 987 1079 1052; x_wconf 86' lang='lat' dir='ltr'>et</span> <span class='ocrx_word' id='word_1_30' title='bbox 1106 973 1272 1079; x_wconf 89' lang='lat' dir='ltr'>spiritus</span> <span class='ocrx_word' id='word_1_31' title='bbox 1297 971 1431 1080; x_wconf 83' lang='lat' dir='ltr'>sanctj</span> <span class='ocrx_word' id='word_1_32' title='bbox 1458 974 1607 1070; x_wconf 77' lang='lat' dir='ltr'>Amen,</span> <span class='ocrx_word' id='word_1_33' title='bbox 1636 972 1725 1078; x_wconf 84' lang='lat' dir='ltr'>Ego</span> <span class='ocrx_word' id='word_1_34' title='bbox 1754 969 1891 1054; x_wconf 71' lang='lat' dir='ltr'>Hesus</span> <span class='ocrx_word' id='word_1_35' title='bbox 1914 1001 1990 1054; x_wconf 81' lang='lat' dir='ltr'>vxor</span> <span class='ocrx_word' id='word_1_36' title='bbox 2007 977 2049 1058; x_wconf 82' lang='lat' dir='ltr'>do</span> 
     </span>
     <span class='ocr_line' id='line_1_6' title="bbox 332 1079 2051 1199; baseline -0.003 -26"><span class='ocrx_word' id='word_1_37' title='bbox 332 1088 432 1199; x_wconf 84' lang='lat' dir='ltr'>minj</span> <span class='ocrx_word' id='word_1_38' title='bbox 460 1085 656 1170; x_wconf 86' lang='lat' dir='ltr'>lobannis</span> <span class='ocrx_word' id='word_1_39' title='bbox 684 1079 907 1192; x_wconf 81' lang='lat' dir='ltr'>logiwalds</span> <span class='ocrx_word' id='word_1_40' title='bbox 936 1109 1034 1180; x_wconf 87' lang='lat' dir='ltr'>sun,</span> <span class='ocrx_word' id='word_1_41' title='bbox 1075 1082 1212 1164; x_wconf 73' lang='lat' dir='ltr'>ultime</span> <span class='ocrx_word' id='word_1_42' title='bbox 1241 1080 1463 1166; x_wconf 85' lang='lat' dir='ltr'>uoluntatis</span> <span class='ocrx_word' id='word_1_43' title='bbox 1487 1109 1573 1164; x_wconf 84' lang='lat' dir='ltr'>mee</span> <span class='ocrx_word' id='word_1_44' title='bbox 1606 1098 1883 1166; x_wconf 84' lang='lat' dir='ltr'>testamentum</span> <span class='ocrx_word' id='word_1_45' title='bbox 1912 1086 1947 1164; x_wconf 88' lang='lat' dir='ltr'>in</span> <span class='ocrx_word' id='word_1_46' title='bbox 1972 1085 2051 1169; x_wconf 83' lang='lat' dir='ltr'>bono</span> 
     </span>
     <span class='ocr_line' id='line_1_7' title="bbox 330 1193 2053 1303; baseline -0.005 -17"><span class='ocrx_word' id='word_1_47' title='bbox 330 1227 417 1286; x_wconf 87' lang='lat' dir='ltr'>rem</span> <span class='ocrx_word' id='word_1_48' title='bbox 445 1199 558 1282; x_wconf 88' lang='lat' dir='ltr'>ihesu</span> <span class='ocrx_word' id='word_1_49' title='bbox 583 1195 723 1276; x_wconf 84' lang='lat' dir='ltr'>christi</span> <span class='ocrx_word' id='word_1_50' title='bbox 751 1210 792 1275; x_wconf 88' lang='lat' dir='ltr'>ct</span> <span class='ocrx_word' id='word_1_51' title='bbox 821 1219 1000 1274; x_wconf 88' lang='lat' dir='ltr'>meorum</span> <span class='ocrx_word' id='word_1_52' title='bbox 1029 1193 1302 1274; x_wconf 85' lang='lat' dir='ltr'>remissionem</span> <span class='ocrx_word' id='word_1_53' title='bbox 1332 1208 1590 1303; x_wconf 85' lang='lat' dir='ltr'>peccatorum</span> <span class='ocrx_word' id='word_1_54' title='bbox 1618 1193 1768 1278; x_wconf 88' lang='lat' dir='ltr'>ordino</span> <span class='ocrx_word' id='word_1_55' title='bbox 1787 1193 1862 1274; x_wconf 85' lang='lat' dir='ltr'>sub</span> <span class='ocrx_word' id='word_1_56' title='bbox 1882 1193 1945 1274; x_wconf 87' lang='lat' dir='ltr'>hac</span> <span class='ocrx_word' id='word_1_57' title='bbox 1963 1196 2053 1292; x_wconf 73' lang='lat' dir='ltr'>tom</span> 
     </span>
     <span class='ocr_line' id='line_1_8' title="bbox 331 1301 2054 1421; baseline -0.006 -25"><span class='ocrx_word' id='word_1_58' title='bbox 331 1303 714 1421; x_wconf 86' lang='lat' dir='ltr'>Sanctjmonialibus</span> <span class='ocrx_word' id='word_1_59' title='bbox 742 1307 782 1384; x_wconf 89' lang='lat' dir='ltr'>in</span> <span class='ocrx_word' id='word_1_60' title='bbox 808 1302 940 1396; x_wconf 73' lang='lat' dir='ltr'>Fotho</span> <span class='ocrx_word' id='word_1_61' title='bbox 968 1301 1040 1383; x_wconf 92' lang='lat' dir='ltr'>ubi</span> <span class='ocrx_word' id='word_1_62' title='bbox 1074 1301 1296 1386; x_wconf 86' lang='lat' dir='ltr'>secundum</span> <span class='ocrx_word' id='word_1_63' title='bbox 1323 1304 1536 1388; x_wconf 88' lang='lat' dir='ltr'>consilium</span> <span class='ocrx_word' id='word_1_64' title='bbox 1565 1304 1705 1413; x_wconf 85' lang='lat' dir='ltr'>dilectj</span> <span class='ocrx_word' id='word_1_65' title='bbox 1734 1305 1862 1388; x_wconf 86' lang='lat' dir='ltr'>mariti</span> <span class='ocrx_word' id='word_1_66' title='bbox 1889 1305 1953 1412; x_wconf 84' lang='lat' dir='ltr'>mej</span> <span class='ocrx_word' id='word_1_67' title='bbox 1973 1323 2002 1386; x_wconf 86' lang='lat' dir='ltr'>et</span> <span class='ocrx_word' id='word_1_68' title='bbox 2019 1309 2054 1388; x_wconf 87' lang='lat' dir='ltr'>di·</span> 
     </span>
     <span class='ocr_line' id='line_1_9' title="bbox 330 1413 2055 1534; baseline -0.005 -28"><span class='ocrx_word' id='word_1_69' title='bbox 330 1427 426 1506; x_wconf 89' lang='lat' dir='ltr'>uine</span> <span class='ocrx_word' id='word_1_70' title='bbox 455 1419 696 1534; x_wconf 83' lang='lat' dir='ltr'>provisionis</span> <span class='ocrx_word' id='word_1_71' title='bbox 723 1415 1024 1498; x_wconf 81' lang='lat' dir='ltr'>ordinacionem</span> <span class='ocrx_word' id='word_1_72' title='bbox 1054 1413 1106 1496; x_wconf 90' lang='lat' dir='ltr'>eli</span> <span class='ocrx_word' id='word_1_73' title='bbox 1135 1441 1161 1494; x_wconf 95' lang='lat' dir='ltr'>o</span> <span class='ocrx_word' id='word_1_74' title='bbox 1189 1415 1461 1526; x_wconf 84' lang='lat' dir='ltr'>sepulturam,</span> <span class='ocrx_word' id='word_1_75' title='bbox 1489 1416 1668 1498; x_wconf 83' lang='lat' dir='ltr'>Consero</span> <span class='ocrx_word' id='word_1_76' title='bbox 1695 1416 1840 1526; x_wconf 81' lang='lat' dir='ltr'>vigintj</span> <span class='ocrx_word' id='word_1_77' title='bbox 1859 1415 2055 1498; x_wconf 85' lang='lat' dir='ltr'>Marchasn·</span> 
     </span>
     <span class='ocr_line' id='line_1_10' title="bbox 330 1442 2055 1646; baseline -0.007 -28"><span class='ocrx_word' id='word_1_78' title='bbox 330 1533 446 1646; x_wconf 85' lang='lat' dir='ltr'>gentj</span> <span class='ocrx_word' id='word_1_79' title='bbox 474 1559 565 1616; x_wconf 90' lang='lat' dir='ltr'>cum</span> <span class='ocrx_word' id='word_1_80' title='bbox 593 1525 782 1610; x_wconf 88' lang='lat' dir='ltr'>omuibus</span> <span class='ocrx_word' id='word_1_81' title='bbox 811 1525 1055 1634; x_wconf 81' lang='lat' dir='ltr'>paramentis</span> <span class='ocrx_word' id='word_1_82' title='bbox 1082 1442 1221 1606; x_wconf 70' lang='lat' dir='ltr'>aitaris</span> <span class='ocrx_word' id='word_1_83' title='bbox 1247 1541 1288 1606; x_wconf 91' lang='lat' dir='ltr'>et</span> <span class='ocrx_word' id='word_1_84' title='bbox 1317 1525 1637 1610; x_wconf 87' lang='lat' dir='ltr'>sacerdotalibus</span> <span class='ocrx_word' id='word_1_85' title='bbox 1664 1525 1903 1609; x_wconf 90' lang='lat' dir='ltr'>indumentis</span> <span class='ocrx_word' id='word_1_86' title='bbox 1926 1527 1967 1608; x_wconf 84' lang='lat' dir='ltr'>de</span> <span class='ocrx_word' id='word_1_87' title='bbox 1983 1528 2055 1607; x_wconf 76' lang='lat' dir='ltr'>salt</span> 
     </span>
     <span class='ocr_line' id='line_1_11' title="bbox 331 1635 2055 1748; baseline -0.005 -20"><span class='ocrx_word' id='word_1_88' title='bbox 331 1648 477 1742; x_wconf 88' lang='lat' dir='ltr'>chino,</span> <span class='ocrx_word' id='word_1_89' title='bbox 519 1645 623 1722; x_wconf 91' lang='lat' dir='ltr'>Jtem</span> <span class='ocrx_word' id='word_1_90' title='bbox 654 1637 859 1719; x_wconf 87' lang='lat' dir='ltr'>monacbis</span> <span class='ocrx_word' id='word_1_91' title='bbox 885 1635 935 1718; x_wconf 89' lang='lat' dir='ltr'>de</span> <span class='ocrx_word' id='word_1_92' title='bbox 964 1636 1180 1746; x_wconf 87' lang='lat' dir='ltr'>Jullyttum</span> <span class='ocrx_word' id='word_1_93' title='bbox 1208 1638 1304 1744; x_wconf 86' lang='lat' dir='ltr'>quia</span> <span class='ocrx_word' id='word_1_94' title='bbox 1334 1655 1521 1748; x_wconf 86' lang='lat' dir='ltr'>parentes</span> <span class='ocrx_word' id='word_1_95' title='bbox 1548 1641 1626 1720; x_wconf 90' lang='lat' dir='ltr'>mei</span> <span class='ocrx_word' id='word_1_96' title='bbox 1652 1638 1710 1720; x_wconf 91' lang='lat' dir='ltr'>ibi</span> <span class='ocrx_word' id='word_1_97' title='bbox 1738 1638 1898 1748; x_wconf 89' lang='lat' dir='ltr'>plurimi</span> <span class='ocrx_word' id='word_1_98' title='bbox 1921 1639 2055 1719; x_wconf 85' lang='lat' dir='ltr'>sunth-</span> 
     </span>
     <span class='ocr_line' id='line_1_12' title="bbox 331 1744 2056 1866; baseline -0.004 -28"><span class='ocrx_word' id='word_1_99' title='bbox 331 1755 449 1866; x_wconf 84' lang='lat' dir='ltr'>matj,</span> <span class='ocrx_word' id='word_1_100' title='bbox 492 1750 669 1834; x_wconf 87' lang='lat' dir='ltr'>Confero</span> <span class='ocrx_word' id='word_1_101' title='bbox 699 1775 818 1830; x_wconf 90' lang='lat' dir='ltr'>unam</span> <span class='ocrx_word' id='word_1_102' title='bbox 846 1749 999 1830; x_wconf 87' lang='lat' dir='ltr'>curiam</span> <span class='ocrx_word' id='word_1_103' title='bbox 1042 1775 1125 1858; x_wconf 91' lang='lat' dir='ltr'>que</span> <span class='ocrx_word' id='word_1_104' title='bbox 1165 1744 1335 1845; x_wconf 87' lang='lat' dir='ltr'>dicitur,</span> <span class='ocrx_word' id='word_1_105' title='bbox 1377 1750 1648 1858; x_wconf 84' lang='lat' dir='ltr'>Hialmsetrgls</span> <span class='ocrx_word' id='word_1_106' title='bbox 1687 1777 1780 1831; x_wconf 92' lang='lat' dir='ltr'>cum</span> <span class='ocrx_word' id='word_1_107' title='bbox 1821 1751 2056 1831; x_wconf 82' lang='lat' dir='ltr'>omnibusne</span> 
     </span>
     <span class='ocr_line' id='line_1_13' title="bbox 329 1859 2056 1970; baseline -0.005 -21"><span class='ocrx_word' id='word_1_108' title='bbox 329 1867 481 1950; x_wconf 90' lang='lat' dir='ltr'>bilibus</span> <span class='ocrx_word' id='word_1_109' title='bbox 509 1881 550 1945; x_wconf 88' lang='lat' dir='ltr'>et</span> <span class='ocrx_word' id='word_1_110' title='bbox 578 1859 840 1944; x_wconf 80' lang='lat' dir='ltr'>inmobilibus</span> <span class='ocrx_word' id='word_1_111' title='bbox 868 1861 972 1942; x_wconf 86' lang='lat' dir='ltr'>ltem</span> <span class='ocrx_word' id='word_1_112' title='bbox 1002 1859 1043 1939; x_wconf 93' lang='lat' dir='ltr'>in</span> <span class='ocrx_word' id='word_1_113' title='bbox 1075 1859 1269 1941; x_wconf 89' lang='lat' dir='ltr'>bonorem</span> <span class='ocrx_word' id='word_1_114' title='bbox 1301 1859 1417 1942; x_wconf 89' lang='lat' dir='ltr'>beate</span> <span class='ocrx_word' id='word_1_115' title='bbox 1450 1863 1620 1970; x_wconf 72' lang='lat' dir='ltr'>uirginis</span> <span class='ocrx_word' id='word_1_116' title='bbox 1642 1879 1685 1944; x_wconf 87' lang='lat' dir='ltr'>et</span> <span class='ocrx_word' id='word_1_117' title='bbox 1704 1859 1912 1970; x_wconf 83' lang='lat' dir='ltr'>specialem</span> <span class='ocrx_word' id='word_1_118' title='bbox 1930 1862 2056 1942; x_wconf 77' lang='lat' dir='ltr'>deuotis</span> 
     </span>
    </p>
   </div>
   <div class='ocr_carea' id='block_1_5' title="bbox 130 1968 2056 2091">
    <p class='ocr_par' dir='ltr' id='par_1_5' title="bbox 130 1968 2056 2091">
     <span class='ocr_line' id='line_1_14' title="bbox 130 1968 2056 2091; baseline -0.003 -34"><span class='ocrx_word' id='word_1_119' title='bbox 130 2077 139 2091; x_wconf 22' lang='grc' dir='ltr'><strong><em>ἐ</em></strong></span> <span class='ocrx_word' id='word_1_120' title='bbox 212 2011 218 2016; x_wconf 96' lang='grc'><em>·</em></span> <span class='ocrx_word' id='word_1_121' title='bbox 331 2005 422 2063; x_wconf 87' lang='lat' dir='ltr'>nem</span> <span class='ocrx_word' id='word_1_122' title='bbox 450 1976 578 2086; x_wconf 87' lang='lat' dir='ltr'>patris</span> <span class='ocrx_word' id='word_1_123' title='bbox 606 1975 733 2054; x_wconf 81' lang='lat' dir='ltr'>nostri</span> <span class='ocrx_word' id='word_1_124' title='bbox 762 1971 897 2052; x_wconf 88' lang='lat' dir='ltr'>fratris</span> <span class='ocrx_word' id='word_1_125' title='bbox 924 1969 1126 2076; x_wconf 84' lang='lat' dir='ltr'>thorstanj</span> <span class='ocrx_word' id='word_1_126' title='bbox 1167 1968 1361 2052; x_wconf 79' lang='lat' dir='ltr'>iratribus</span> <span class='ocrx_word' id='word_1_127' title='bbox 1390 1971 1712 2082; x_wconf 81' lang='lat' dir='ltr'>predicatoribus</span> <span class='ocrx_word' id='word_1_128' title='bbox 1739 1975 1783 2052; x_wconf 91' lang='lat' dir='ltr'>in</span> <span class='ocrx_word' id='word_1_129' title='bbox 1811 1973 1964 2053; x_wconf 83' lang='lat' dir='ltr'>sictuoia</span> <span class='ocrx_word' id='word_1_130' title='bbox 1985 1972 2056 2078; x_wconf 68' lang='lat' dir='ltr'>assip</span> 
     </span>
    </p>
   </div>
   <div class='ocr_carea' id='block_1_6' title="bbox 323 2080 2095 4078">
    <p class='ocr_par' dir='ltr' id='par_1_6' title="bbox 323 2080 2095 4078">
     <span class='ocr_line' id='line_1_15' title="bbox 329 2080 2057 2192; baseline -0.006 -21"><span class='ocrx_word' id='word_1_131' title='bbox 329 2115 386 2170; x_wconf 94' lang='lat' dir='ltr'>no</span> <span class='ocrx_word' id='word_1_132' title='bbox 411 2103 494 2170; x_wconf 89' lang='lat' dir='ltr'>tres</span> <span class='ocrx_word' id='word_1_133' title='bbox 521 2082 704 2166; x_wconf 87' lang='lat' dir='ltr'>marchas</span> <span class='ocrx_word' id='word_1_134' title='bbox 739 2081 917 2191; x_wconf 83' lang='lat' dir='ltr'>argentj,</span> <span class='ocrx_word' id='word_1_135' title='bbox 961 2084 1067 2162; x_wconf 79' lang='lat' dir='ltr'>item</span> <span class='ocrx_word' id='word_1_136' title='bbox 1101 2080 1296 2164; x_wconf 82' lang='lat' dir='ltr'>fratribus</span> <span class='ocrx_word' id='word_1_137' title='bbox 1332 2081 1654 2191; x_wconf 85' lang='lat' dir='ltr'>predicatoribus</span> <span class='ocrx_word' id='word_1_138' title='bbox 1689 2086 1731 2165; x_wconf 91' lang='lat' dir='ltr'>in</span> <span class='ocrx_word' id='word_1_139' title='bbox 1768 2101 1995 2164; x_wconf 84' lang='lat' dir='ltr'>westraarss</span> <span class='ocrx_word' id='word_1_140' title='bbox 2016 2109 2057 2192; x_wconf 87' lang='lat' dir='ltr'>pn</span> 
     </span>
     <span class='ocr_line' id='line_1_16' title="bbox 329 2191 2056 2307; baseline -0.006 -24"><span class='ocrx_word' id='word_1_141' title='bbox 329 2225 411 2284; x_wconf 82' lang='lat' dir='ltr'>rna</span> <span class='ocrx_word' id='word_1_142' title='bbox 438 2197 573 2281; x_wconf 88' lang='lat' dir='ltr'>casula</span> <span class='ocrx_word' id='word_1_143' title='bbox 604 2197 647 2277; x_wconf 90' lang='lat' dir='ltr'>iu</span> <span class='ocrx_word' id='word_1_144' title='bbox 681 2223 763 2307; x_wconf 89' lang='lat' dir='ltr'>qua</span> <span class='ocrx_word' id='word_1_145' title='bbox 798 2193 841 2274; x_wconf 90' lang='lat' dir='ltr'>in</span> <span class='ocrx_word' id='word_1_146' title='bbox 877 2193 1071 2274; x_wconf 85' lang='lat' dir='ltr'>bonorem</span> <span class='ocrx_word' id='word_1_147' title='bbox 1113 2191 1232 2274; x_wconf 86' lang='lat' dir='ltr'>beate</span> <span class='ocrx_word' id='word_1_148' title='bbox 1276 2193 1446 2306; x_wconf 79' lang='lat' dir='ltr'>uirginis</span> <span class='ocrx_word' id='word_1_149' title='bbox 1488 2198 1602 2278; x_wconf 87' lang='lat' dir='ltr'>missa</span> <span class='ocrx_word' id='word_1_150' title='bbox 1645 2193 1807 2276; x_wconf 82' lang='lat' dir='ltr'>dicatur</span> <span class='ocrx_word' id='word_1_151' title='bbox 1849 2194 1887 2276; x_wconf 90' lang='lat' dir='ltr'>in</span> <span class='ocrx_word' id='word_1_152' title='bbox 1924 2193 2056 2287; x_wconf 79' lang='lat' dir='ltr'>sabbatis,</span> 
     </span>
     <span class='ocr_line' id='line_1_17' title="bbox 328 2301 2058 2416; baseline -0.005 -22"><span class='ocrx_word' id='word_1_153' title='bbox 328 2339 457 2394; x_wconf 74' lang='lat' dir='ltr'>arnum</span> <span class='ocrx_word' id='word_1_154' title='bbox 486 2321 711 2389; x_wconf 85' lang='lat' dir='ltr'>exametum</span> <span class='ocrx_word' id='word_1_155' title='bbox 746 2304 801 2388; x_wconf 93' lang='lat' dir='ltr'>do</span> <span class='ocrx_word' id='word_1_156' title='bbox 829 2301 879 2385; x_wconf 85' lang='lat' dir='ltr'>ad</span> <span class='ocrx_word' id='word_1_157' title='bbox 911 2304 1103 2385; x_wconf 87' lang='lat' dir='ltr'>honorem</span> <span class='ocrx_word' id='word_1_158' title='bbox 1140 2301 1321 2385; x_wconf 87' lang='lat' dir='ltr'>eiusdem</span> <span class='ocrx_word' id='word_1_159' title='bbox 1356 2305 1522 2414; x_wconf 81' lang='lat' dir='ltr'>virginis</span> <span class='ocrx_word' id='word_1_160' title='bbox 1557 2306 1752 2416; x_wconf 82' lang='lat' dir='ltr'>gloriose,</span> <span class='ocrx_word' id='word_1_161' title='bbox 1797 2309 1898 2388; x_wconf 84' lang='lat' dir='ltr'>ltem</span> <span class='ocrx_word' id='word_1_162' title='bbox 1930 2305 2058 2386; x_wconf 80' lang='lat' dir='ltr'>iratribu</span> 
     </span>
     <span class='ocr_line' id='line_1_18' title="bbox 328 2413 2059 2532; baseline -0.007 -28"><span class='ocrx_word' id='word_1_163' title='bbox 328 2417 655 2532; x_wconf 85' lang='lat' dir='ltr'>predicatoribus</span> <span class='ocrx_word' id='word_1_164' title='bbox 679 2419 722 2500; x_wconf 89' lang='lat' dir='ltr'>in</span> <span class='ocrx_word' id='word_1_165' title='bbox 742 2418 967 2526; x_wconf 83' lang='lat' dir='ltr'>strengioes</span> <span class='ocrx_word' id='word_1_166' title='bbox 988 2443 1107 2497; x_wconf 85' lang='lat' dir='ltr'>vnum</span> <span class='ocrx_word' id='word_1_167' title='bbox 1131 2413 1333 2496; x_wconf 83' lang='lat' dir='ltr'>illarcbsm</span> <span class='ocrx_word' id='word_1_168' title='bbox 1355 2417 1533 2526; x_wconf 69' lang='lat' dir='ltr'>argenti,</span> <span class='ocrx_word' id='word_1_169' title='bbox 1562 2421 1665 2498; x_wconf 87' lang='lat' dir='ltr'>Jtem</span> <span class='ocrx_word' id='word_1_170' title='bbox 1679 2417 1884 2524; x_wconf 40' lang='lat' dir='ltr'>‚fratribus</span> <span class='ocrx_word' id='word_1_171' title='bbox 1904 2417 1948 2498; x_wconf 89' lang='lat' dir='ltr'>de</span> <span class='ocrx_word' id='word_1_172' title='bbox 1967 2414 2059 2494; x_wconf 80' lang='lat' dir='ltr'>Fslils</span> 
     </span>
     <span class='ocr_line' id='line_1_19' title="bbox 327 2524 2059 2636; baseline -0.005 -21"><span class='ocrx_word' id='word_1_173' title='bbox 327 2549 472 2616; x_wconf 90' lang='lat' dir='ltr'>tunum</span> <span class='ocrx_word' id='word_1_174' title='bbox 500 2529 684 2612; x_wconf 88' lang='lat' dir='ltr'>similiter</span> <span class='ocrx_word' id='word_1_175' title='bbox 710 2555 829 2610; x_wconf 86' lang='lat' dir='ltr'>unsm</span> <span class='ocrx_word' id='word_1_176' title='bbox 861 2527 1062 2610; x_wconf 86' lang='lat' dir='ltr'>Marchsm</span> <span class='ocrx_word' id='word_1_177' title='bbox 1092 2524 1272 2636; x_wconf 70' lang='lat' dir='ltr'>argenti,</span> <span class='ocrx_word' id='word_1_178' title='bbox 1301 2531 1405 2613; x_wconf 87' lang='lat' dir='ltr'>Jtem</span> <span class='ocrx_word' id='word_1_179' title='bbox 1432 2529 1621 2612; x_wconf 88' lang='lat' dir='ltr'>omnibus</span> <span class='ocrx_word' id='word_1_180' title='bbox 1647 2525 1925 2612; x_wconf 87' lang='lat' dir='ltr'>sacerdotibus</span> <span class='ocrx_word' id='word_1_181' title='bbox 1948 2528 1981 2608; x_wconf 90' lang='lat' dir='ltr'>iu</span> <span class='ocrx_word' id='word_1_182' title='bbox 2000 2550 2059 2635; x_wconf 86' lang='lat' dir='ltr'>quo</span> 
     </span>
     <span class='ocr_line' id='line_1_20' title="bbox 328 2637 2060 2864; baseline -0.004 -28"><span class='ocrx_word' id='word_1_183' title='bbox 328 2637 977 2860; x_wconf 63' lang='lat' dir='ltr'>llstlllllllstill?</span> <span class='ocrx_word' id='word_1_184' title='bbox 992 2637 1375 2832; x_wconf 56' lang='lat' dir='ltr'>l&#39;l‘llststf‘</span> <span class='ocrx_word' id='word_1_185' title='bbox 1394 2639 1562 2832; x_wconf 56' lang='lat' dir='ltr'>{libb</span> <span class='ocrx_word' id='word_1_186' title='bbox 1577 2643 2060 2864; x_wconf 59' lang='lat' dir='ltr'>mults</span> 
     </span>
     <span class='ocr_line' id='line_1_21' title="bbox 328 2857 2061 2972; baseline -0.005 -24"><span class='ocrx_word' id='word_1_187' title='bbox 328 2873 527 2948; x_wconf 83' lang='lat' dir='ltr'>consensu</span> <span class='ocrx_word' id='word_1_188' title='bbox 555 2889 630 2944; x_wconf 93' lang='lat' dir='ltr'>suo</span> <span class='ocrx_word' id='word_1_189' title='bbox 658 2862 824 2945; x_wconf 81' lang='lat' dir='ltr'>confero</span> <span class='ocrx_word' id='word_1_190' title='bbox 856 2859 1102 2958; x_wconf 88' lang='lat' dir='ltr'>libertatem,</span> <span class='ocrx_word' id='word_1_191' title='bbox 1143 2859 1248 2943; x_wconf 81' lang='lat' dir='ltr'>ltein</span> <span class='ocrx_word' id='word_1_192' title='bbox 1277 2859 1444 2946; x_wconf 87' lang='lat' dir='ltr'>domiuo</span> <span class='ocrx_word' id='word_1_193' title='bbox 1470 2863 1645 2944; x_wconf 83' lang='lat' dir='ltr'>Jobanoi</span> <span class='ocrx_word' id='word_1_194' title='bbox 1682 2863 1888 2972; x_wconf 81' lang='lat' dir='ltr'>socerdotj</span> <span class='ocrx_word' id='word_1_195' title='bbox 1946 2862 1981 2942; x_wconf 88' lang='lat' dir='ltr'>ui</span> <span class='ocrx_word' id='word_1_196' title='bbox 2003 2857 2061 2941; x_wconf 85' lang='lat' dir='ltr'>uili</span> 
     </span>
     <span class='ocr_line' id='line_1_22' title="bbox 326 2891 2061 3085; baseline -0.007 -24"><span class='ocrx_word' id='word_1_197' title='bbox 326 2975 503 3061; x_wconf 82' lang='lat' dir='ltr'>fideliter</span> <span class='ocrx_word' id='word_1_198' title='bbox 530 2975 699 3057; x_wconf 87' lang='lat' dir='ltr'>seruiuit</span> <span class='ocrx_word' id='word_1_199' title='bbox 727 2975 782 3059; x_wconf 91' lang='lat' dir='ltr'>do</span> <span class='ocrx_word' id='word_1_200' title='bbox 812 2973 995 3083; x_wconf 82' lang='lat' dir='ltr'>predium</span> <span class='ocrx_word' id='word_1_201' title='bbox 1021 2969 1134 3083; x_wconf 91' lang='lat' dir='ltr'>quod</span> <span class='ocrx_word' id='word_1_202' title='bbox 1164 2970 1328 3082; x_wconf 72' lang='lat' dir='ltr'>possedi</span> <span class='ocrx_word' id='word_1_203' title='bbox 1355 2976 1397 3055; x_wconf 81' lang='lat' dir='ltr'>is</span> <span class='ocrx_word' id='word_1_204' title='bbox 1418 2971 1650 3073; x_wconf 81' lang='lat' dir='ltr'>llloberetb,</span> <span class='ocrx_word' id='word_1_205' title='bbox 1677 2978 1785 3059; x_wconf 79' lang='lat' dir='ltr'>Jtscs</span> <span class='ocrx_word' id='word_1_206' title='bbox 1808 2891 1970 3085; x_wconf 76' lang='lat' dir='ltr'>sigwido</span> <span class='ocrx_word' id='word_1_207' title='bbox 1988 2994 2061 3051; x_wconf 80' lang='lat' dir='ltr'>unus</span> 
     </span>
     <span class='ocr_line' id='line_1_23' title="bbox 327 3080 2061 3197; baseline -0.006 -28"><span class='ocrx_word' id='word_1_208' title='bbox 327 3088 494 3171; x_wconf 77' lang='lat' dir='ltr'>anulum</span> <span class='ocrx_word' id='word_1_209' title='bbox 522 3113 612 3169; x_wconf 86' lang='lat' dir='ltr'>eum</span> <span class='ocrx_word' id='word_1_210' title='bbox 642 3086 827 3197; x_wconf 86' lang='lat' dir='ltr'>saphiro,</span> <span class='ocrx_word' id='word_1_211' title='bbox 860 3086 964 3166; x_wconf 81' lang='lat' dir='ltr'>item</span> <span class='ocrx_word' id='word_1_212' title='bbox 994 3084 1196 3195; x_wconf 79' lang='lat' dir='ltr'>Byrgero,</span> <span class='ocrx_word' id='word_1_213' title='bbox 1237 3086 1418 3196; x_wconf 90' lang='lat' dir='ltr'>quinque</span> <span class='ocrx_word' id='word_1_214' title='bbox 1444 3084 1596 3169; x_wconf 87' lang='lat' dir='ltr'>solidos</span> <span class='ocrx_word' id='word_1_215' title='bbox 1622 3106 1729 3169; x_wconf 86' lang='lat' dir='ltr'>terre</span> <span class='ocrx_word' id='word_1_216' title='bbox 1751 3090 1801 3169; x_wconf 88' lang='lat' dir='ltr'>in</span> <span class='ocrx_word' id='word_1_217' title='bbox 1830 3080 2061 3195; x_wconf 69' lang='lat' dir='ltr'>riwagruthir</span> 
     </span>
     <span class='ocr_line' id='line_1_24' title="bbox 327 3194 2062 3307; baseline -0.007 -24"><span class='ocrx_word' id='word_1_218' title='bbox 327 3202 495 3294; x_wconf 87' lang='lat' dir='ltr'>nericic,</span> <span class='ocrx_word' id='word_1_219' title='bbox 524 3200 628 3279; x_wconf 88' lang='lat' dir='ltr'>Jtern</span> <span class='ocrx_word' id='word_1_220' title='bbox 656 3195 804 3307; x_wconf 83' lang='lat' dir='ltr'>Roginj</span> <span class='ocrx_word' id='word_1_221' title='bbox 833 3196 971 3277; x_wconf 80' lang='lat' dir='ltr'>unicas</span> <span class='ocrx_word' id='word_1_222' title='bbox 998 3213 1131 3277; x_wconf 87' lang='lat' dir='ltr'>uestes</span> <span class='ocrx_word' id='word_1_223' title='bbox 1157 3194 1209 3277; x_wconf 90' lang='lat' dir='ltr'>de</span> <span class='ocrx_word' id='word_1_224' title='bbox 1237 3195 1432 3292; x_wconf 81' lang='lat' dir='ltr'>skarleto,</span> <span class='ocrx_word' id='word_1_225' title='bbox 1458 3201 1565 3279; x_wconf 87' lang='lat' dir='ltr'>Jtem</span> <span class='ocrx_word' id='word_1_226' title='bbox 1594 3198 1720 3281; x_wconf 80' lang='lat' dir='ltr'>Eleae</span> <span class='ocrx_word' id='word_1_227' title='bbox 1741 3226 1872 3281; x_wconf 77' lang='lat' dir='ltr'>vnum</span> <span class='ocrx_word' id='word_1_228' title='bbox 1893 3194 2062 3278; x_wconf 80' lang='lat' dir='ltr'>maurellus</span> 
     </span>
     <span class='ocr_line' id='line_1_25' title="bbox 326 3304 2095 3419; baseline -0.005 -24"><span class='ocrx_word' id='word_1_229' title='bbox 326 3308 379 3395; x_wconf 88' lang='lat' dir='ltr'>de</span> <span class='ocrx_word' id='word_1_230' title='bbox 406 3308 584 3393; x_wconf 83' lang='lat' dir='ltr'>skarleto</span> <span class='ocrx_word' id='word_1_231' title='bbox 612 3336 702 3389; x_wconf 88' lang='lat' dir='ltr'>curn</span> <span class='ocrx_word' id='word_1_232' title='bbox 732 3306 857 3416; x_wconf 87' lang='lat' dir='ltr'>uarijs</span> <span class='ocrx_word' id='word_1_233' title='bbox 883 3304 1158 3403; x_wconf 86' lang='lat' dir='ltr'>subloratum,</span> <span class='ocrx_word' id='word_1_234' title='bbox 1199 3308 1305 3387; x_wconf 86' lang='lat' dir='ltr'>Jtem</span> <span class='ocrx_word' id='word_1_235' title='bbox 1332 3308 1563 3417; x_wconf 78' lang='lat' dir='ltr'>Margarete·</span> <span class='ocrx_word' id='word_1_236' title='bbox 1591 3336 1717 3391; x_wconf 86' lang='lat' dir='ltr'>unum</span> <span class='ocrx_word' id='word_1_237' title='bbox 1755 3338 1834 3419; x_wconf 87' lang='lat' dir='ltr'>par</span> <span class='ocrx_word' id='word_1_238' title='bbox 1871 3305 2095 3391; x_wconf 65' lang='lat' dir='ltr'>carmon</span> 
     </span>
     <span class='ocr_line' id='line_1_26' title="bbox 323 3412 2062 3527; baseline -0.005 -24"><span class='ocrx_word' id='word_1_239' title='bbox 323 3450 418 3503; x_wconf 87' lang='lat' dir='ltr'>rum</span> <span class='ocrx_word' id='word_1_240' title='bbox 446 3420 497 3503; x_wconf 90' lang='lat' dir='ltr'>de</span> <span class='ocrx_word' id='word_1_241' title='bbox 525 3418 721 3515; x_wconf 85' lang='lat' dir='ltr'>sksrleto,</span> <span class='ocrx_word' id='word_1_242' title='bbox 751 3422 855 3499; x_wconf 87' lang='lat' dir='ltr'>ltem</span> <span class='ocrx_word' id='word_1_243' title='bbox 882 3417 1022 3525; x_wconf 75' lang='lat' dir='ltr'>sigridi</span> <span class='ocrx_word' id='word_1_244' title='bbox 1059 3444 1184 3500; x_wconf 89' lang='lat' dir='ltr'>unum</span> <span class='ocrx_word' id='word_1_245' title='bbox 1214 3444 1291 3527; x_wconf 87' lang='lat' dir='ltr'>par</span> <span class='ocrx_word' id='word_1_246' title='bbox 1324 3417 1377 3501; x_wconf 89' lang='lat' dir='ltr'>dc</span> <span class='ocrx_word' id='word_1_247' title='bbox 1403 3418 1654 3527; x_wconf 78' lang='lat' dir='ltr'>genstblath,</span> <span class='ocrx_word' id='word_1_248' title='bbox 1683 3423 1740 3501; x_wconf 85' lang='lat' dir='ltr'>Vt</span> <span class='ocrx_word' id='word_1_249' title='bbox 1767 3441 1902 3505; x_wconf 84' lang='lat' dir='ltr'>sutem</span> <span class='ocrx_word' id='word_1_250' title='bbox 1926 3423 1966 3501; x_wconf 85' lang='lat' dir='ltr'>in</span> <span class='ocrx_word' id='word_1_251' title='bbox 1982 3412 2062 3495; x_wconf 77' lang='lat' dir='ltr'>omi</span> 
     </span>
     <span class='ocr_line' id='line_1_27' title="bbox 325 3523 2062 3641; baseline -0.005 -28"><span class='ocrx_word' id='word_1_252' title='bbox 325 3533 404 3613; x_wconf 89' lang='lat' dir='ltr'>bus</span> <span class='ocrx_word' id='word_1_253' title='bbox 441 3532 641 3641; x_wconf 83' lang='lat' dir='ltr'>premissis</span> <span class='ocrx_word' id='word_1_254' title='bbox 676 3528 794 3638; x_wconf 87' lang='lat' dir='ltr'>plens</span> <span class='ocrx_word' id='word_1_255' title='bbox 830 3529 1079 3637; x_wconf 84' lang='lat' dir='ltr'>inposterum</span> <span class='ocrx_word' id='word_1_256' title='bbox 1110 3544 1245 3637; x_wconf 87' lang='lat' dir='ltr'>posset</span> <span class='ocrx_word' id='word_1_257' title='bbox 1278 3556 1364 3610; x_wconf 88' lang='lat' dir='ltr'>esse</span> <span class='ocrx_word' id='word_1_258' title='bbox 1390 3531 1589 3615; x_wconf 79' lang='lat' dir='ltr'>stabilitss</span> <span class='ocrx_word' id='word_1_259' title='bbox 1616 3558 1664 3613; x_wconf 82' lang='lat' dir='ltr'>es</span> <span class='ocrx_word' id='word_1_260' title='bbox 1699 3530 1893 3623; x_wconf 79' lang='lat' dir='ltr'>ordinaui</span> <span class='ocrx_word' id='word_1_261' title='bbox 1928 3523 2062 3611; x_wconf 76' lang='lat' dir='ltr'>cundi</span> 
     </span>
     <span class='ocr_line' id='line_1_28' title="bbox 326 3630 2064 3751; baseline -0.005 -26"><span class='ocrx_word' id='word_1_262' title='bbox 326 3642 420 3725; x_wconf 88' lang='lat' dir='ltr'>lecti</span> <span class='ocrx_word' id='word_1_263' title='bbox 444 3642 681 3751; x_wconf 63' lang='lat' dir='ltr'>maritiniej</span> <span class='ocrx_word' id='word_1_264' title='bbox 703 3637 872 3721; x_wconf 87' lang='lat' dir='ltr'>consilio</span> <span class='ocrx_word' id='word_1_265' title='bbox 895 3655 937 3720; x_wconf 86' lang='lat' dir='ltr'>et</span> <span class='ocrx_word' id='word_1_266' title='bbox 963 3664 1180 3733; x_wconf 88' lang='lat' dir='ltr'>consensu,</span> <span class='ocrx_word' id='word_1_267' title='bbox 1208 3640 1325 3719; x_wconf 89' lang='lat' dir='ltr'>cuius</span> <span class='ocrx_word' id='word_1_268' title='bbox 1344 3640 1468 3721; x_wconf 58' lang='lat' dir='ltr'>mern</span> <span class='ocrx_word' id='word_1_269' title='bbox 1496 3642 1671 3749; x_wconf 83' lang='lat' dir='ltr'>sigillum</span> <span class='ocrx_word' id='word_1_270' title='bbox 1699 3669 1796 3723; x_wconf 73' lang='lat' dir='ltr'>cun</span> <span class='ocrx_word' id='word_1_271' title='bbox 1822 3640 1959 3751; x_wconf 75' lang='lat' dir='ltr'>sigillis</span> <span class='ocrx_word' id='word_1_272' title='bbox 1979 3630 2064 3719; x_wconf 73' lang='lat' dir='ltr'>tiber·</span> 
     </span>
     <span class='ocr_line' id='line_1_29' title="bbox 326 3748 2035 3863; baseline -0.002 -30"><span class='ocrx_word' id='word_1_273' title='bbox 326 3752 463 3837; x_wconf 86' lang='lat' dir='ltr'>lrstris</span> <span class='ocrx_word' id='word_1_274' title='bbox 493 3754 570 3863; x_wconf 87' lang='lat' dir='ltr'>mej</span> <span class='ocrx_word' id='word_1_275' title='bbox 599 3751 752 3835; x_wconf 91' lang='lat' dir='ltr'>domini</span> <span class='ocrx_word' id='word_1_276' title='bbox 781 3748 946 3859; x_wconf 82' lang='lat' dir='ltr'>Anundj</span> <span class='ocrx_word' id='word_1_277' title='bbox 981 3768 1021 3833; x_wconf 92' lang='lat' dir='ltr'>et</span> <span class='ocrx_word' id='word_1_278' title='bbox 1050 3750 1197 3859; x_wconf 87' lang='lat' dir='ltr'>prioris</span> <span class='ocrx_word' id='word_1_279' title='bbox 1224 3750 1436 3833; x_wconf 80' lang='lat' dir='ltr'>insulensis</span> <span class='ocrx_word' id='word_1_280' title='bbox 1463 3755 1719 3863; x_wconf 82' lang='lat' dir='ltr'>presentibus</span> <span class='ocrx_word' id='word_1_281' title='bbox 1745 3770 1810 3836; x_wconf 84' lang='lat' dir='ltr'>est</span> <span class='ocrx_word' id='word_1_282' title='bbox 1837 3774 2035 3863; x_wconf 83' lang='lat' dir='ltr'>appemun</span> 
     </span>
     <span class='ocr_line' id='line_1_30' title="bbox 333 3876 1992 3985; baseline -0.002 -22"><span class='ocrx_word' id='word_1_283' title='bbox 333 3876 337 3887; x_wconf 35' lang='grc' dir='ltr'>Ι</span> <span class='ocrx_word' id='word_1_284' title='bbox 449 3896 498 3964; x_wconf 74' lang='lat' dir='ltr'>Pd</span> <span class='ocrx_word' id='word_1_285' title='bbox 507 3896 701 3985; x_wconf 67' lang='lat' dir='ltr'>sermidam</span> <span class='ocrx_word' id='word_1_286' title='bbox 724 3896 842 3958; x_wconf 85' lang='lat' dir='ltr'>Littera</span> <span class='ocrx_word' id='word_1_287' title='bbox 863 3912 954 3980; x_wconf 85' lang='lat' dir='ltr'>super</span> <span class='ocrx_word' id='word_1_288' title='bbox 975 3892 1207 3977; x_wconf 79' lang='lat' dir='ltr'>Hyalmsaetbre</span> <span class='ocrx_word' id='word_1_289' title='bbox 1231 3888 1358 3977; x_wconf 84' lang='lat' dir='ltr'>propter</span> <span class='ocrx_word' id='word_1_290' title='bbox 1375 3894 1460 3984; x_wconf 86' lang='lat' dir='ltr'>quod</span> <span class='ocrx_word' id='word_1_291' title='bbox 1481 3896 1670 3979; x_wconf 86' lang='lat' dir='ltr'>optinuimus</span> <span class='ocrx_word' id='word_1_292' title='bbox 1681 3895 1779 3985; x_wconf 74' lang='lat' dir='ltr'>,Torp</span> <span class='ocrx_word' id='word_1_293' title='bbox 1798 3906 1992 3982; x_wconf 73' lang='lat' dir='ltr'>cersgusnp</span> 
     </span>
     <span class='ocr_line' id='line_1_31' title="bbox 949 3992 1826 4078; baseline 0 -21"><span class='ocrx_word' id='word_1_294' title='bbox 949 3992 1091 4076; x_wconf 66' lang='lat' dir='ltr'>sigilles,</span> <span class='ocrx_word' id='word_1_295' title='bbox 1110 3992 1174 4055; x_wconf 83' lang='lat' dir='ltr'>alls</span> <span class='ocrx_word' id='word_1_296' title='bbox 1193 4002 1257 4073; x_wconf 85' lang='lat' dir='ltr'>tre,</span> <span class='ocrx_word' id='word_1_297' title='bbox 1275 3996 1348 4078; x_wconf 72' lang='lat' dir='ltr'>lb&#39;ge</span> <span class='ocrx_word' id='word_1_298' title='bbox 1367 3993 1510 4057; x_wconf 76' lang='lat' dir='ltr'>sksdsdc.</span> <span class='ocrx_word' id='word_1_299' title='bbox 1800 4006 1826 4051; x_wconf 79' lang='lat'>·&#39;</span> 
     </span>
    </p>
   </div>
   <div class='ocr_carea' id='block_1_7' title="bbox 335 4243 2067 4404">
    <p class='ocr_par' dir='ltr' id='par_1_7' title="bbox 335 4243 2067 4404">
     <span class='ocr_line' id='line_1_32' title="bbox 335 4243 2067 4404; baseline -0.005 -39"><span class='ocrx_word' id='word_1_300' title='bbox 335 4260 489 4404; x_wconf 62' lang='lat' dir='ltr'><strong>1723ss</strong></span> <span class='ocrx_word' id='word_1_301' title='bbox 961 4254 1111 4368; x_wconf 78' lang='lat'>1283</span> <span class='ocrx_word' id='word_1_302' title='bbox 1157 4254 1208 4365; x_wconf 89' lang='lat' dir='ltr'>d.</span> <span class='ocrx_word' id='word_1_303' title='bbox 1254 4294 1318 4401; x_wconf 82' lang='lat'>27</span> <span class='ocrx_word' id='word_1_304' title='bbox 1360 4254 1472 4365; x_wconf 84' lang='lat' dir='ltr'>Juli.</span> <span class='ocrx_word' id='word_1_305' title='bbox 1692 4243 1698 4260; x_wconf 60' lang='grc'><em>’</em></span> <span class='ocrx_word' id='word_1_306' title='bbox 1764 4253 2067 4393; x_wconf 79' lang='lat' dir='ltr'>Sunderborg·</span> 
     </span>
    </p>
   </div>
   <div class='ocr_carea' id='block_1_8' title="bbox 406 4435 2070 4532">
    <p class='ocr_par' dir='ltr' id='par_1_8' title="bbox 406 4435 2070 4532">
     <span class='ocr_line' id='line_1_33' title="bbox 406 4435 2070 4532; baseline -0.007 -19"><span class='ocrx_word' id='word_1_307' title='bbox 406 4448 547 4530; x_wconf 78' lang='lat' dir='ltr'>Kooung</span> <span class='ocrx_word' id='word_1_308' title='bbox 568 4446 666 4511; x_wconf 72' lang='lat' dir='ltr'>Erras</span> <span class='ocrx_word' id='word_1_309' title='bbox 685 4446 696 4507; x_wconf 91' lang='lat' dir='ltr'>i</span> <span class='ocrx_word' id='word_1_310' title='bbox 718 4446 878 4509; x_wconf 80' lang='lat' dir='ltr'>Danmari</span> <span class='ocrx_word' id='word_1_311' title='bbox 902 4444 1044 4507; x_wconf 82' lang='lat' dir='ltr'>sillsttnd</span> <span class='ocrx_word' id='word_1_312' title='bbox 1064 4444 1117 4507; x_wconf 71' lang='lat' dir='ltr'>for</span> <span class='ocrx_word' id='word_1_313' title='bbox 1137 4442 1216 4506; x_wconf 84' lang='lat' dir='ltr'>flere</span> <span class='ocrx_word' id='word_1_314' title='bbox 1235 4444 1343 4528; x_wconf 74' lang='lat' dir='ltr'>Tyris</span> <span class='ocrx_word' id='word_1_315' title='bbox 1362 4448 1468 4511; x_wconf 79' lang='lat' dir='ltr'>stttder</span> <span class='ocrx_word' id='word_1_316' title='bbox 1490 4446 1544 4509; x_wconf 82' lang='lat' dir='ltr'>vid</span> <span class='ocrx_word' id='word_1_317' title='bbox 1565 4442 1738 4532; x_wconf 71' lang='lat' dir='ltr'>ostenjsn,</span> <span class='ocrx_word' id='word_1_318' title='bbox 1764 4458 1813 4511; x_wconf 81' lang='lat' dir='ltr'>stt</span> <span class='ocrx_word' id='word_1_319' title='bbox 1839 4448 1954 4511; x_wconf 68' lang='lat' dir='ltr'>besdbc</span> <span class='ocrx_word' id='word_1_320' title='bbox 1974 4435 2070 4503; x_wconf 57' lang='lat' dir='ltr'>sem</span> 
     </span>
    </p>
   </div>
   <div class='ocr_carea' id='block_1_9' title="bbox 447 4520 2095 4675">
    <p class='ocr_par' dir='ltr' id='par_1_9' title="bbox 447 4520 2095 4675">
     <span class='ocr_line' id='line_1_34' title="bbox 447 4520 2095 4675; baseline -0.001 -80"><span class='ocrx_word' id='word_1_321' title='bbox 447 4530 638 4595; x_wconf 79' lang='lat' dir='ltr'>marknsder</span> <span class='ocrx_word' id='word_1_322' title='bbox 654 4539 735 4591; x_wconf 86' lang='lat' dir='ltr'>ssmt</span> <span class='ocrx_word' id='word_1_323' title='bbox 750 4530 894 4593; x_wconf 78' lang='lat' dir='ltr'>oedsstts</span> <span class='ocrx_word' id='word_1_324' title='bbox 910 4532 975 4613; x_wconf 76' lang='lat' dir='ltr'>sig,</span> <span class='ocrx_word' id='word_1_325' title='bbox 991 4527 1110 4591; x_wconf 85' lang='lat' dir='ltr'>bandis</span> <span class='ocrx_word' id='word_1_326' title='bbox 1126 4528 1189 4591; x_wconf 81' lang='lat' dir='ltr'>ocls</span> <span class='ocrx_word' id='word_1_327' title='bbox 1206 4528 1321 4591; x_wconf 82' lang='lat' dir='ltr'>ruodla</span> <span class='ocrx_word' id='word_1_328' title='bbox 1336 4530 1457 4611; x_wconf 80' lang='lat' dir='ltr'>iriket‚</span> <span class='ocrx_word' id='word_1_329' title='bbox 1479 4532 1582 4595; x_wconf 66' lang='lat' dir='ltr'>sescus</span> <span class='ocrx_word' id='word_1_330' title='bbox 1597 4532 1669 4593; x_wconf 71' lang='lat' dir='ltr'>sidu</span> <span class='ocrx_word' id='word_1_331' title='bbox 1687 4532 1775 4595; x_wconf 74' lang='lat' dir='ltr'>aldi-e</span> <span class='ocrx_word' id='word_1_332' title='bbox 1790 4532 1876 4671; x_wconf 54' lang='grc' dir='ltr'>ῗάἰτ</span> <span class='ocrx_word' id='word_1_333' title='bbox 1889 4520 2069 4675; x_wconf 37' lang='lat' dir='ltr'>mlvii&amp;</span> <span class='ocrx_word' id='word_1_334' title='bbox 2094 4633 2095 4644; x_wconf 9' lang='grc' dir='ltr'>ἵ</span> 
     </span>
    </p>
   </div>
   <div class='ocr_carea' id='block_1_10' title="bbox 321 4710 2070 4927">
    <p class='ocr_par' dir='ltr' id='par_1_10' title="bbox 321 4710 2070 4927">
     <span class='ocr_line' id='line_1_35' title="bbox 436 4710 2070 4828; baseline -0.002 -32"><span class='ocrx_word' id='word_1_335' title='bbox 436 4718 602 4813; x_wconf 71' lang='lat' dir='ltr'>Essem,</span> <span class='ocrx_word' id='word_1_336' title='bbox 631 4716 705 4797; x_wconf 86' lang='lat' dir='ltr'>Dei</span> <span class='ocrx_word' id='word_1_337' title='bbox 734 4716 860 4824; x_wconf 86' lang='lat' dir='ltr'>gratia</span> <span class='ocrx_word' id='word_1_338' title='bbox 891 4715 1098 4795; x_wconf 84' lang='lat' dir='ltr'>Dacorum</span> <span class='ocrx_word' id='word_1_339' title='bbox 1121 4712 1416 4828; x_wconf 86' lang='lat' dir='ltr'>Slauorumque</span> <span class='ocrx_word' id='word_1_340' title='bbox 1439 4716 1543 4817; x_wconf 84' lang='lat' dir='ltr'>Rex,</span> <span class='ocrx_word' id='word_1_341' title='bbox 1566 4716 1788 4816; x_wconf 84' lang='lat' dir='ltr'>Omnibus,</span> <span class='ocrx_word' id='word_1_342' title='bbox 1814 4716 1896 4798; x_wconf 89' lang='lat' dir='ltr'>hoc</span> <span class='ocrx_word' id='word_1_343' title='bbox 1922 4710 2070 4817; x_wconf 64' lang='lat' dir='ltr'>scriptum</span> 
     </span>
     <span class='ocr_line' id='line_1_36' title="bbox 321 4824 2038 4927; baseline -0.007 -20"><span class='ocrx_word' id='word_1_344' title='bbox 321 4828 600 4927; x_wconf 80' lang='lat' dir='ltr'>cernentibus,</span> <span class='ocrx_word' id='word_1_345' title='bbox 629 4828 671 4909; x_wconf 94' lang='lat' dir='ltr'>in</span> <span class='ocrx_word' id='word_1_346' title='bbox 701 4826 875 4909; x_wconf 90' lang='lat' dir='ltr'>Domino</span> <span class='ocrx_word' id='word_1_347' title='bbox 903 4826 1094 4909; x_wconf 74' lang='lat' dir='ltr'>satutem.</span> <span class='ocrx_word' id='word_1_348' title='bbox 1864 4824 2038 4909; x_wconf 86' lang='lat' dir='ltr'>Nouerint</span> 
     </span>
    </p>
   </div>
   <div class='ocr_carea' id='block_1_11' title="bbox 363 5018 882 5107">
    <p class='ocr_par' dir='ltr' id='par_1_11' title="bbox 363 5018 882 5107">
     <span class='ocr_line' id='line_1_37' title="bbox 363 5018 882 5107; baseline -0.012 -20"><span class='ocrx_word' id='word_1_349' title='bbox 363 5022 388 5103; x_wconf 71' lang='lat'>⁶)</span> <span class='ocrx_word' id='word_1_350' title='bbox 409 5020 500 5087; x_wconf 73' lang='lat' dir='ltr'>mer</span> <span class='ocrx_word' id='word_1_351' title='bbox 521 5021 691 5107; x_wconf 76' lang='lat' dir='ltr'>originalet</span> <span class='ocrx_word' id='word_1_352' title='bbox 711 5022 723 5085; x_wconf 92' lang='lat' dir='ltr'>i</span> <span class='ocrx_word' id='word_1_353' title='bbox 743 5018 882 5107; x_wconf 72' lang='lat' dir='ltr'>sybeos.</span> 
     </span>
    </p>
   </div>
   <div class='ocr_carea' id='block_1_12' title="bbox 0 0 2167 5972">
    <p class='ocr_par' dir='ltr' id='par_1_12' title="bbox 0 0 2167 5972">
     <span class='ocr_line' id='line_1_38' title="bbox 0 0 2167 5972; baseline 0 0"><span class='ocrx_word' id='word_1_354' title='bbox 0 0 2167 5972; x_wconf 95' lang='lat' dir='ltr'> </span> 
     </span>
    </p>
   </div>
  </div>
 </body>
</html>
