4317 5975
839 412 854 533 Ἰ
884 408 988 509 ”’---Ι
1092 412 1172 493 252
1244 410 1342 477 '-

54 572 61 581 =
195 617 453 774 '1224'
555 642 582 719 j
654 566 935 812 1298
978 636 1148 815 dall
1190 610 1339 750 Marsi
1684 636 1690 646 ’
1812 640 2024 753 bruti.

303 856 556 945 irie-,Biskopen
580 865 589 923 i
613 859 731 949 Upsala
753 865 825 927 Nus
846 866 1012 930 Acamans
1034 866 1112 945 Brcl
1135 886 1186 927 om
1208 865 1268 926 den
1297 864 1369 927 med
1396 866 1600 946 arlaingmac
1625 866 1706 929 efter
1731 860 1865 947 Magnus
1885 866 2049 937 lobach,

291 1032 293 1035 Ι
352 968 406 1007 son
429 946 559 1011 trtiffade
580 946 896 1011 diverunskornmelsc
917 949 1077 1029 angiende
1097 970 1136 1009 en
1158 952 1169 1009 i
1192 948 1270 1011 hans
1291 960 1474 1011 testamente
1493 944 1603 1011 stiltad
1625 950 1752 1013 Vicetia
1774 954 1786 1011 i
1806 952 1880 1014 Sic
1986 1016 1990 1028 ,

1639 1078 1675 1149 A'.
1693 1098 1718 1150 ³.
1735 1085 1762 1151 t.
1781 1114 1803 1151 ι.

229 1238 261 1271 ”
331 1230 532 1311 Omnibus
577 1242 781 1341 presentes
823 1230 975 1311 litteras
1004 1232 1274 1341 Jnspecturis,
1317 1232 1526 1313 Nicotaus
1562 1232 1822 1311 miseracione
1875 1230 2017 1313 diuina

220 1340 558 1451 Archie'piscopus
585 1343 824 1451 upsalensis,
854 1344 1019 1423 salutem
1050 1340 1091 1423 in
1117 1341 1282 1423 domino
1303 1344 1599 1451 sempiternam,
1628 1340 1914 1422 Tractantibus
1944 1371 2022 1423 no-

139 1516 141 1521 .
220 1454 282 1533 bis
310 1452 361 1533 de
390 1470 626 1534 testamento
656 1452 807 1533 domini
831 1452 966 1561 Magni
995 1458 1173 1541 loansun
1192 1456 1296 1535 bone
1325 1454 1515 1533 memorie
1544 1455 1727 1549 racione,
1756 1451 2018 1562 exequcionis

218 1565 449 1644 testamenti
480 1566 605 1673 ipsius
633 1564 684 1645 ab
714 1591 762 1643 eo
792 1562 908 1646 nobis
939 1565 1064 1659 lacte,
1092 1572 1132 1645 8<
1159 1566 1210 1647 de
1241 1580 1433 1673 perpetua
1465 1566 1637 1657 vicaria,
1662 1566 1703 1643 in
1734 1562 1808 1643 sko
1829 1592 1950 1671 quam
1975 1572 2020 1646 ἃ

196 1703 293 1783 sper
319 1672 510 1781 speciales
539 1703 628 1758 suas
658 1675 830 1773 litteras,
862 1679 967 1755 &in
998 1706 1071 1757 suo
1101 1675 1355 1785 disposuerat
1372 1691 1631 1770 testamento,
1660 1674 1814 1784 aliquid
1842 1677 2019 1757 tinaliter

45 1800 52 1811 '
178 1854 185 1866 .
217 1785 519 1867 intendentibus
547 1784 748 1881 stabilire,
779 1783 942 1867 heredes
979 1790 1065 1867 eius
1094 1792 1133 1866 8<
1163 1786 1414 1895 responsales
1442 1786 1643 1894 ipsorum,
1670 1787 1804 1866 silicet
1827 1784 2018 1868 dominus

217 1896 420 1977 lohannes
449 1897 636 2003 angeluS,
678 1896 809 1977 Fulko
838 1900 1035 1994 Joansun,
1079 1904 1119 1977 8ι
1152 1897 1335 1977 dominus
1363 1894 1463 1977 Joan
1500 1895 1765 2003 lngiualdsun
1803 1925 2018 2007 responsa·

217 2008 266 2087 lis
295 2006 494 2103 ciusdem,
531 2015 570 2087 St
598 2004 784 2088 dominus
809 2008 978 2117 Magnus
1009 2011 1264 2117 ¹gregorissun
1294 2006 1548 2115 Responsalis
1578 2008 1651 2112 lilij
1680 2010 1741 2087 sui
1777 2010 1886 2087 Petri
1915 2036 2015 2089 con·

215 2116 450 2212 senserunt,
488 2134 533 2197 vt
563 2116 753 2198 uoluntas
781 2120 933 2201 domini
971 2122 1104 2228 Magni
1132 2120 1322 2229 joanssun
1352 2118 1572 2226 supradicti
1613 2147 1697 2229 quo
1735 2118 1783 2197 ad
1823 2122 2012 2200 vicariam

217 2226 440 2337 predictam
471 2258 542 2336 per
571 2231 703 2309 omnia
742 2230 1030 2311 inuiolabiliter
1066 2246 1337 2338 permaneret,
1372 2235 1412 2309 a
1452 2245 1646 2337 perpetue
1674 2230 1802 2309 robur
1827 2233 2014 2339 optineat

45 2328 82 2375 ’·
215 2340 435 2436 firmitatis,
481 2339 752 2449 superadditis
790 2340 1095 2422 condicionibus
1135 2342 1419 2449 infrascriptis,
1462 2339 1649 2420 videlicet
1684 2338 1795 2450 quod
1830 2342 2013 2450 premissi

215 2448 403 2547 heredes,
431 2456 470 2531 ἃ
499 2454 554 2531 eis
583 2451 799 2532 inmediate
828 2480 901 2561 per
930 2456 1062 2532 carnis
1099 2454 1435 2562 propagacionem
1471 2448 1712 2532 hereditario
1748 2452 1838 2559 jure
1856 2553 1858 2556 g
1875 2480 2014 2535 succe-

216 2562 356 2643 dentes
385 2578 623 2671 potestatcm
652 2560 828 2643 babeant
856 2564 972 2642 simul
1002 2563 1256 2671 presentandi
1294 2590 1504 2669 personam
1540 2558 1738 2661 >idoneam
1776 2564 1827 2643 ad
1866 2566 2013 2646 vicari-

215 2701 277 2754 am
315 2670 536 2781 predictam
575 2671 738 2757 domino
775 2673 971 2783 upsalensi
1008 2675 1079 2783 qui
1118 2702 1194 2782 pro
1231 2689 1411 2781 tempore
1449 2672 1590 2768 suerit,
1624 2672 1674 2753 ad
1704 2702 1822 2782 quem
1854 2693 2010 2782 spectat

209 2785 418 2871 institucio
447 2784 588 2889 vicarij
618 2788 843 2880 memorati,
871 2786 972 2865 ¹ltem
1004 2782 1116 2893 quod
1143 2782 1192 2864 de
1221 2786 1378 2865 duabus
1409 2785 1533 2863 missis
1550 2812 1629 2894 que
1646 2786 1914 2894 prebendario
1932 2786 2010 2865 ibi·

75 2968 78 2981 ,
114 2962 120 2977 „
195 2894 304 2974 dem
339 2894 597 2990 ministranti,
627 2912 743 2976 erant
772 2895 909 2976 relicte
947 2898 987 2975 in
1028 2896 1158 2975 littera
1201 2895 1354 2976 domini
1391 2894 1528 3003 Magni
1561 2898 1738 2975 loansun
1767 2894 2009 3005 supradicti,

100 3033 103 3042 ’
212 2999 381 3086 dicende
425 3035 501 3116 pro
539 3008 795 3118 prebendarij
844 3009 969 3116 ipsius
1007 3006 1140 3104 libito,
1183 3006 1327 3088 volunt
1366 3005 1561 3114 heredes,
1596 3027 1638 3089 vt
1669 3001 1805 3087 'altera
1848 3010 2007 3089 illarum

213 3115 380 3226 dicatur
401 3113 451 3196 de
480 3114 671 3226 Requiem
705 3147 780 3227 pro
813 3119 1035 3214 deiunctis,
1073 3121 1174 3198 Jtem
1204 3118 1315 3228 quod
1344 3117 1464 3198 semel
1495 3121 1534 3199 in
1571 3117 1790 3228 septimana
1819 3137 2008 3200 teneatur

213 3231 298 3338 ipse
333 3228 622 3335 prebendarius
655 3227 787 3308 dicere
817 3230 970 3336 vigilias
999 3231 1155 3309 Nouem
1184 3230 1407 3310 leccionum
1438 3246 1573 3338 preter
1601 3221 1690 3312 illas
1718 3257 1800 3342 que
1830 3234 1869 3310 in
1900 3232 2008 3313 litte·

212 3369 257 3420 ra
287 3339 448 3417 Domini
476 3340 740 3448 Magni'sepe
786 3338 884 3419 dicti
914 3341 1169 3448 inponuntur
1205 3342 1355 3435 eidem,
1392 3345 1496 3422 Jtem
1532 3340 1643 3451 quod
1682 3341 1799 3438 semel
1837 3343 2005 3450 singulis
2138 3328 2146 3350 ⁴¹

213 3449 329 3544 annis
358 3448 532 3528 celebret
561 3451 882 3534 anniuersarium
909 3449 1083 3531 eiusdem
1113 3451 1266 3533 domini
1294 3453 1428 3561 Magni
1457 3456 1653 3546 loansun,
1682 3453 1833 3534 domini
1863 3453 2005 3536 Karoli

214 3556 466 3653 Erlendsun,
509 3566 548 3640 &
577 3563 756 3642 omniurn
786 3560 1057 3670 predictorum
1096 3559 1287 3645 heredum
1316 3558 1531 3664 simuls&
1565 3563 1677 3674 quod
1706 3592 1844 3645 eorum
1875 3568 2004 3653 nomi·

212 3699 263 3750 na
293 3670 564 3752 inscribantur
593 3673 634 3751 in
664 3674 827 3752 Canone
858 3674 1023 3754 missalis
1051 3667 1158 3754 illius
1186 3675 1323 3754 altaris
1352 3672 1402 3754 ad
1431 3675 1544 3785 quod
1573 3675 1749 3756 deseruit
1777 3676 2004 3786 prebenda·

212 3784 297 3862 rius
326 3781 548 3891 predictus,
576 3780 623 3862 ao
653 3785 776 3864 eciam
817 3788 856 3863 in
894 3787 1021 3864 missis
1057 3787 1139 3864 suis
1176 3787 1384 3881 omnibus,
1412 3787 1510 3866 alias
1544 3783 1788 3898 vbicumque
1817 3783 2004 3869 cellibra⁴

211 3893 318 3972 uerit
355 3889 501 3972 d'euote
540 3899 580 3972 8<
616 3893 830 4001 diligenter
866 3897 1094 3977 memoriam
1132 3895 1278 3978 habeat
1312 3896 1554 3994 eorundem,
1606 3901 1707 3977 ltem
1745 3901 1856 4008 quod
1895 3902 2001 3986 bona

157 4039 159 4042 ·
211 3999 421 4114 prodicta
452 4007 597 4084 vicaria
625 4004 819 4114 deputata
848 4033 928 4091 non
959 4007 1203 4103 alienentur,
1233 4007 1295 4089 vel
1326 4025 1607 4118 permutentur
1635 4011 1721 4088 sine
1750 4027 1907 4107 nostra,
1937 4013 2029 4099 vel.

137 4169 148 4188 .
209 4143 481 4203 successorum
507 4123 759 4212 nostrorum,
793 4117 1045 4198 aoberedum
1074 4118 1347 4226 predictorum
1376 4119 1540 4223 licencia
1554 4115 1737 4227 speciali,
1766 4122 1869 4206 Jtem
1886 4121 2001 4232 quod

210 4223 502 4336 prebendarius
515 4225 663 4307 ibidem
680 4228 916 4308 deseruiens
930 4230 1168 4310 seruientem
1185 4230 1330 4310 babeat
1341 4229 1528 4311 clericum
1538 4232 1600 4309 vel
1618 4228 1791 4330 laicum,
1802 4235 1841 4312 in
1852 4260 2001 4344 carpen-

210 4341 263 4417 sis
282 4337 511 4442 monasterij
528 4335 699 4445 predicti
715 4339 802 4435 sko,
818 4345 857 4419 &
874 4342 949 4448 ipsi
967 4339 1238 4448 prebendario
1253 4340 1400 4421 dentur
1415 4369 1437 4420 a
1452 4341 1562 4424 dioto
1577 4346 1818 4426 monasterio
1831 4341 1917 4440 slro,
1929 4370 1999 4423 ra·

79 4513 82 4520 ,
155 4551 158 4556 λ
210 4448 273 4528 lor
295 4477 363 4529 sex
390 4449 639 4528 marcharum
670 4452 824 4560 argenti
857 4453 946 4557 puri
965 4454 1005 4530 in
1023 4469 1178 4532 moneta
1195 4453 1321 4531 vsuali
1344 4453 1512 4560 singulis
1530 4454 1662 4550 annis,
1693 4482 1770 4562 pro
1785 4459 1997 4537 vestimen·
2046 4471 2050 4477 ’

209 4561 261 4638 tis
288 4561 390 4652 suis,
417 4558 472 4664 jta
502 4556 631 4669 quod,
661 4560 791 4642 dietus
820 4560 1126 4669 prebendarius,
1150 4562 1252 4642 vltra
1275 4561 1452 4642 valorem
1479 4592 1548 4644 sex
1565 4564 1817 4646 Marcbarum
1840 4565 1999 4676 predic·

209 4688 339 4749 tarum
368 4669 490 4748 nicbil
522 4671 667 4777 possit,
697 4701 772 4780 pro
793 4685 850 4768 sc,
881 4673 941 4754 vel
972 4699 1046 4751 suo
1073 4677 1291 4768 seruiente,
1321 4691 1455 4781 preter
1484 4678 1633 4756 victum
1650 4693 1829 4784 peterea
1859 4706 1998 4760 mona-

89 4857 95 4868 ,
208 4783 331 4876 sterio
360 4797 600 4877 memorato,
629 4783 790 4864 Solucio
819 4802 949 4865 autem
981 4782 1252 4891 predictarum
1281 4813 1349 4866 sex
1366 4785 1619 4868 Marcbarum
1635 4793 1792 4895 argenti
1816 4791 1887 4871 fiat
1916 4791 1995 4896 hijs

206 4892 407 4987 terminis,
437 4891 624 4974 videlicet
651 4893 761 5007 quod
792 4894 906 4976 valor
942 4893 1154 4979 duodecim
1183 4925 1343 4979 orarum
1373 4900 1530 5006 argenti
1567 4899 1608 4979 in
1646 4918 1787 4998 octaua
1824 4900 1994 5012 pasche,
