4317 5975
811 328 1337 514 ···'-sts····t¹

114 605 319 704 personas·
339 589 466 699 ipsius
485 586 665 687 ordinis,
692 587 877 673 necnon
906 606 949 674 et
968 590 1017 706 ³³)
1046 609 1187 675 contra
1215 590 1367 672 dictum
1396 590 1576 692 ordinem
1599 622 1673 704 per
1695 577 1918 680 certas'dis-
1953 685 1957 693 ,

115 721 258 792 cretas,
278 728 470 811 personas
497 729 600 812 quas
625 699 677 790 ad
706 701 784 786 hoo
813 701 1004 784 duximus
1030 703 1284 812 deputandas
1310 732 1432 812 super
1461 708 1661 815 premissis
1682 707 1918 790 criminibus

116 831 159 922 et
186 813 415 902 excessibus
443 810 858 924 inquirendum‘Hijs
885 842 1029 922 nempe
1046 832 1138 924 ·q‘ue
1168 817 1289 922 magis
1316 815 1412 898 llere
1427 819 1609 924 cogimur
1629 847 1750 927 quam
1780 849 1917 902 narra·

37 973 43 983 ‚
117 955 163 1026 re
190 941 472 1014 cornostrum
503 921 836 1033 passioueninsia
874 929 1081 1016 cruciatur
1109 943 1269 1009 etcum
1300 943 1412 1008 tanta
1444 929 1614 1036 proinde
1644 932 1760 1012 nobis
1788 934 1917 1012 immi·

118 1053 211 1122 neat
238 1036 640 1143 gemendimateria,
675 1033 815 1114 fletum
844 1063 928 1118 non
958 1064 1169 1144 possumus
1206 1035 1428 1134 declinare,
1471 1041 1664 1143 Quisnam
1694 1041 1926 1124 catholicus·

117 1147 192 1228 bec
219 1146 642 1239 audiensnimisnon
671 1147 807 1230 doleat
846 1164 886 1226 et
929 1163 1169 1256 prorumpat
1198 1149 1240 1226 in
1269 1145 1442 1246 luctum,
1482 1152 1574 1258 quis
1623 1151 1749 1258 fidelis
1780 1154 1917 1234 huius·

115 1256 224 1339 modi
253 1259 461 1340 sinistrum
487 1272 676 1346 euentum
705 1257 933 1364 intelligens
962 1287 1095 1338 amara
1128 1284 1210 1338 nou
1240 1259 1396 1338 emittat
1424 1262 1606 1367 suspiria
1629 1264 1836 1373 uerbaque
1860 1265 1916 1344 la·

117 1370 375 1453 mentatinnis
402 1387 443 1450 et
474 1366 739 1450 mestitudinis
767 1396 850 1446 non
879 1387 1035 1453 eructet
1064 1397 1155 1458 cum
1186 1385 1271 1451 tota
1300 1369 1567 1450 christianitas
1587 1372 1705 1454 huius
1722 1373 1770 1484 ³4)
1800 1373 1915 1470 dolo-
1991 1426 1993 1434 ·

114 1475 170 1562 ris
196 1481 249 1560 sit
277 1483 502 1589 particeps,
531 1498 571 1562 et
599 1479 664 1559 bio
689 1507 804 1559 casus
833 1479 970 1562 fideles
1003 1482 1203 1590 percutiat
1230 1483 1452 1560 uniuersos.
1483 1483 1545 1562 Ex
1567 1481 1646 1588 hijs
1667 1486 1786 1564 etiam
1816 1485 1916 1568 dum

114 1591 337 1673 ministerio
363 1589 500 1672 debite
518 1587 848 1671 considerationis
864 1609 999 1673 nostre
1014 1593 1156 1674 mentis
1177 1607 1462 1698 presentantur
1478 1591 1527 1704 ³⁵)
1556 1592 1780 1692 obtutibus,
1811 1597 1915 1704 iguis

114 1705 156 1782 in
185 1702 690 1784 nostrismeditationibus
719 1699 943 1784 exardescit
970 1722 1010 1784 et
1038 1701 1089 1785 ad
1119 1719 1230 1782 tanta
1267 1701 1496 1784 discrimina
1542 1704 1756 1786 releuanda
1784 1708 1914 1814 snspi-
1993 1798 1997 1812 .

115 1832 179 1902 rat
207 1814 376 1894 affectus
405 1814 515 1894 zelus
543 1811 776 1894 accenditur
805 1831 844 1894 et
871 1816 1036 1921 spiritus
1064 1815 1263 1898 anxiatur.
1294 1813 1356 1894 Ad
1387 1813 1603 1924 quodcum
1630 1843 1702 1894 nos
1729 1817 1915 1898 sufficere
2014 1855 2025 1868 ·

104 1924 320 2006 «commode
348 1953 431 2004 non
461 1952 576 2033 posse
603 1925 773 2006 sciamus
817 1926 996 2008 leuamus
1032 1925 1171 2005 oculos
1199 1942 1374 2006 nostros
1415 1924 1466 2004 ad
1496 1925 1694 2022 Mentem,
1735 1927 1915 2009 Mentem

114 2037 276 2146 quidem
304 2034 382 2133 dei,
410 2037 587 2117 Montem
619 2035 801 2132 uberem,
839 2037 1023 2125 Montem¹
1043 2039 1234 2145 pinguem
1279 2035 1387 2118 uude
1417 2053 1665 2144 oportunum
1695 2042 1913 2146 pronesiae

113 2147 295 2259 nobis-³⁶)
323 2148 517 2227 auxilium
546 2163 586 2228 et
614 2146 820 2228 humiliter
848 2151 1022 2255 petimus
1048 2165 1089 2229 et
1117 2147 1327 2258 deuote37)
1354 2175 1572 2256 speramus.
1603 2149 1655 2228 Et
1683 2151 1778 2258 quia
1807 2151 1914 2230 salu*

112 2259 184 2340 bre
213 2260 255 2339 in
284 2259 362 2366 hijs
389 2257 581 2340 adbibere
610 2257 851 2356 remedium,
880 2261 1046 2341 interest
1074 2259 1313 2367 generaliter
1342 2260 1521 2340 omnium
1551 2260 1635 2340 Nos
1655 2261 1913 2342 cumeisdem
1991 2274 1994 2281 ’

114 2369 308 2451 fratribus
337 2371 485 2451 nostris
499 2371 670 2481 alijsque
694 2371 790 2452 viris
818 2371 1091 2481 prudentibus
1105 2386 1247 2458 exacto
1275 2387 1316 2450 et
1331 2368 1379 2482 38)
1400 2369 1611 2480 'frequenti
1628 2388 1801 2452 tractatu
1820 2397 1911 2480 pre·

113 2481 257 2562 habito
286 2499 409 2590 prout
437 2498 548 2564 tante
578 2483 820 2563 necessitatis
849 2485 1037 2565 instantia
1065 2482 1274 2588 exigebat,
1311 2479 1361 2561 de
1389 2483 1569 2589 ipsorum
1612 2481 1784 2564 fratrum
1815 2513 1934 2564 cone·

112 2592 202 2674 silio
232 2593 457 2674 vnlnersale
485 2593 705 2678 Consilium
734 2595 837 2676 sicut
865 2594 1089 2679 imitatione
1122 2591 1243 2700 digna
1272 2609 1501 2680 sanctorum
1533 2610 1707 2700 vpatrum
1740 2621 1911 2676 consue·
1943 2661 1946 2668 .
2038 2605 2043 2613 '

113 2703 223 2785 tudo>
242 2702 453 2786 laudabilis
482 2705 654 2812 longene
681 2705 976 2787 obseruationis
1017 2704 1203 2813 exemplo
1244 2703 1328 2795 Nos
1357 2695 1533 2800 instruit,
1566 2732 1588 2782 a
1618 2707 1810 2813 proximis
1839 2703 1910 2784 kae
1972 2769 1983 2776 .
2094 2699 2097 2706 ’

110 2813 240 2896 lendis
269 2816 460 2901 Octobris
488 2816 539 2898 ad
569 2815 671 2898 duos
699 2843 827 2897 annos
860 2817 1086 2904 immediate
1128 2831 1340 2926 sequentes
1380 2814 1631 2896 decreuimus
1659 2843 1927 2924 congregan·‚

27 2974 31 2986 v
113 2924 208 3008 dum
239 2944 283 3007 ut
310 2929 354 3008 in
382 2956 431 3009 eo
459 2945 542 3009 tam
570 2930 676 3009 circa
703 2926 857 3011 dictum
884 2928 1068 3014 ordinem
1097 2946 1137 3009 et
1165 2949 1358 3037 personas
1377 2927 1600 3034 singulares
1615 2943 1656 3009 et
1669 2927 1778 3009 bona
1806 2931 1909 3009 eius·
1997 2941 2000 2949 ⁴

110 3036 269 3127 demet
297 3040 376 3120 alia
404 3069 485 3151 que
513 3055 659 3121 statum
688 3059 861 3149 tangunt
889 3042 985 3127 fidei
1013 3041 1208 3132 catholice
1236 3068 1358 3148 quam
1373 3041 1479 3119 circa
1505 3042 1851 3146 recuperationem
1867 3056 1911 3120 et
1970 3038 2006 3145 ᾗ

109 3149 332 3231 subsidium
347 3168 615 3250 terre-sancte,
633 3179 680 3232 ac
695 3155 989 3260 reparationem
1011 3150 1309 3231 ordinationem
1324 3168 1364 3231 et
1377 3148 1633 3233 stabilitatem
1650 3152 1909 3231 ecclesiarum

109 3280 148 3342 et
162 3258 514 3370 ecclesiasticarum
530 3290 804 3371 personarum,
818 3280 859 3342 et
874 3264 1107 3344 libertatum
1122 3289 1259 3341 earum
1275 3260 1342 3373 ³⁹),
1357 3260 1425 3343 illa
1436 3259 1513 3345 deo
1528 3264 1690 3369 auspice
1703 3262 1908 3347 communi

64 3480 67 3483 Α
101 3372 275 3453 ¹consilio
290 3375 520 3456 inueniatur
536 3375 716 3481 prouisio
730 3392 770 3453 et
785 3373 962 3453 eiusdem
980 3375 1277 3481 approbatione
1286 3370 1459 3481 Concilij
1474 3372 1689 3454 roboretur
1705 3374 1907 3481 peronius
2014 3410 2015 3415 Ν
2076 3409 2082 3417 ·

108 3484 352 3565 salutiferam
368 3487 642 3567 executionem
662 3487 788 3565 uirtus
803 3485 983 3565 altissimi
999 3485 1169 3565 elimatis
1185 3485 1389 3565 erroribus
1404 3484 1595 3567 roborata
1611 3484 1687 3565 fide
1701 3488 1752 3565 ad
1771 3486 1906 3564 trami-
2040 3556 2053 3579 ,

106 3610 187 3674 tem
202 3598 383 3677 ueritatis
397 3594 586 3691 reductis,
614 3596 842 3677 errantibus
857 3598 1099 3702 reintegrata
1122 3594 1298 3676 eiusdem
1322 3594 1413 3677 fidei
1435 3580 1589 3675 unitate
1619 3595 1829 3702 extirpatis
1843 3596 1904 3673 ui·
1937 3625 1948 3639 ¹

106 3705 174 3813 tijs
202 3707 505 3817 uirtutibusque
533 3706 728 3815 plantatis
743 3710 935 3788 correctis
957 3708 1204 3800 excessibus,
1233 3706 1412 3813 moribus
1441 3706 1685 3801 reformatis,
1715 3707 1905 3813 repressis

106 3820 446 3926 oppressionibus,
469 3816 658 3897 libertate
672 3816 798 3897 solida
820 3818 1038 3897 stabilitate
1055 3818 1206 3899 munita
1224 3818 1469 3923 recuperatis
1487 3812 1717 3922 deperditis,
1746 3833 1786 3895 et
1800 3818 1904 3896 eius-

106 3927 199 4011 dem
228 3949 333 4010 terre
346 3944 454 4008 statu
469 3950 665 4035 prospero
687 3924 738 4040 4⁰)
767 3944 955 4035 reparato
969 3942 1163 4034 occupata
1180 3927 1363 4007 restituat
1379 3941 1534 4009 uastata
1547 3942 1743 4009 restauret
1760 3942 1813 4005 'et
1841 3952 1903 4005 re·

103 4056 282 4121 staurata
310 4055 525 4121 conseruet
554 4038 764 4149 Nobisque
792 4041 899 4119 uiam
928 4040 1085 4147 aperiat
1115 4034 1218 4117 idem
1235 4037 1409 4145 ipsequi
1436 4037 1573 4131 nouit,
1599 4052 1641 4116 et
1668 4034 1903 4117 facultatem

102 4150 260 4232 tribuat
288 4154 373 4258 ipse
401 4152 474 4259 qui
502 4166 655 4258 potest,
684 4166 730 4229 ut
745 4150 857 4229 sicin
875 4150 1076 4257 premissis
1091 4152 1201 4233 iuxta
1224 4150 1426 4230 intensum
1454 4150 1576 4237 animi
1593 4148 1720 4225 nostri
1748 4145 1903 4228 deside-

101 4264 209 4344 rium
237 4260 315 4343 sibi
343 4262 568 4342 ministrare
597 4265 796 4369 possimus
828 4261 1045 4343 salubriter
1067 4258 1185 4369 quod
1214 4257 1318 4341 idem
1342 4255 1651 4342 ueruseiusdem
1667 4257 1933 4361 antuersatis

102 4400 278 4483 sponsus
305 4373 490 4470 ecclesie,
518 4373 643 4479 ipsam
672 4372 859 4453 dilectam
887 4399 998 4459 snam
1025 4386 1243 4479 purgatam
1279 4368 1447 4464 maculis
1479 4371 1674 4457 munitam
1702 4364 1902 4454 uirtutuin

102 4486 322 4588 monilibus
349 4512 397 4565 ac
425 4499 758 4572 ornatamunam
779 4510 936 4589 semper
955 4480 1105 4566 babeat
1132 4498 1173 4563 et
1196 4477 1412 4564 formosam
1440 4478 1582 4566 adsui
1615 4482 1788 4571 nominis
1817 4480 1903 4561 lau·
1932 4542 1934 4549 .
1990 4532 1996 4539 -

103 4594 198 4679 dem
225 4612 270 4677 ct
294 4595 464 4706 gloriam
492 4592 545 4676 ad
574 4594 798 4674 animarum
827 4592 1141 4708 profectum-⁴¹),
1169 4592 1299 4675 robur
1325 4592 1440 4690 fidei,
1456 4618 1595 4700 pacem
1621 4608 1665 4673 et
1693 4590 1903 4673 exaltatio·
1930 4618 1933 4625 ’

148 4807 200 4883 33)
219 4815 251 4867 et
272 4806 417 4869 meum
437 4804 491 4884 34)
511 4780 687 4867 huiusmodi
713 4802 764 4887 35)
781 4812 987 4890 presentatur
1010 4802 1064 4884 36)
1085 4802 1172 4867 nobis
1192 4794 1356 4889 promnire
1381 4801 1431 4885 37)
1454 4799 1558 4867 deuoti
1586 4800 1637 4883 38)
1658 4822 1696 4867 se
1723 4802 1773 4886 39)
1794 4822 1901 4866 eorum
2028 4767 2031 4781 ι

187 4890 240 4969 4ο)
261 4908 408 4972 promere
447 4888 500 4970 dr)
522 4886 705 4975 perfectum.

238 4984 285 5042 Sa.
300 4986 420 5061 Diptcrn
438 4987 480 5041 11.
1382 4978 1385 4983 '
1413 5037 1416 5053 ¹
1715 4986 1770 5050 *7⁰
