4317 5975
825 363 1107 446 ..ven
1185 307 1366 426 -“

59 672 65 682 ,
114 578 362 694 Μοιιιιιιειῇι
389 581 546 669 Curiam
572 583 717 684 Kiliar
743 579 880 687 obligo
906 609 981 692 per
1011 599 1233 692 presentem
1269 577 1396 664 donec
1421 571 1578 693 integre
1607 582 1756 666 fuerint
1782 607 1916 693 perso·

115 697 206 776 lute.
262 697 367 799 Quia
386 721 482 777 vero
509 690 693 783 dominus
718 694 888 776 ulterius>
906 695 1026 777 michi
1054 713 1213 806 tempus
1237 690 1457 803 indulserat
1485 691 1695 778 ordinandi
1723 692 1773 776 de
1801 695 1917 796 bonis
2058 717 2064 726 ·

119 809 221 892 meis.
277 805 375 888 ldeo
401 824 536 915 preter
561 835 610 888 ea
743 821 920 914 pretecta
952 823 1063 906 umt,
1093 805 1152 888 dc
1170 835 1277 890 nouo
1305 805 1599 888 Testamentum
1629 834 1758 890 meum
1786 803 1915 888 condo

115 937 157 1000 et
181 916 326 1000 ordino
357 919 402 1029 jn
436 920 543 1002 hune
575 947 616 998 m
671 943 779 996 um..
819 917 873 997 Jn
913 919 1050 1026 primis
1086 922 1193 1002 enim
1220 914 1384 1000 heredes
1411 919 1531 1000 miehi
1555 915 1740 1026 instituo,
1774 916 1917 998 dilecte

15 1093 20 1102 .
117 1028 314 1144 qrrcndm
341 1032 486 1114 sororis
512 1041 599 1112 iuee
625 1028 745 1123 filios,
772 1025 957 1108 videlicet
983 1030 1197 1112 Dominum
1219 1030 1429 1112 lohannen
1456 1031 1668 1135 Angelum,
1703 1048 1754 1118 et
1781 1029 1917 1110 Domi·
1975 1099 1978 1106 .

116 1171 210 1226 num
238 1141 431 1224 Karclum
457 1141 700 1224 &nonnum
729 1139 988 1248 vpsatensem.
1060 1141 1211 1223 Locum
1238 1158 1369 1222 autem
1405 1142 1604 1254 sepulture
1641 1140 1747 1252 apud
1776 1141 1939 1234 Mons,
2044 1199 2069 1250 ‚⁴

116 1255 275 1337 sterium
290 1253 665 1334 ‘sanctimonialium
697 1249 756 1360 jn·
775 1249 882 1331 Scho
917 1249 1038 1331 michi
1064 1253 1180 1358 eligo.
1252 1251 1324 1362 Cuj
1362 1253 1603 1336 Monasterio
1631 1255 1720 1360 lego
1744 1253 1917 1334 ⁴Curiam

112 1363 242 1466 meent
271 1364 454 1455 Sncrsta,
487 1391 578 1445 cum
606 1357 835 1444 Molendiuo
860 1379 902 1443 et
929 1363 1128 1471 piscahrra
1161 1360 1330 1459 ibidem,
1367 1393 1413 1444 ac
1441 1365 1591 1446 Ceteris
1617 1364 1733 1449 bonis
1760 1362 1936 1446 mobilia
2057 1393 2062 1398 ·
2108 1413 2112 1420 -

118 1476 190 1573 bus
215 1494 257 1556 et
284 1473 570 1584 immobilibus,
599 1475 701 1555 siem
729 1474 854 1583 ipsam
889 1469 1082 1583 possideo.
1137 1474 1242 1558 ltem
1270 1475 1359 1582 lego
1385 1471 1534 1556 ibidem
1559 1473 1611 1558 ad
1639 1489 1762 1564 vuum
1789 1475 1917 1559 altere

112 1588 228 1670 beate
261 1587 442 1693 uirginis,
484 1602 734 1681 ornamenta,
773 1584 962 1683 Calicem,
990 1583 1205 1682 Missalem,
1242 1603 1283 1666 et
1318 1587 1454 1670 omma
1490 1585 1565 1668 alia
1594 1588 1809 1672 necessaria
1836 1612 1915 1697 que

116 1697 165 1786 ed
190 1700 324 1780 altaris
351 1699 610 1781 ministerium
635 1695 901 1810 acquiramur.
957 1696 1119 1794 Volens,
1148 1713 1194 1778 ut
1220 1723 1292 1808 per
1320 1693 1525 1796 dominum
1547 1699 1790 1808 upsalensem
1816 1716 1915 1780 tem·
1988 1703 1991 1716 '

115 1952 298 2116 Fullsblo
325 2041 417 2114 cunt
443 1951 672 2114 lllolendinc
699 2027 862 2127 ibidem,
890 2047 933 2114 et
956 2031 1126 2141 insulam
1160 2029 1307 2114 dictam
1341 2033 1436 2126 Lisrt
1478 2035 1580 2115 sicut
1606 2035 1693 2144 ipsa
1720 2029 1915 2144 possideo,
2043 2121 2046 2128 ,

110 2162 152 2226 et
177 2141 358 2257 predium
385 2156 515 2262 meum
544 2141 755 2226 Fsldeuees.
791 2143 881 2249 lego
906 2141 1122 2229 secundum
1157 2141 1319 2226 modum
1346 2160 1388 2224 et
1415 2143 1603 2242 formem,
1666 2163 1709 2249 se
1733 2148 1779 2255 jn
1809 2146 1914 2226 litte·

114 2258 169 2338 ris
209 2263 335 2366 super¹
360 2255 438 2339 hcc
470 2255 690 2365 specialiter
720 2253 932 2352 coniectis,
974 2257 1130 2365 plenius
1164 2259 1429 2340 continentur.
1499 2259 1604 2340 Jtem
1631 2175 1772 2338 dilecte
1800 2257 1915 2338 uxori

72 2451 81 2460 ,
111 2367 194 2448 mee
210 2367 419 2474 lngibmgi
434 2367 468 2448 si
481 2369 609 2476 ipsam
620 2383 713 2478 post
726 2395 789 2447 me
804 2370 1058 2477 superstitem
1070 2368 1241 2480 relinqui
1253 2368 1473 2474 contigerit.
1503 2368 1592 2476 lego
1607 2369 1766 2450 Curiam
1782 2395 1909 2450 meam
1982 2389 1995 2424 -’

112 2482 154 2560 in
181 2475 367 2572 Frcdawi
394 2507 484 2560 cum
512 2478 629 2584 bonis
654 2477 839 2561 omnibus
865 2478 1078 2562 mobilibus
1104 2495 1146 2560 et
1171 2477 1500 2592 jrnmmcbilibus,
1538 2509 1629 2562 cum
1673 2475 1912 2562 Molendinis

111 2589 403 2702 pertinentibus
416 2587 469 2671 ed
484 2592 644 2672 Curiam
657 2586 924 2696 baldingstab,
950 2609 993 2673 et
1005 2593 1196 2703 Quinque
1207 2588 1356 2676 solidos
1369 2608 1474 2674 terre
1487 2621 1578 2673 cum
1591 2587 1766 2686 dimidio,
1777 2591 1823 2701 jn
1838 2589 1914 2684 nli·

111 2719 226 2799 stum,
267 2719 310 2782 ct
351 2699 554 2785 dimidiam
593 2731 705 2784 oram
753 2703 875 2784 Terre
914 2705 960 2786 in
1002 2701 1132 2804 Suebi.
1207 2697 1266 2786 'Et
1306 2705 1410 2815 quiet¹
1444 2703 1612 2786 'Cmiam
1663 2698 1791 2785 meam
1840 2701 1913 2784 bo·

109 2815 215 2895 ther
246 2817 362 2896 sitam
404 2816 448 2897 iu
490 2813 728 2920 Niuthinge,
770 2841 890 2927 qrmm
930 2811 1064 2897 eidem
1100 2811 1240 2896 dilecte
1282 2815 1394 2899 vxori
1437 2829 1542 2897 mee·
1565 2843 1641 2926 pro
1689 2811 1938 2908 donacione-

109 2943 273 3036 propter
300 2953 355 3009 nu
385 2929 461 3009 tias
493 2927 803 3033 ussignuueram,
844 2924 1097 3036 postmodum
1124 2927 1274 3010 contuli
1310 2925 1459 3009 famulo
1473 2955 1576 3009 ‘mco
1622 2951 1766 3035 magno
1804 2924 1912 3009 diem

107 3038 254 3119 aenkiae.
310 3038 334 3117 J
362 3066 410 3119 eo
438 3040 526 3121 locu
552 3039 636 3119 eius
662 3040 821 3145 assigno
845 3038 923 3119 sibi
949 3040 1109 3121 Curiam
1139 3066 1266 3121 meam
1286 3036 1462 3138 Husabi
1476 3036 1513 3119 'a
1540 3040 1673 3121 Reech
1701 3068 1792 3129 eum
1819 3039 1942 3119 atti·'

105 3151 257 3260 nencijs
284 3149 479 3236 omnibus
532 3150 638 3230 item
663 3151 759 3262 quis
786 3149 946 3232 Cirriam
973 3137 1313 3253 blithalbir'cuius
1339 3152 1562 3261 proprietas
1588 3150 1683 3231 olim
1705 3148 1911 3259 spectabat
1985 3222 1988 3229 .
2077 3170 2082 3189 ‘

107 3258 161 3342 ad
201 3258 441 3371 sepedictam
473 3258 658 3342 dilectam
693 3288 856 3343 virorem
898 3288 1044 3359 meam,
1088 3259 1139 3343 de
1178 3263 1302 3373 ipsius
1335 3288 1529 3345 consensu
1555 3262 1706 3345 contuli
1731 3264 1912 3343 'Domine
2012 3310 2015 3317 ·
2128 3258 2140 3277 ““

109 3371 293 3479 Ragnildi
320 3374 434 3454 uxori
463 3373 624 3454 Domini
651 3369 851 3455 benedicti
876 3372 1015 3455 boson
1051 3371 1200 3455 idcirco
1226 3374 1315 3455 loco
1346 3376 1434 3471 ,eius
1461 3376 1620 3479 assigno
1648 3372 1724 3455 sibi
1752 3374 1911 3459 Curiam
2017 3426 2022 3439 ‚

106 3510 234 3565 meam
256 3482 380 3589 'Egbi
406 3512 445 3566 a.
458 3484 640 3567 Thorsue
655 3508 757 3565 ‘cum
784 3484 969 3567 omnibus
1004 3485 1225 3593 attinentiis
1258 3486 1359 3580 suis,
1399 3502 1530 3593 prout.
1544 3485 1590 3593 jn
1612 3485 1762 3569 ¹litteris
1792 3510 1911 3596 super
1947 3566 1975 3594 „
2146 3492 2150 3511 ¹

108 3596 186 3706 hijs
211 3594 396 3677 omnibus
421 3596 643 3693 confectis,
660 3592 883 3678 cridentius
909 3612 970 3677 est
996 3624 1234 3706 expressum.
1287 3597 1395 3677 ¹item
1413 3596 1574 3679 ecclesie
1601 3597 1799 3705 upsalensi
1821 3596 1929 3703 lego

68 3800 75 3809 ‚
106 3703 265 3789 Curiam
294 3732 421 3812 meam
450 3708 541 3787 Naes
566 3735 657 3787 cum
683 3706 868 3788 omnihus
894 3705 1011 3788 bonis
1038 3706 1251 3789 mobilibus
1278 3725 1320 3788 et
1339 3705 1609 3816 jmmobilihus
1643 3704 1803 3790 ibidem.
1851 3710 1910 3817 jta

101 3832 262 3914 temen,
296 3812 405 3930 quod
432 3819 589 3899 ratione
612 3814 787 3898 eiusdem
818 3818 956 3922 legati,
983 3818 1302 3926 archiepiscopus
1336 3818 1551 3925 upsalensis
1576 3814 1682 3926 jnlra
1710 3845 1858 3899 annum
1885 3846 1911 3899 a
1979 3816 1981 3821 ’

65 3944 71 3952 ’
104 3926 170 4011 die
196 3928 331 4011 obitus
358 3932 435 4011 mei
462 3939 645 4011 tencatm
671 3929 822 4011 soloere
849 3926 1041 4009 fracibus
1066 3926 1460 4037 Minoribusvpselie
1489 3928 1717 4034 Octoginta.
1758 3927 1909 4011 Marcu

51 4051 55 4058 '
103 4038 356 4123 denariorum
390 4069 490 4153 quas
524 4042 614 4147 lego
647 4015 735 4137 cisi
755 4056 804 4121 et
838 4039 1031 4145 Triginta.
1073 4040 1235 4123 Marnas.
1272 4032 1404 4123 denar.
1441 4036 1494 4121 ad
1525 4038 1716 4121 fabricam
1749 4040 1909 4124 ecclesie

102 4153 332 4263 rpsatensis.
406 4155 510 4233 Jtem
529 4154 629 4258 ‘lego
654 4149 800 4233 dilecto
827 4151 976 4260 Nepoti
1003 4178 1092 4233 meo
1120 4152 1248 4233 Fratri
1275 4152 1442 4257 israheli
1471 4153 1608 4233 lectori
1636 4150 1804 4236 fratrum
1820 4178 1910 4263 pre-

103 4262 326 4351 dicatorum
353 4264 529 4346 sictonie.
558 4260 650 4345 XX.
696 4263 858 4347 Marcus
886 4266 977 4371 puri
1003 4282 1046 4344 et
1073 4266 1285 4347 examinati
1309 4265 1485 4371 urgenti,
1513 4292 1613 4375 quus
1639 4260 1813 4347 heredes
1830 4265 1907 4353 mei

15 4431 30 4449 .
104 4378 169 4457 vel
198 4377 314 4484 hujus
339 4377 566 4458 testamenti
597 4392 835 4486 excqutores
867 4371 945 4464 sibi
979 4374 1139 4457 tradant
1166 4376 1361 4488 plenarie,
1403 4392 1615 4486 antequam
1640 4376 1717 4483 ipsi
1746 4366 1909 4457 heredes

102 4490 169 4597 jus
196 4484 477 4569 hereditarium
503 4504 782 4597 assequantur.
828 4485 907 4614 Quj
938 4486 1061 4569 frater
1088 4488 1210 4569 lsrael
1238 4490 1271 4569 si
1301 4504 1393 4601 unte
1420 4488 1715 4597 perceptionem
1735 4480 1834 4568 dicti·
1850 4485 1909 4567 lc-

103 4600 189 4706 gati
217 4596 443 4695 decesserit,
478 4597 571 4678 volo
603 4594 714 4709 qnod
745 4593 983 4706 supradicte.
1016 4598 1107 4681 XX.
1147 4598 1320 4681 -Marce
1355 4600 1509 4705 argenti
1535 4596 1760 4681 sictoniensi
1805 4598 1910 4679 Con·
1989 4630 1994 4639 ¹
2149 4692 2150 4701 Ν

20 4794 26 4800 ,
97 4712 244 4901 uenttp’
265 4715 271 4727 '
280 4712 390 4821 juxta
417 4703 578 4791 modum
619 4710 799 4819 superius
832 4711 1007 4818 positum
1047 4711 1327 4793 nichilominus
1361 4713 1644 4816 assignentur.
1683 4703 1909 4827 'Jtemcum

102 4850 182 4933 pro
237 4823 372 4903 omino
399 4816 834 4927 Petro'ttagnwatzson
863 4818 969 4902 bone
998 4824 1204 4918 memorie,
1233 4821 1402 4905 Centum
1416 4822 1568 4929 viginti.
1599 4820 1759 4902 Marnas
1773 4816 1908 4902 denar.

96 4934 248 5016 vsualis
275 4951 432 5022 monete
459 4931 649 5018 exhibere
675 4951 810 5033 teneor
836 4930 880 5013 in
908 4932 1128 5033 subsidium
1141 4934 1265 5018 Terre
1284 4950 1428 5019 sancte.
1484 4930 1583 5017 Jdeo
1609 4928 1661 5015 ad
1696 4932 1813 5017 huius
1840 4926 1908 5012 dc·
