4317 5975
996 412 1054 433 ·-
1163 368 1245 467 too
1356 412 1414 431 -
2117 454 2118 463 Ν

164 568 168 575 ³
270 584 476 755 ι1418.
674 617 702 673 ·“
955 604 1100 735 1304
1150 602 1199 709 d.
1249 600 1320 709 26
1365 602 1473 707 lan.
1550 628 1557 652 ¹
1821 601 2054 758 lliseberga
2117 512 2119 585 l

386 834 568 906 luctuosos,
591 829 698 909 Birger
719 824 912 891 llllanssons
932 827 1028 891 entus
1047 824 1228 889 Gblrobrel'
1242 824 1285 909 pt
1306 846 1344 887 eu
1364 822 1442 903 gtrd
1467 824 1475 882 i
1499 818 1603 905 Floby
1619 816 1680 883 oeb
1707 840 1741 905 ιγ
1764 825 1920 907 drtuglsnd
1937 830 1946 890 i
1963 828 2055 915 musy,
2117 798 2119 875 l

402 972 406 979 ,
439 918 490 977 tm·
510 918 575 975 sina
597 914 616 974 3
637 915 742 974 sonere
762 912 863 993 sitlar,
885 912 932 975 till
954 911 1126 991 Risaberga
1150 910 1281 986 kloster,
1305 906 1374 969 med
1399 905 1553 967 ltu-betttt
1567 906 1691 968 lb'rsins
1712 908 1883 991 sltgtingnr,
1902 924 1943 973 stt
1961 916 2056 979 iuontr

315 1006 319 1011 '
436 998 497 1060 och
520 998 579 1076 dag
602 990 707 1055 kunnu
729 994 865 1081 igenliisa
885 996 1070 1057 slstntmnde
1090 992 1181 1077 gods,
1203 992 1347 1075 sulingen
1372 988 1442 1052 med
1466 990 1528 1051 tit·
1560 988 1673 1072 audags
1694 990 1855 1075 drtuglsnd
1876 994 1936 1075 jord
1954 997 2015 1061 eller
2028 998 2053 1061 51
2118 1048 2119 1077 ,

437 1084 524 1145 mss-t
547 1081 729 1165 penningsr«
1852 1158 1885 1213 A
1901 1161 1922 1215 λ
1937 1178 1960 1215 ι
2117 1084 2119 1171 l

416 1299 616 1384 Omnibus
648 1296 787 1379 christi
817 1294 1004 1379 fidelibus
1033 1310 1242 1405 presentes
1286 1292 1437 1375 litteras
1467 1294 1728 1403 inspecturis,
1770 1294 1994 1379 suessanus
2015 1328 2056 1381 re·
2118 1362 2120 1377 .

302 1419 396 1515 licta
426 1412 578 1495 domini
609 1410 773 1519 byrgcri
801 1407 1056 1519 baquusson,
1101 1407 1269 1488 salutem
1301 1408 1341 1487 in
1372 1405 1540 1487 domino
1568 1407 1680 1489 ihesu
1708 1404 1877 1501 cbristo,
1905 1411 1994 1512 Quia
2016 1438 2056 1491 se·

301 1558 354 1641 pe
381 1526 513 1609 solent
540 1552 587 1605 ea
615 1548 697 1632 que
726 1517 1027 1602 racionabiliter
1055 1533 1145 1599 acta
1174 1535 1270 1599 sunt
1298 1520 1341 1599 iu
1374 1516 1544 1598 dubium
1561 1515 1762 1613 reuocari,
1794 1518 1872 1598 nisi
1900 1518 2056 1602 bonorum

300 1659 342 1722 et
371 1637 668 1743 fidedignornm
698 1632 906 1712 bominum
948 1630 1188 1711 testimoniis
1229 1656 1298 1712 seu
1328 1630 1553 1710 litterarum
1595 1630 1701 1711 serie
1731 1628 1965 1711 roborentur
1997 1632 2058 1739 llgo

300 1753 427 1862 igitur
455 1750 607 1830 Notum
637 1741 742 1823 lac'io
769 1760 852 1822 tam
883 1742 1141 1851 presentibus
1182 1768 1304 1851 quam
1335 1742 1482 1821 futuris
1525 1768 1587 1821 me
1614 1768 1707 1821 cum
1735 1766 1930 1822 consensu
1954 1760 1988 1822 et
2009 1772 2058 1823 ro

300 1864 458 1944 luntate
490 1883 667 1939 meorum
697 1851 889 1934 heredum
919 1881 996 1962 pro
1025 1853 1237 1934 animabus
1264 1850 1502 1935 dilectorum
1533 1853 1911 1933 liliorummeorum
1938 1856 2058 1961 gostaui

299 1991 341 2054 et
369 1974 548 2079 siggonis
577 1965 732 2047 dedisse
762 1965 1008 2045 monasterio
1036 1966 1079 2045 in
1108 1962 1354 2071 rissebyergh
1390 1966 1542 2044 curiam
1573 1990 1699 2044 meam
1734 1960 1847 2061 llolsy'r
1875 1994 1956 2044 cum
1982 1968 2058 2072 agris

184 2153 187 2162 .
227 2146 233 2162 Ι
300 2086 426 2195 pratis
454 2082 565 2163 siluis
595 2076 827 2157 nemoribus
857 2076 1037 2185 piscariis
1067 2073 1306 2157 molendinis
1334 2104 1381 2159 ac
1410 2076 1598 2156 omuibus
1634 2074 1722 2155 aliis
1763 2076 1979 2155 attinenciis
2000 2084 2060 2156 ino·

297 2196 448 2279 bilibus
475 2208 518 2274 et
545 2187 809 2271 inmobilibus
853 2204 1054 2297 perpetuo
1083 2186 1385 2297 possidendam,
1428 2190 1604 2295 insuper
1632 2184 1725 2269 dedi
1755 2214 1834 2293 pro
1862 2187 1981 2265 anima
2003 2186 2059 2265 lla·

298 2306 412 2419 quini
442 2304 513 2385 lilii
538 2306 620 2382 mei
640 2297 766 2380 ·xv11
794 2298 946 2381 solidos
974 2317 1081 2379 terre
1110 2297 1276 2379 invilla
1319 2327 1400 2409 que
1436 2298 1587 2379 dicitur
1629 2298 1787 2403 otraeby
1829 2297 1873 2387 in
1912 2297 2060 2377 walunas

298 2416 545 2500 monasterio
572 2407 820 2521 supradicto,
852 2410 939 2491 Hac
967 2409 1121 2492 adiecta
1150 2407 1389 2491 condicione
1409 2410 1520 2521 quod
1540 2406 1707 2491 heredes
1736 2410 1814 2489 mei
1843 2406 2059 2518 dictumpre·

296 2530 409 2611 dium
438 2524 590 2608 debent
617 2520 820 2604 resoluere
848 2522 953 2601 inlra
982 2549 1132 2601 antrum
1162 2547 1252 2602 cum
1282 2521 1451 2603 totidem
1480 2520 1620 2603 solidis
1637 2539 1741 2602 terre
1760 2522 1992 2629 ubicumque
2013 2546 2060 2599 eos

296 2639 479 2751 poterint
508 2660 750 2747 procurare,
779 2631 821 2713 si
849 2659 949 2714 uero
979 2630 1163 2743 predium
1207 2659 1289 2712 non
1325 2632 1541 2715 habuerint
1582 2635 1878 2743 quinquaginta
1922 2628 2060 2713 narem

295 2752 433 2835 denar.
464 2777 555 2831 cum
585 2776 663 2827 vna
693 2744 843 2825 vsualis
870 2764 1031 2826 monete
1058 2744 1223 2824 soluant
1253 2748 1496 2826 monasterio
1525 2743 1630 2826 infra
1658 2746 1876 2824 terminum
1906 2740 2059 2822 meinora-

294 2883 399 2957 turn,
427 2863 528 2963 etsi
557 2856 780 2939 defecerint
809 2855 851 2936 in
879 2854 1087 2936 solucione
1115 2852 1223 2936 dicte
1254 2858 1424 2965 pecunie
1467 2860 1571 2938 sicut
1613 2873 1871 2967 pretaxatam
1908 2869 1962 2935 est
1986 2850 2059 2934 iden
2119 2914 2120 2925 ,

295 2967 834 3086 predium'sanctimoniales
863 2967 1040 3050 eiusdem
1077 2968 1308 3048 monasterii
1354 2971 1392 3050 in
1435 2984 1675 3077 perpetuum
1719 2964 1991 3078 possidebunt,
2026 2965 2059 3044 la

294 3091 409 3169 euius
440 3082 495 3166 rei
525 3081 797 3162 testimonium
827 3079 1003 3189 sigillum
1033 3107 1164 3160 meum
1198 3107 1276 3160 vna
1306 3108 1397 3162 cum
1427 3079 1568 3188 sigillis
1596 3077 1796 3161 nubilium
1844 3078 2058 3160 dominorum

294 3199 458 3281 Domini
487 3193 728 3300 llangwaldi
757 3191 856 3272 dicti
885 3191 1003 3270 mulae
1029 3188 1166 3272 dilecti
1194 3189 1265 3269 lilii
1296 3191 1391 3288 mei,
1419 3209 1461 3271 et
1489 3191 1652 3272 Domini
1681 3190 1818 3302 lllagni
1847 3191 2059 3271 marinamson

293 3309 428 3390 dilecti
458 3305 597 3415 generi
627 3303 723 3398 mei,
752 3328 798 3382 ac
825 3299 1066 3384 dilectorum
1099 3302 1273 3382 filiorum
1315 3331 1497 3383 meorum
1540 3301 1741 3384 benedicti
1771 3323 1814 3386 et
1846 3303 1972 3408 Magni
1997 3325 2060 3408 pre

294 3419 477 3502 sentibus
490 3435 798 3524 estappensum,
827 3413 976 3492 Datum
1000 3413 1246 3521 risaebyergb
1262 3410 1551 3496 Anssodomini
1579 3413 1661 3497 ‚Mn
1691 3415 1830 3498 CCC'.
1859 3413 1965 3494 llll⁰.
1990 3407 2058 3488 vll·

294 3531 375 3610 lsal.
404 3527 611 3609 februarii.
1344 3539 1347 3546 ’

638 3667 781 3750 sigilles:
803 3669 862 3730 azo
887 3689 897 3731 t
922 3665 983 3728 ses
1005 3667 1024 3729 s
1045 3621 1197 3746 ,stam
1231 3670 1289 3730 nso
1311 3689 1329 3731 ι
1352 3667 1433 3749 ueri,
1461 3669 1519 3734 nso
1539 3671 1561 3750 4
1581 3669 1753 3734 marsana.

305 4059 474 4185 1419·
916 4033 1090 4163 1304·
1116 4035 1164 4142 d.
1219 4039 1286 4148 15
1334 4031 1484 4145 Febr.
1781 3994 2063 4144 St'oclsbolus.

323 4250 327 4258 ’
376 4259 513 4338 Kooung
538 4258 666 4320 Bassus
688 4253 885 4317 srsdnastoe
916 4255 957 4339 pt
979 4255 1124 4318 Marsico
1145 4255 1286 4319 Tborlel
1309 4255 1480 4320 llautssons
1502 4257 1664 4342 jordalspte
1685 4257 1756 4320 med
1779 4259 1947 4320 Nunnorns
1968 4257 1976 4316 i
1995 4251 2063 4315 clm

426 4339 781 4508 :lffiel'plffiyrjmom
804 4337 868 4399 ban
892 4339 1012 4400 lemasr
1037 4339 1113 4422 gods
1134 4339 1144 4402 i
1167 4339 1314 4430 llussby,
1338 4341 1459 4420 bonde,
1479 4339 1601 4425 Bergby
1623 4339 1683 4406 ocb
1706 4342 1845 4426 Lundby
1867 4351 1932 4403 mot
1951 4339 2063 4400 lloatrets
2086 4365 2089 4370 ·
2121 4407 2122 4442 ,

1848 4507 1884 4561 A.
1900 4508 1923 4562 3·
1940 4504 1960 4558 l.

271 4744 276 4752 ι
396 4643 665 4741 Ἐνιωιιειιυε,
692 4639 758 4723 dei
786 4641 921 4750 gracia
949 4667 1149 4722 sueorum
1180 4639 1491 4753 Gothorumque
1517 4643 1623 4740 Rex,
1652 4642 1856 4726 Omnibus
1891 4649 2063 4752 presentet

294 4756 450 4835 litteras
478 4756 739 4864 inspecturis,
777 4753 943 4835 salutem
972 4753 1015 4834 in
1043 4750 1210 4835 domiuo
1238 4752 1541 4861 sempiternam,
1570 4757 1771 4860 Quoniam
1803 4770 1967 4864 propter
1992 4747 2062 4828 brt·

294 4895 386 4949 uem
415 4866 536 4949 vitam
565 4864 815 4962 mortalium,
838 4863 1135 5057 'bominumgue
1174 4862 1331 4945 labilem
1361 4870 1609 4963 memoriam,
1651 4895 1697 4947 ea
1727 4892 1808 4978 que
1836 4854 2062 4946 racionabili-

293 4998 356 5060 ter
388 4991 589 5088 aguntur,
613 5004 724 5058 =raro
761 4977 1056 5087 perueniunts
1114 5003 1257 5086 puram
1287 4977 1478 5058 noticiam
1511 4993 1785 5090 posterorum,
1822 4979 1898 5060 nisi
1928 4991 2062 5084 presen-
