4317 5975
986 479 1379 574 ''¹¹7²'‘

276 686 555 774 conncucione
589 678 784 765 vocaliter
824 678 932 765 iacta
972 683 1206 794 mpradicta
1254 681 1489 770 domina&
1515 679 1634 766 liberi
1675 679 1739 765 sui
1780 698 1993 793 surgentes
2032 681 2081 770 in-

275 800 473 897 medium,
506 793 624 879 michi
638 806 696 874 'vt
723 793 767 873 in
795 794 929 904 patria
971 810 1113 878 nostra
1154 798 1261 879 inter
1301 792 1522 880 vendentes
1549 800 1793 880 &ementes
1832 800 1957 879 moris
1996 818 2076 898 est,

274 932 399 995 manu
426 912 634 1021 porrecta,
662 930 785 1014 super
819 906 1041 990 stabilitate
1080 906 1332 991 vendicionis
1376 905 1481 989 facte
1523 905 1641 989 iidem
1682 905 1896 1006 dederunt,
1938 917 1979 993 81
1998 936 2075 1019 ego

273 1021 424 1106 eisdem
451 1016 663 1100 denarium
691 1014 771 1119 deiv
791 1016 944 1100 tradidi
978 1018 1022 1100 in
1063 1015 1315 1101 euidenciam
1342 1010 1589 1128 'empcionis
1630 1018 1829 1128 Sequenti
1867 1023 1979 1103 rcro'
2010 1022 2076 1103 die

272 1133 325 1219 de
352 1155 552 1219 consensu
580 1128 709 1241 partis
736 1129 845 1211 rtriu
895 1154 948 1212 ue
985 1128 1123 1212 vocati
1160 1131 1333 1213 suntin
1370 1127 1535 1212 domum
1562 1127 1740 1212 eiusdem
1786 1130 1954 1214 dominc
1994 1150 2076 1215 tres

271 1242 452 1361 reputati
479 1242 591 1325 ciues
618 1234 795 1325 eiusdem
822 1240 930 1338 vile,
957 1254 1096 1351 preter
1123 1266 1426 1355 personasque
1451 1240 1495 1323 in
1523 1242 1653 1349 prima
1686 1244 1964 1325 conucncione
1985 1272 2076 1355 pre·

270 1372 403 1439 sentes
431 1352 689 1448 exstiterant,
719 1351 874 1434 scilicet
899 1350 1149 1434 hermannus
1175 1352 1381 1452 Cazubuc,
1409 1366 1576 1433 arturus
1602 1353 1777 1452 institor,
1808 1355 2075 1439 &lohannes

270 1466 323 1552 de
350 1465 555 1563 werdene,
586 1488 747 1545 necnon
775 1460 858 1543 duo
887 1461 958 1571 alij
985 1460 1191 1574 fidedigni,
1215 1462 1288 1546 sed
1316 1465 1361 1546 in
1387 1462 1486 1548 tilla
1513 1463 1699 1573 predicta
1713 1463 1963 1548 domicilium
1978 1454 2073 1579 pro·

268 1580 408 1689 prium
437 1604 521 1659 non
548 1576 739 1657 habentes
767 1574 918 1657 scilicet
944 1574 1187 1657 Lambertus
1218 1573 1330 1659 Mule
1366 1578 1408 1656 &
1441 1572 1688 1657 hermannus
1724 1575 1851 1686 Cylle.
1884 1581 1938 1659 ln
1973 1606 2076 1690 quo·

127 1774 128 1783 Ν
255 1716 363 1772 “rum
392 1689 605 1802 precencia
633 1684 829 1785 dominus,
848 1684 1047 1793 johannes
1074 1702 1212 1783 rector
1238 1687 1405 1769 ecclesie
1431 1683 1678 1796 supradicte,
1706 1714 1758 1769 ex
1792 1706 1909 1799 perte
1934 1718 2008 1771 sua
2022 1694 2076 1779 ,s

268 1802 411 1885 matris
450 1797 680 1910 publicauit
719 1796 853 1879 omnia
896 1797 1005 1879 inter
1031 1813 1165 1879 meet
1192 1799 1302 1908 ipsos
1328 1797 1396 1881 die
1430 1798 1618 1908 proximo
1653 1802 1847 1908 preterita
1882 1799 2074 1885 stabilita.

268 1914 312 1997 in
356 1940 438 2025 qua
492 1909 773 2021 publicacione
829 1905 914 1990 duo
969 1904 1228 1991 condiciones
1283 1911 1390 2020 pari·
1429 1910 1608 2018 partium
1663 1936 1863 1993 consensu
1922 1909 2080 1996 adiecto

269 2022 447 2107 fuerunt.
474 2049 567 2120 vna,
635 2021 718 2105 uod
753 2038 904 2102 extunc
938 2017 1096 2101 edificia
1131 2020 1177 2101 in
1210 2018 1343 2103 fundo
1382 2035 1522 2129 empto
1563 2019 1796 2122 existencia,
1837 2024 1881 2104 in
1909 2049 1999 2106 meo
2026 2050 2074 2105 ac

267 2136 440 2218 fratrum
468 2050 652 2245 periculo
683 2128 819 2243 quoad
847 2159 964 2214 casus
990 2130 1182 2213 fortuitos
1211 2146 1511 2244 premanerent.
1575 2131 1714 2230 altera,
1773 2133 1856 2217 uod
1884 2133 1972 2243 ipsa
1999 2132 2071 2217 do-

148 2293 151 2301 ·
268 2248 422 2329 minino
448 2272 575 2357 nsque
604 2241 658 2327 ad
686 2242 851 2326 totalem
880 2242 1136 2335 solucionem
1157 2242 1286 2353 precij
1312 2244 1357 2323 in
1384 2242 1497 2325 dicto
1523 2243 1704 2325 manerio
1732 2241 1759 2323 li
1813 2272 1857 2327 re
1891 2272 2072 2327 rernaned

266 2375 344 2457 ret,
372 2387 452 2439 vna
479 2371 641 2438 tantum
670 2352 793 2441 domo
827 2381 951 2464 super
983 2357 1018 2437 ri
1073 2381 1114 2434 m
1149 2356 1285 2463 stagni
1319 2355 1398 2435 sita
1435 2356 1477 2435 in
1514 2354 1686 2435 introitu
1722 2352 1903 2450 eiusdem
1937 2384 2072 2441 mane·

267 2470 334 2579 rij,
349 2469 486 2553 -michi
513 2467 566 2552 ed
593 2495 710 2549 vsum
738 2465 910 2549 fratrum
950 2458 1005 2547 ¹vn
1035 2491 1233 2576 ecumque
1272 2462 1507 2549 stocholmis
1535 2459 1832 2548 diuertencium
1858 2468 2070 2577 resignata.

267 2610 347 2693 pro
376 2582 493 2661 cuius
518 2578 687 2689 quidem
712 2576 855 2660 domus
882 2577 1154 2687 occupacione
1179 2574 1350 2659 eandem
1379 2572 1584 2659 dominam
1619 2581 1660 2657 &
1694 2574 1845 2660 liberos
1877 2606 1972 2661 suos
2005 2607 2069 2664 me

266 2693 436 2803 promisi
469 2689 724 2772 redditurum
763 2686 1013 2799 indempnes,
1041 2684 1144 2769 dans
1184 2687 1243 2770 eis
1284 2686 1337 2769 de
1377 2688 1516 2798 precio
1560 2683 1759 2769 mediante
1799 2686 1977 2797 johanne
2017 2690 2070 2775 de

265 2801 456 2899 werdone
483 2797 703 2898 antedicto,
730 2813 813 2881 tres
840 2798 996 2882 Marcus
1025 2801 1185 2910 argenti
1212 2798 1256 2880 in
1283 2814 1444 2880 moneta
1485 2814 1623 2881 tamen
1664 2797 1807 2898 vsuali,
1848 2827 1927 2909 pro
1967 2830 2069 2903 arra,

264 2931 453 3030 quartam
480 2910 647 3022 insuper
672 2911 847 2993 Marcam
875 2936 938 2992 sne
966 2908 1159 2994 daturum
1191 2906 1303 3018 jnica
1338 2906 1521 2994 triduum
1556 2909 1621 2991 vel
1658 2911 1821 2992 circiter
1855 2914 2068 3022 repromit·
2138 2972 2142 2979 -

263 3046 366 3110 tens.
396 3029 525 3106 Porro
553 3049 646 3104 cum
675 3023 831 3132 prelata
866 3019 1030 3101 domina
1071 3021 1152 3129 hijs
1193 3021 1310 3103 lactis
1351 3017 1404 3102 ad
1444 3020 1652 3103 ecclesiam
1695 3019 1917 3122 festinaret,
1946 3052 2065 3109 snam

263 3156 423 3222 tanturn
450 3135 627 3216 Marcam
656 3131 814 3242 argenti
841 3127 913 3210 illo
939 3127 1006 3211 die
1032 3130 1199 3242 recepit,
1234 3127 1373 3214 dicens
1408 3129 1468 3214 illi
1506 3158 1626 3244 quem
1662 3159 1741 3243 pro
1779 3134 2066 3220 committenda

262 3247 437 3361 pecunia
467 3242 617 3356 reliquj
646 3242 697 3325 de
725 3241 794 3325 illa
828 3235 951 3321 domo
987 3258 1082 3324 ante
1115 3239 1315 3355 quosdam
1349 3238 1452 3326 alios
1479 3241 1692 3342 recedens,
1719 3243 1834 3356 quod
1863 3248 2068 3331 residuum

264 3360 395 3444 donec
425 3362 509 3468 ipsa
538 3355 764 3466 requireret
792 3367 1017 3436 reserueret
1044 3352 1125 3437 Sed
1161 3381 1256 3438 cum
1309 3411 1324 3440 .
1378 3413 1391 3437 .
1447 3414 1460 3438 .
1514 3415 1527 3452 ,
1582 3354 1681 3436 hoc.
1701 3357 1827 3438 tercia
1868 3355 1934 3439 die
1973 3376 2069 3470 post

263 3471 506 3553 innotuisset
533 3471 662 3577 ipsam
690 3464 879 3550 videlicet
905 3491 962 3547 vn
1017 3519 1503 3551 ........
1522 3502 1526 3511 ·
1559 3523 1571 3550 .
1626 3466 1713 3549 enti
1748 3469 1947 3578 recepisse
1987 3498 2065 3582 pro

263 3611 367 3682 arra,
402 3605 478 3690 ego
519 3579 699 3690 reliquas
733 3576 836 3659 duas
878 3577 1076 3689 recipiens
1125 3582 1166 3659 &
1205 3597 1395 3690 quomam
1430 3584 1546 3689 prius
1585 3579 1824 3689 promissam
1869 3581 2067 3690 superad·
2139 3615 2144 3690 j

262 3695 361 3780 dens
389 3721 454 3776 eas
482 3692 559 3772 sibi
588 3689 855 3801 personaliter
882 3689 1129 3800 presentaui.
1156 3688 1251 3794 Qne
1278 3705 1466 3800 presente
1686 3716 1771 3801 quc
1808 3715 1906 3774 casu
1925 3719 2068 3802 super·
2142 3702 2143 3722 ¹

263 3823 435 3890 uenerat
474 3801 633 3885 dicebat
661 3829 705 3882 se
733 3828 819 3881 non
846 3798 996 3881 audere
1022 3799 1160 3882 oblata
1180 3800 1362 3907 recipere
1415 3856 1769 3885 ......
1823 3827 1941 3883 erens
1967 3831 2011 3886 se
2038 3833 2067 3887 a

262 3917 424 4030 prelato
453 3914 619 3996 domino
647 3913 705 3994 .R.
739 3910 969 3994 Castellano
996 3937 1123 4020 super
1147 3908 1388 3993 vendicionc
1452 3965 1736 3995 .....
1802 3909 2066 4022 redargutam

181 4091 184 4095 -
261 4045 517 4118 cumtamcn
546 4027 632 4133 ipsa
661 4007 853 4105 hahuerit
878 4020 1084 4133 michique
1110 4027 1152 4104 &
1178 4021 1267 4102 aliis
1289 4020 1478 4132 pluribus
1506 4022 1727 4104 ostenderit
1789 4083 1800 4106 .
1855 4085 1868 4107 .
1906 4025 2068 4109 litteras

262 4138 502 4224 serenissimi
531 4135 727 4247 principis
755 4132 908 4214 domini
951 4133 1088 4242 Magni
1131 4132 1197 4214 dei
1233 4139 1367 4241 gracia
1402 4159 1607 4216 swcorum
1641 4132 1942 4246 gothorumque
1984 4138 2071 4220 Re·

262 4257 323 4362 gis
356 4249 533 4344 illustris,
562 4275 636 4356 per
665 4273 766 4356 quas
795 4259 905 4356 patet
933 4245 1067 4352 ipsum
1095 4242 1306 4326 dominum
1333 4244 1482 4351 Regem
1523 4261 1618 4326 ante
1645 4270 1794 4326 nouem
1828 4273 1957 4328 annos
1995 4252 2068 4332 vel

261 4366 422 4446 circiter
450 4357 619 4442 fundum
648 4359 690 4439 in
718 4385 803 4466 quo
831 4353 1060 4436 edificatum
1089 4373 1149 4437 est
1181 4372 1443 4436 memoratum
1473 4357 1696 4436 manerium
1726 4355 1909 4464 predicto
1932 4355 2070 4443 dorni-

261 4503 317 4555 no
354 4474 415 4558 .G.
443 4467 650 4583 quondam
692 4467 837 4548 marito
889 4464 1066 4549 eiusdem
1109 4467 1249 4546 uiduae
1288 4467 1517 4576 simph'citer
1557 4487 1598 4550 ct
1638 4465 1792 4580 absque
1823 4467 2073 4558 condicione

261 4581 704 4698 qualibetcontnlisse.
734 4579 839 4660 vnde
868 4573 1112 4685 &predicti
1146 4603 1274 4687 vsque
1317 4577 1369 4660 ad
1413 4577 1488 4660 hec
1526 4594 1711 4686 tempora
1753 4580 1885 4687 ipsum
1926 4609 2072 4668 mane·

142 4781 146 4789 ,
260 4700 366 4778 rium
397 4699 482 4776 sine
510 4693 770 4786 censualitate
798 4689 932 4798 aliqua
963 4687 1227 4794 possederunt
1255 4690 1419 4796 pacifice
1446 4694 1487 4770 ἃ
1521 4691 1671 4800 quiete.
1706 4688 1934 4798 Respondit
1968 4721 2072 4804 pce·

259 4827 368 4890 terea
399 4806 560 4889 dominu
591 4801 795 4911 sepedicta
823 4827 915 4881 curn
943 4799 1021 4879 sibi
1049 4827 1162 4910 quem
1179 4799 1344 4912 promisi
1371 4799 1558 4883 exhibuit
1572 4816 1655 4882 tres
1669 4801 1823 4884 Marsas
1835 4808 2005 4911 argenti,
2021 4834 2071 4892 se

261 4922 388 5003 eidem
419 4905 596 4999 domiin.
625 4917 672 4998 R.
700 4917 845 4996 timore
887 4913 1141 5020 perterritam
1164 4912 1451 5020 promississe,
1474 4939 1541 4994 -ne
1573 4911 1668 5022 plus
1700 4909 1752 4992 de
1779 4913 1917 5020 precio
1943 4943 1969 4995 a
1997 4943 2076 5003 me

261 5029 458 5117 soluendo
480 5017 696 5140 reciperet,
726 5023 856 5106 donec
888 5021 941 5103 ud
969 5023 1136 5135 sepefati
1163 5019 1320 5104 domini
1347 5019 1468 5134 Regis
1495 5023 1785 5108 discussionem
1820 5021 1928 5218 dij
1944 5051 2075 5155 qven.
2120 5130 2123 5143 Ι

1909 5161 2010 5220 ιοιο-
