4317 5975
807 275 1061 436 ..flea
1167 366 1229 396 ·-·
1342 415 1346 424 .

10 584 14 591 ·
120 559 267 676 stoque
294 559 458 645 umam,
485 544 670 658 impetita
696 539 798 630 dicis
822 571 873 630 sc
903 544 1060 631 crebris
1086 543 1305 634 insultibus
1328 545 1536 634 mansibus
1554 549 1688 636 eciem
1714 551 1814 664 ipsis
1874 581 1917 648 r

120 655 327 740 cuurculos
356 659 558 767 prietatis
585 656 788 756 occultos,
828 657 1139 770 quadragesimo
1175 674 1325 771 quarto
1340 703 1344 709 ·
1359 657 1426 742 die
1453 658 1731 747 obsideucinm
1758 579 1917 760 ririhds

51 859 62 878 ‚
117 764 180 855 dei
207 769 471 880 permissione
497 769 674 853 mirabili
700 785 742 852 et
768 769 984 880 stupenda,
1006 786 1129 856 ‘succe
1144 773 1226 856 nuit
1252 787 1372 882 capta
1399 800 1475 881 per
1502 798 1573 856 eos
1604 789 1646 856 et
1674 775 1760 884 igni
1788 799 1915 888 expo·

117 881 211 978 sits,
237 879 478 964 christicolis
504 881 609 965 inibi
635 880 902 964 existentibus
932 883 1048 966 cesis.
1061 883 1283 970 innumeris
1309 899 1351 966 et
1378 885 1540 982 ceteris,
1567 885 1641 995 qui
1667 883 1818 968 habere
1839 915 1915 972 ne·

117 992 337 1102 quinorunt
364 993 418 1074 ad
445 990 643 1074 maritima
670 1018 765 1074 vasa
791 1019 1017 1091 recursum,
1043 995 1087 1076 in
1115 995 1392 1102 captiuitatem
1420 994 1626 1092 abductis,
1649 1011 1714 1080 'rt
1748 1023 1825 1106 per
1851 999 1916 1080 iu·

116 1129 210 1212 gum
237 1100 450 1187 barbarice
475 1102 683 1186 seruitutis
710 1102 925 1202 horribile,
966 1103 1188 1213 dispendiis
1214 1105 1344 1188 ciuilis
1372 1103 1713 1206 mortisaddicti,
1740 1109 1916 1202 naturali

117 1213 252 1297 eciam
266 1209 432 1298 diutins
445 1214 691 1312 nummus,
716 1228 773 1298 ct¹
786 1212 934 1298 deinde
961 1215 1122 1298 tirensis
1149 1209 1329 1300 ciuitatis
1353 1213 1564 1300 dedicione
1593 1219 1765 1330 sequta.'
1811 1220 1915 1325 Quis

11 1348 13 1355 ’
114 1323 317 1434 igitumde
344 1341 481 1408 cetero
516 1323 725 1410 murcebit·
739 1325 843 1410 ocio.
895 1327 1004 1431 Quis
1029 1328 1143 1410 ocius
1172 1352 1270 1408 non·
1285 1342 1463 1436 exurget
1533 1330 1636 1436 Quis
1664 1327 1729 1412 a'd·
1743 1355 1915 1441 recupe-

116 1437 319 1522 unionem
346 1452 456 1520 terre
491 1435 675 1546 predicn
704 1463 790 1520 non
826 1454 1044 1548 promptus
1081 1435 1242 1520 exiliat?
1277 1438 1372 1548 quis
1421 1437 1625 1522 tardabit?
1665 1442 1799 1545 Quem
1827 1469 1914 1526 non

116 1545 286 1658 pudebit
313 1545 616 1657 ingratitudinis
642 1550 770 1658 argui
798 1550 901 1660 quin
928 1550 1066 1658 potius
1094 1549 1210 1660 quasi
1236 1547 1289 1630 de
1317 1545 1554 1644 infidelitate
1585 1553 1719 1632 notari
1747 1554 1782 1635 si
1801 1579 1913 1636 crea-

107 1659 508 1770 -toriproprio‘tsm-
533 1657 718 1744 benefico
751 1659 919 1744 domino
951 1658 1004 1743 ad
1046 1659 1370 1768 redempcionem
1399 1676 1506 1744 terre
1550 1659 1805 1772 illiusquam
1833 1665 1913 1776 ipsi
2022 1759 2028 1768 ¹

15 1794 19 1802 ’
112 1795 221 1853 mma
249 1772 452 1880 scriptura
478 1785 651 1852 testatur
666 1835 671 1842 .
685 1771 866 1857 omnium
901 1773 1118 1869 cariorem,
1158 1795 1260 1882 qua·
1277 1785 1432 1880 potest,
1469 1772 1797 1881 promptitudine
1825 1801 1911 1858 non

114 1881 286 1981 nsunt,
327 1880 586 1965 comeciam
626 1881 851 1969 secundum
886 1883 999 1964 inris-
1027 1881 1196 1964 humani
1222 1881 1433 1964 censuram
1460 1882 1756 1968 subditossnis
1783 1882 1912 1968 dorni·

71 2060 79 2066 .
114 1993 197 2092 nis,
223 2009 265 2074 et
293 1990 346 2076 sd
374 1989 525 2076 tuenda
553 2019 635 2105 que
662 1991 873 2104 possident
899 2009 942 2088 et
977 1989 1030 2074 ad
1065 1991 1344 2102 recuperanda
1380 1992 1529 2074 iniuste
1563 1995 1768 2078 subtracta
1796 1993 1912 2080 dehi·
1993 2027 1997 2032 ·

24 2193 28 2201 ⁴
112 2119 197 2188 tum
224 2101 432 2187 fidelitatis
464 2106 672 2214 astringat.
741 2105 845 2208 Quis
878 2102 1040 2186 detot‘
1056 2102 1151 2185 fidei
1179 2103 1379 2189 ortodoxe
1406 2105 1633 2188 cultoribus
1660 2121 1744 2186 tam
1773 2108 1913 2190 imma·

111 2216 215 2300 niter
247 2201 477 2313 trucidatis,
518 2212 570 2298 de
597 2232 660 2299 tot
685 2214 983 2301 calamitatibus
1017 2216 1277 2324 captiuorum
1304 2232 1345 2297 et
1381 2213 1469 2296 aliis
1504 2215 1809 2299 christianitatis
1838 2217 1912 2302 o'h·'
2014 2276 2018 2282 ·

105 2325 308 2436 probriis,
334 2355 435 2415 non⁴
458 2341 623 2413 estote
653 2339 785 2412 mente
813 2325 1046 2409 monebitur
1074 2353 1158 2408 non
1187 2325 1413 2408 armabitur
1447 2322 1498 2408 ad
1524 2328 1769 2411 uindictam?
1811 2331 1911 2412 Pro·
1958 2403 1970 2422 ,

105 2437 215 2523 lecto
243 2464 335 2520 cum
363 2436 599 2521 secundum.
614 2438 857 2548 apostolum,
884 2461 1025 2523 ornnes
1050 2437 1184 2542 simus*
1202 2465 1327 2520 vnum
1356 2463 1505 2546 corpus
1536 2438 1579 2519 in
1616 2437 1786 2539 christo,
1824 2465 1910 2521 non

25 2557 34 2566 “
111 2550 312 2634 immerito
338 2549 540 2632 cumillis
566 2545 616 2634 sle
642 2549 794 2662 quibus
821 2549 1127 2656 scriptumest,
1155 2547 1391 2634 Percussisti
1418 2575 1487 2632 eos
1508 2564 1550 2630 et
1570 2574 1656 2632 non
1676 2547 1909 2652 doluerunt,
1963 2654 1965 2662 y

104 2659 427 2747 insensibilitatis
454 2661 652 2769 arguitur,
676 2662 750 2770 qn'
801 2661 864 2746 uis
891 2675 1045 2741 tantam
1074 2659 1196 2742 huius
1225 2666 1355 2743 nostri
1383 2661 1567 2769 corporis
1596 2661 1909 2760 mutilacionem,

105 2769 383 2885 predictorum
412 2773 566 2856 scilicet
592 2689 916 2860 christidolarum
943 2798 1027 2853 nou
1054 2768 1427 2869 sentit-excidium,
1456 2787 1497 2852 et
1524 2787 1606 2852 tam
1639 2774 1818 2882 grauiter
1844 2802 1910 2856 ar·
2004 2856 2008 2862 ,

106 2885 181 2996 gui
214 2911 300 2966 uon
335 2901 511 2970 ueretur.
580 2884 849 2994 Acmngimini
867 2884 1008 2993 igitur
1042 2881 1183 2966 christi
1210 2879 1346 2964 fideles
1373 2896 1423 2974 et
1441 2883 1552 2994 quia·
1568 2882 1787 2969 christiana
1814 2885 1909 2967 reli·

106 3000 229 3108 gione
255 2997 495 3096 censemini,
523 3024 597 3081 vos
623 2996 863 3079 christianos
890 3022 975 3077 esse
1001 3017 1174 3105 operum
1202 2994 1502 3105 prosequcione
1516 3054 1523 3095 e
1536 3012 1776 3095 monstrate,
1796 2988 1918 3079 sesi-⁸

101 3106 443 3221 pitedeuocione
462 3136 567 3219 ·qua
608 3104 746 3205 decet,
787 3106 947 3189 uiuifice
983 3106 1117 3189 crucis
1144 3106 1324 3216 signum,
1354 3103 1468 3187 'illud
1496 3106 1540 3187 in
1568 3108 1910 3192 consideracionis
2006 3122 2009 3137 '

111 3234 243 3303 vestre
271 3220 511 3311 scrutinium
539 3217 785 3301 deducentes
811 3217 925 3329 quod
953 3219 1051 3300 viris
1066 3235 1443 3327 quantumcumque
1457 3218 1676 3326 magnificis
1690 3217 1909 3331 quantum·

14 3318 23 3335 ’
102 3358 284 3441 ‚cumque
312 3328 511 3438 dignitate
523 3328 691 3440 preditis
717 3346 761 3413 et
789 3326 1037 3429 virtute,·ad
1066 3327 1238 3436 gloriam
1273 3354 1457 3434 magnam
1486 3329 1738 3431 asscribitur,
1780 3331 1815 3411 si
1850 3332 1908 3415 eis

108 3446 152 3525 in
181 3442 289 3527 bello
317 3441 464 3551 quouis
492 3440 749 3531 dominorum
775 3441 954 3551 insignia
975 3466 1118 3548 gerere
1154 3436 1423 3535 concedatur,
1464 3438 1541 3521 suh
1570 3440 1718 3549 quibus
1747 3443 1908 3524 contin·

99 3556 169 3665 git
196 3554 432 3663 frequenter
460 3568 544 3636 uon
580 3554 666 3638 sine
688 3553 844 3635 salutis
876 3568 1014 3633 eterne
1054 3545 1283 3631 discrimine
1324 3549 1481 3632 mortis·
1505 3548 1642 3633 subire
1684 3553 1910 3661 periculum
1946 3596 1956 3605 ··

20 3658 24 3665 ’
99 3664 197 3756 nub,
213 3663 430 3748 cuiuslibet
458 3663 800 3754 remuneracionis
835 3664 1004 3743 incerto.
1075 3661 1241 3764 Quanto
1269 3661 1395 3767 igitur
1423 3659 1635 3768 gloriosius
1663 3680 1820 3773 quanto
1848 3691 1910 3747 se·
2039 3665 2041 3673 ’

107 3777 257 3862 curius.
272 3775 379 3881 regis
406 3800 548 3883 regum
576 3776 621 3856 in
655 3773 742 3856 eius
769 3772 880 3854 bello
914 3772 1176 3861 victoriosum
1210 3785 1367 3877 gestare
1409 3770 1623 3868 uexillum,
1662 3772 1908 3857 salutiferam

107 3884 298 3970 videlicet
319 3884 461 3969 christi
489 3888 682 3980 Crucem,
708 3882 787 3965 sub
817 3910 918 3993 qua,
947 3878 1172 3969 deuocione
1200 3906 1395 3989 congrua,
1425 3906 1530 3990 puro
1558 3878 1682 3965 corde
1709 3898 1908 3993 suscepta,

96 4013 353 4106 conceptum
402 3993 743 4109 prosequentibus
767 3990 987 4123 mundicia
1020 3992 1258 4087 continuate
1295 3993 1550 4101 propositum
1578 3994 1682 4074 mori
1723 4010 1784 4076 est
1817 3996 1909 4077 -vite
1943 4100 1945 4107 Ι

105 4128 246 4197 eterne
288 4109 474 4206 inicium,
519 4106 753 4195 transitorie
794 4106 877 4187 vite
904 4105 1025 4201 *linum
1069 4102 1356 4187 retribucionis
1388 4101 1664 4187 inestimabilis
1695 4104 1908 4189 certitudo.
2048 4106 2051 4117 ’

106 4221 312 4309 uenuste.
340 4222 468 4329 ignor
493 4220 694 4315 festinate,
721 4214 782 4309 ad·
800 4216 943 4309 salutis
973 4229 1106 4309 vestre
1136 4231 1352 4325 properate
1377 4214 1686 4325 conpendium,
1716 4215 1909 4300 accenda-

106 4351 180 4415 tur
205 4334 404 4443 cuiusqun
430 4330 761 4426 virilis-animus,
802 4343 848 4411 ee
873 4326 1101 4419 consultius
1142 4324 1399 4425 accedentes,
1439 4324 1621 4438 quodsi
1655 4326 1762 4409 forte
1792 4328 1910 4415 lab'or

52 4458 58 4467 ’
93 4442 234 4535 mninr
261 4469 313 4531 nx
326 4442 537 4530 dictarum
564 4442 778 4538 ciuitatum
804 4442 1000 4549 capcione
1027 4438 1291 4549 proponitur,
1319 4464 1473 4521 merces
1499 4435 1663 4519 uberior
1689 4440 1910 4550 subseque-

97 4576 189 4642 tur.
244 4554 359 4652 Cum,
385 4553 715 4664 sicutfscripturn
739 4568 811 4650 est,
829 4548 1053 4641 mnndum
1080 4578 1199 4633 suum
1228 4549 1407 4633 laborem
1423 4549 1607 4658 accipiet
1633 4553 1910 4663 unusquisque

26 4712 34 4717 ·
96 4662 351 4764 ,mercedem
378 4688 555 4775 corpora
571 4680 716 4749 restes
743 4678 789 4747 et
813 4662 940 4757 eorda
968 4664 1140 4772 pariter,
1166 4657 1342 4744 eiusdem
1373 4660 1535 4741 uiuifice
1561 4661 1692 4744 crucis
1719 4663 1837 4771 signo
1865 4664 1910 4747 in

65 4775 218 4867 ‘neum
243 4776 679 4886 sepefatesubsidiunr,
703 4777 913 4885 insigmte,
956 4800 1066 4868 nunc
1095 4773 1289 4885 precipue
1317 4772 1415 4857 dum
1432 4772 1568 4879 ¹ipsius
1595 4786 1703 4853 terre
1731 4772 1910 4857 subucn·
2008 4830 2013 4838 ·

93 4895 197 4993 udo,
222 4890 361 4980 mmsis
389 4888 643 5003 abolim,«per
667 4886 804 4975 sudant
831 4886 1094 4999 apostolicam
1121 4884 1321 4995 exquisita
1355 4884 1502 4995 vigiliis
1529 4880 1667 4993 multis
1697 4880 1908 4971 laboribus
