4317 5975
962 446 1382 541 -182'-

282 683 604 767 commutacione
633 676 826 789 predicta,
869 676 1004 787 aliqua
1033 677 1160 786 possit
1187 674 1232 784 jn
1275 693 1484 786 posterum
1525 673 1711 756 dubietas
1749 700 1819 756 seu
1861 659 2077 787 calumpnia

258 796 474 875 ‘suboriri
532 789 714 900 Sigillum
743 803 946 885 nostrum,
975 794 1015 870 8(
1040 787 1219 896 sigillum
1247 787 1424 895 Capituli
1453 788 1580 867 nostri
1609 788 1866 894 presentibus
1894 806 1988 869 sunt
2012 818 2077 898 ap·

257 934 424 1014 pensa.
463 906 628 985 -Datum
658 898 822 1001 Laekkir.
866 905 987 982 Anno
1015 900 1178 979 Domini
1220 898 1584 996 M‘‚CC⁰‚XCIIII⁰.
1629 897 1674 1005 jn
1716 895 1781 978 die
1824 897 1941 979 beate
1983 899 2079 982 lucie

288 1017 467 1125 virginis.
1642 1048 1647 1057 ·

986 1118 1116 1201 Sigillen
1142 1140 1168 1198 1,
1190 1140 1220 1199 n,
1243 1115 1387 1181 sladade.

23 1622 29 1641 ,
166 1454 170 1457 ·
261 1520 263 1525 ’
302 1504 469 1615 1124·
1111 1486 1279 1627 1295·
1318 1612 1321 1618 ¹
1732 1477 2082 1589 Fallandalors.

373 1707 509 1769 Canilen
532 1706 541 1765 i
562 1706 752 1789 Linlb'ping,
780 1704 908 1767 Prosten
930 1705 939 1766 i
960 1702 1134 1787 Njudingen
1156 1693 1286 1765 Hirrus
1315 1700 1577 1763 testamentariska
1605 1704 1778 1786 anordning
1809 1724 1864 1767 orn
1896 1704 1940 1764 sin
1971 1702 2083 1784 quarti·

425 1788 563 1872 tenslrep.

1761 1865 1792 1921 B.
1808 1867 1835 1920 3.
1852 1866 1895 1921 62.

426 2010 477 2087 ΙΝ
504 2030 657 2087 nomme
684 2031 828 2089 nonum
871 2028 994 2086 Amuu.
1052 2008 1173 2085 Anno
1201 2002 1495 2084 incarnacionis
1536 2003 1726 2084 eiusdem.
1786 2002 1996 2083 Millesimo
2021 2001 2078 2079 CC

288 2120 551 2226 nonagesimo
594 2119 751 2227 quinto,
820 2118 906 2223 Ego
949 2115 1167 2213 HAQumus
1208 2115 1429 2195 canonieus
1474 2113 1729 2222 lincopensis.
1779 2111 2079 2222 propositasque

225 2236 234 2247 '
292 2230 342 2311 de
372 2229 639 2338 niudhungis
668 2255 839 2336 corpore
869 2229 960 2307 licet
989 2225 1144 2307 debilis.
1180 2228 1310 2307 tocius
1337 2241 1469 2305 tamen
1498 2228 1643 2305 mentis
1676 2230 1716 2305 8(
1749 2252 1890 2307 sensus
1930 2248 2081 2330 compos
2126 2247 2132 2267 ‘

291 2358 413 2451 atque
441 2368 561 2419 sanus
592 2367 720 2419 meum
750 2339 794 2446 jn
824 2338 934 2417 bunc
964 2336 1127 2424 modum
1156 2334 1289 2417 condo
1317 2352 1612 2417 testamentum.
1641 2340 1691 2417 Jn
1724 2338 1868 2444 primis
1895 2334 2011 2415 michi
2034 2331 2081 2411 ob

291 2454 565 2532 remissionem
593 2478 770 2531 meorum
801 2450 1074 2559 peccaminum
1106 2448 1273 2528 confero
1301 2446 1468 2527 ecclesie
1495 2448 1719 2555 lincopensi
1736 2446 1840 2528 duas
1860 2448 1999 2527 curias.
2025 2444 2077 2521 ri·

286 2560 448 2642 delicet.
480 2560 618 2640 stalsio
647 2567 685 2640 8(
715 2557 979 2659 brundzrirdb
1009 2587 1098 2639 oram
1129 2559 1318 2638 omnibus
1338 2560 1421 2638 suis
1450 2559 1680 2667 attinenciis
1709 2583 1841 2667 prope
1873 2558 1938 2638 uel
1961 2580 2077 2634 remo

291 2674 354 2753 tis.
410 2674 591 2780 Excepta
622 2671 689 2751 illa
720 2689 835 2781 parte
864 2670 1073 2751 mobilium
1102 2699 1222 2779 quam
1252 2669 1375 2751 ‚villici
1412 2669 1620 2780 possident
1649 2673 1692 2750 in
1721 2671 1885 2751 eisdem.
1940 2668 2002 2745 lta
2028 2682 2078 2744 ta·

291 2809 384 2863 men
413 2781 525 2891 quod
554 2779 739 2863 dominus
767 2783 1010 2891 lincopensis
1046 2782 1167 2862 aliam
1195 2782 1246 2863 ad
1275 2809 1389 2863 suam
1418 2809 1592 2862 mensam
1623 2782 1803 2879 retineat.
1844 2786 1884 2861 8(
1929 2780 2077 2858 alteram

291 2895 467 3004 assignet
496 2892 648 2975 fabrice
678 2895 914 3004 lincopensi.
958 2897 1037 2975 Pro
1066 2895 1217 3004 quibus
1244 2891 1375 2973 dictus
1405 2891 1593 2973 domiuus
1622 2893 1870 3002 lincopensis
1898 2891 1939 2969 in
1968 2887 2079 2969 missis

159 3053 164 3071 =
256 3057 263 3071 ·
291 3008 528 3087 animarum.
558 3035 685 3086 meam
715 3009 902 3116 respiciat
931 3008 1102 3085 animiam
1132 3022 1257 3114 prout
1285 3007 1359 3085 sibi
1389 3004 1489 3086 deus
1504 3003 1666 3086 duxerit
1682 3001 1960 3115 inspirandum
1988 3003 2078 3080 item

288 3117 460 3202 ‚confiero
488 3116 613 3196 eciam
643 3119 805 3198 ecclesie
834 3118 1057 3224 lincopensi
1085 3132 1270 3225 quartam
1287 3131 1439 3224 partem
1456 3116 1668 3226 Octonarij
1697 3145 1817 3227 quam
1845 3109 2077 3209 emi'inabi.

290 3229 347 3337 jta
377 3225 488 3337 quod
517 3225 568 3307 ad
600 3227 846 3335 prebendam
876 3231 1078 3335 pertineat
1108 3228 1222 3306 beate
1252 3226 1433 3307 katerine
1462 3229 1495 3307 si
1524 3252 1693 3338 persona
1724 3228 1918 3307 canonice
1947 3224 2001 3304 ibi
2025 3223 2076 3300 in·

287 3341 444 3431 stituta.
473 3339 517 3416 in
545 3340 676 3445 primo
704 3367 812 3418 anno
842 3339 977 3418 obitus
1008 3339 1083 3416 mei
1111 3365 1188 3446 pro
1218 3339 1348 3416 anima
1377 3367 1462 3421 mea
1499 3341 1797 3449 qninquaginta
1828 3337 1930 3418 duas
1958 3338 2078 3415 missas

293 3450 517 3528 animarum
546 3449 743 3529 celebrari
772 3447 924 3529 fecerit.
981 3447 1174 3557 Alioquin
1206 3477 1276 3556 per
1306 3448 1513 3528 dominum
1538 3479 1670 3530 meum
1713 3452 1985 3557 lincopensem
2022 3471 2077 3524 or·

293 3559 469 3639 dinetur.
526 3562 713 3640 Preterea
741 3561 906 3642 consero
936 3559 1109 3640 ecclesie.
1139 3559 1355 3640 decretum.
1391 3559 1612 3641 decretales
1640 3590 1731 3641 cum
1774 3561 1887 3667 glosa
1928 3555 2076 3639 ordina·

289 3671 364 3750 ria.
422 3670 525 3750 Jtem
554 3689 671 3752 vetus
698 3670 894 3780 digestum
925 3698 1015 3751 eum
1043 3667 1156 3776 glosa
1185 3673 1363 3778 magistri
1388 3675 1535 3752 Azouis
1564 3679 1604 3752 8(
1630 3668 1837 3782 quoddam
1862 3668 2077 3781 psalterium

287 3781 502 3888 glosatum,
531 3785 707 3864 Domino
736 3811 823 3863 meo
853 3783 1074 3888 lincopensi
1094 3781 1413 3863 reniero-vnum
1435 3784 1727 3865 ambulatorem
1753 3785 1928 3890 nigrum.
1955 3775 2076 3861 Domi·

293 3921 348 3972 no
377 3892 520 3973 beroni
547 3895 743 3974 canonico
774 3895 995 4002 lincopensi
1024 3893 1191 3974 confero
1220 3894 1279 3974 XI
1307 3893 1489 3976 Marchas
1518 3895 1609 3976 den.
1654 3923 1755 4004 quas
1783 3895 1905 3976 michi
1933 3904 2077 3974 tenent?

291 4032 370 4112 pro
398 4004 464 4084 illa
481 4022 626 4113 quarta
656 4021 771 4112 parte
792 4004 992 4111 octonarii
1021 4005 1062 4084 iu
1091 4007 1183 4106 abir.
1222 4007 1397 4113 Jnsuper
1425 4013 1465 4085 8(
1492 4033 1614 4087 vnum
1644 4034 1774 4086 cornu
1801 4007 1986 4086 Claustra
2012 4023 2076 4078 no·

219 4127 221 4131 ’
295 4116 463 4196 neuallis
492 4116 657 4196 confero
695 4144 818 4197 vnum
853 4118 1110 4197 octonariam
1153 4125 1262 4198 miste
1290 4119 1332 4196 in
1362 4117 1457 4196 villa
1486 4116 1716 4222 biergheme
1744 4124 1783 4198 8(
1811 4143 1933 4197 vnum
1969 4134 2075 4220 aqum

237 4241 248 4254 “
292 4231 335 4306 8(
356 4226 577 4307 caldarium
612 4226 864 4308 braxatiuum
897 4227 973 4336 pro
1002 4228 1079 4306 Vll
1109 4227 1279 4316 marchis
1312 4245 1491 4336 emptum
1521 4226 1589 4307 vbi
1620 4228 1740 4308 michi
1768 4227 1876 4335 eligo
1912 4221 2077 4333 sepultu-

292 4367 391 4440 ram.
425 4341 611 4419 Preteree
642 4366 717 4448 pro
734 4337 1016 4447 redempcione
1046 4343 1177 4418 erucis
1205 4352 1407 4446 assumpte
1435 4338 1826 4446 solueramtriginta
1856 4338 2076 4420 librasster·
2141 4434 2146 4443 ι

294 4449 498 4557 lingarum
526 4477 727 4531 nouorum
757 4477 932 4559 quorum
962 4448 1216 4530 medietatem
1252 4476 1498 4555 recognosco
1541 4449 1707 4530 fratrem
1736 4475 1867 4530 meum
1897 4442 2076 4557 possedis-

293 4587 342 4642 se·
366 4588 442 4668 pro
468 4557 620 4670 quibus
651 4561 973 4669 supplementum
1003 4558 1176 4644 deducat
1206 4559 1257 4641 de
1285 4563 1395 4642 curia
1422 4587 1510 4640 mea
1540 4558 1798 4642 fallendafors
1839 4587 1890 4640 ex
1917 4553 2075 4639 indiuisa

296 4670 487 4752 Similiter
514 4673 609 4779 quia
637 4670 745 4780 jdem
773 4670 897 4756 frater
926 4698 1036 4750 meus
1066 4673 1251 4778 promisit
1278 4699 1342 4752 me
1369 4699 1479 4754 arma
1501 4700 1588 4753 mea
1614 4664 2076 4782 suprascripta.&cciam

174 4871 175 4876 Ν
294 4781 466 4862 inferius
501 4799 641 4890 vtpote
684 4783 809 4864 libros
838 4782 966 4864 dictos
996 4789 1034 4862 8(
1061 4779 1252 4865 dicendos
1274 4783 1407 4866 ¹libere
1434 4783 1617 4866 conferre
1647 4801 1837 4894 pro-mee
1878 4781 1989 4862 libito
2014 4795 2076 4854 vo·

296 4892 474 4976 luntatis
502 4921 592 4972 cum
622 4894 781 4976 eosdem
812 4921 964 4974 mecum
994 4919 1069 5000 pro
1099 4911 1214 5001 parte
1243 4896 1373 4977 media
1402 4893 1647 5005 possedisset.
1673 4893 1768 4975 volo
1797 4893 1907 5004 quod
1927 4893 2008 4999 ipse
2019 4907 2075 4962 ar·

297 5033 458 5088 masna
487 5031 657 5089 unacum
701 5001 904 5089 dextrario
933 5004 1060 5092 libere
1087 5005 1237 5089 babeat
1277 5035 1301 5090 a
1328 5008 1618 5118 cuiuscumque
1652 5005 1898 5116 inpeticione
1933 4987 2073 5082 Exinde
