4317 5975
960 267 1241 469 495,ss
1351 355 1449 426 ..-

294 574 498 686 haquinus
524 571 697 657 vicarius
723 595 836 654 meus
863 587 1084 682 perpetuus
1110 571 1156 683 jn
1190 571 1428 680 etlaeslrogh,
1461 570 1623 680 recepit
1656 569 1807 654 ibidem
1837 601 1905 683 pro
1934 577 2042 666 inuen-

291 689 420 785 tario,
468 711 538 767 sex
567 685 715 784 boues,
751 681 965 765 duodecim
1010 711 1151 785 vaccas
1194 684 1256 764 .ΙΙ.
1288 683 1475 779 buculos,
1522 681 1613 763 IlIl.
1656 683 1823 780 vitulos,
1852 686 1907 770 .11.
1931 717 2043 800 equos,

293 798 387 880 XX.
414 799 525 895 sues,
553 798 635 878 .Xl.
664 803 824 906 capras,
853 796 957 880 .ΙΙΙΙ.
983 792 1129 892 hedos,
1159 792 1296 876 decern
1338 821 1454 888 oues,
1485 793 1557 874 ..IL
1585 821 1728 900 agnos,
1764 795 1881 878 .VIll.
1907 829 2046 906 anseres,

153 989 159 1000 ,
295 909 398 993 .ΧΧ.
427 909 577 1006 fulcra,
605 934 676 988 sex
715 904 934 1003 culcidras,
969 905 1073 986 ,Vll
1110 904 1362 1018 perluinaria,
1394 904 1477 985 .ΙΙΙ.
1514 903 1755 1003 banchalia,
1784 906 1845 988 .X.
1872 913 1969 1018 paris
1991 913 2047 996 lin·

292 1020 554 1102 theaminum.
583 1020 766 1129 quinque
794 1017 986 1114 thoralia,
1028 1017 1093 1100 .ΙΙ.
1131 1017 1241 1114 ollas,
1277 1016 1462 1126 quinque
1505 1014 1721 1114 caldarias,
1757 1018 1857 1100 .ΙΙΙΙ.
1898 1025 2048 1126 menmlia

289 1131 425 1226 bora,
452 1146 494 1210 et
521 1130 605 1210 .ΙΙΙ.
632 1131 855 1228 ooeidiena,
884 1145 926 1209 et
953 1129 1015 1209 .11.
1045 1128 1298 1236 manutergia
1317 1128 1423 1208 bona
1440 1126 1780 1223 blaraend,·.VIII.
1801 1127 1950 1236 lagenas
1966 1117 2050 1241 glos·

287 1267 357 1324 ·sas
385 1242 446 1324 .V.
474 1238 584 1322 dolia
612 1241 716 1323 ΝΠ,
742 1237 856 1321 larda
884 1256 926 1321 et
953 1237 1413 1335 fundum-seminatum,
1441 1237 1485 1344 jn
1516 1239 1630 1336 cuius
1658 1240 1939 1333 testimouium,
1969 1246 2050 1352 sigil-

293 1352 379 1435 lum
399 1378 536 1480 ,meum
565 1351 821 1462 presentibus
847 1367 908 1432 cst
936 1377 1173 1460 appensum,
1200 1351 1348 1430 Datum
1373 1349 1512 1448 scaris,
1533 1377 1642 1430 anno
1670 1348 1834 1460 domiuj.
1858 1351 1927 1435 M⁰.
1945 1354 2050 1440 OCC0.

293 1463 367 1548 Χθ.
392 1493 437 1573 ln
465 1462 634 1573 medo·
823 1569 873 1634 Pe
886 1568 1312 1652 srdnsidane‘ioueutsrium
1334 1566 1589 1652 de'aelleecogb.'
1633 1572 1637 1580 '

628 1684 773 1753 Ettlitet
792 1687 899 1772 stycis
919 1685 958 1750 al
973 1685 1087 1768 sigillet
1105 1687 1203 1750 funes
1223 1686 1242 1752 t
1263 1705 1301 1750 eu
1320 1705 1357 1748 ur
1378 1685 1500 1750 brelvet
1520 1685 1624 1771 blippt
1646 1703 1755 1748 renam.

73 2110 78 2117 ·
287 2051 467 2209 tlid9.
664 2147 668 2153 .
940 2049 1457 2174 1310,d.16-Jan.
1926 2050 2055 2158 Luud.

374 2239 516 2325 caena,
537 2237 735 2320 biarskalkeu
755 2234 857 2301 lobon
878 2236 971 2300 Kalls
990 2237 1085 2302 cuias
1105 2233 1254 2300 lullmabt
1275 2236 1324 2300 ἧι·
1355 2238 1446 2300 Peter
1473 2235 1593 2300 llilstoa
1615 2235 1625 2298 i
1647 2233 1795 2318 Eliaryd,
1826 2173 1882 2300 all
1905 2205 1950 2300 till
1976 2237 2056 2301 buals

416 2321 595 2405 dombyrbe
615 2321 704 2385 oblita
724 2322 785 2383 lest
803 2318 862 2384 och
885 2322 944 2384 ise
964 2322 1042 2403 gods
1060 2323 1073 2383 i
1093 2321 1304 2406 Wragetorp,
1326 2321 1409 2404 gilon
1432 2321 1482 2382 Γόι·
1501 2319 1761 2402 ambegtugelser.
1883 2399 1918 2454 Δ.
1935 2400 1957 2455 ⁵·

404 2505 616 2588 Vniuersis
643 2523 849 2613 presentes
877 2503 1032 2587 litteras
1058 2505 1312 2615 inspecturis
1355 2506 1521 2590 cmnn
1549 2502 1686 2587 relicta
1715 2501 1871 2584 domiui
1900 2501 2058 2584 lobannis

292 2614 394 2701 dicti
422 2615 548 2716 baali,
575 2617 780 2729 quondam
808 2616 976 2698 illustris
1003 2617 1113 2724 regis
1139 2613 1337 2698 danorum
1367 2614 1589 2703 marskelci.
1637 2615 1804 2712 salutem
1847 2618 1888 2698 in
1930 2611 2059 2725 domiuo

291 2728 593 2838 sempiternam.
633 2728 836 2810 Nouerint
859 2729 1061 2825 sniumei,
1089 2725 1199 2838 quod
1229 2726 1368 2809 Nobili
1395 2728 1485 2810 viro
1511 2725 1678 2812 domino
1707 2742 1828 2836 petro
1850 2723 1986 2808 Nicles
2002 2751 2058 2814 ‚son

263 2907 266 2911 J
289 2836 345 2922 de
372 2838 585 2940 elliarith,
613 2836 763 2920 dilecto
790 2837 906 2922 fratri
934 2866 1044 2936 meo,
1072 2835 1128 2921 do
1156 2854 1198 2920 et
1225 2837 1421 2938 concedo,
1449 2839 1687 2926 auctoritate
1716 2839 1976 2944 presencium,
1999 2831 2060 2946 ple·

290 2975 388 3045 uam
416 2969 458 3035 et
488 2949 658 3034 liberam
684 2948 935 3051 lamrltatem,
970 2949 1156 3035 scotandi
1184 2951 1349 3035 ecclesie
1392 2950 1501 3035 beati
1543 2949 1738 3034 laurencii
1779 2948 1921 3057 lundis
1959 2948 2060 3057 omnia
2114 3004 2116 3025 ,

290 3061 402 3149 hona
420 3090 541 3161 mea,
567 3062 732 3145 mobilia
760 3081 802 3145 et
836 3063 1079 3161 immobilia,
1114 3063 1157 3143 iu
1190 3064 1482 3172 wragbathorp
1522 3064 1597 3143 sita
1638 3090 1731 3145 eum
1774 3066 1905 3172 agris,
1945 3062 2061 3170 pratis,
2114 3026 2116 3111 l

291 3173 472 3284 pascuis,
499 3188 542 3255 et
568 3174 614 3255 in
640 3171 753 3255 dicto
779 3175 1076 3284 wraghatborp
1104 3173 1239 3273 mark,
1274 3175 1372 3255 mibi
1400 3171 1667 3255 attinentibus
1695 3174 1909 3257 uniuersis
1941 3175 1999 3253 Jta
2020 3170 2062 3253 ri·

289 3283 461 3383 delicet,
491 3282 607 3397 quod
633 3283 822 3368 dominus
847 3287 990 3396 gwido
1018 3284 1196 3367 decanus
1225 3284 1451 3382 lundensis,
1488 3285 1560 3394 qui
1594 3311 1705 3364 nunc
1738 3298 1822 3385 est,
1843 3302 1907 3387 ,et
1942 3310 2062 3365 sunce-

288 3420 401 3478 sores
428 3396 494 3477 sui
520 3394 665 3477 deceni
692 3392 924 3496 lundenses,
953 3398 1026 3507 qui
1056 3424 1133 3504 pro
1160 3408 1344 3505 tempore
1366 3394 1541 3489 luerint,
1570 3393 1678 3477 dicta
1700 3392 1811 3475 bona
1832 3396 1911 3478 sub
1935 3392 2062 3477 ordina·
2114 3376 2116 3467 l

291 3506 411 3592 cione
438 3534 510 3587 sua
538 3506 666 3587 libere
692 3505 890 3604 babeant,
914 3524 959 3589 et
985 3508 1308 3587 anniuersarium
1338 3533 1490 3603 rreum,
1519 3503 1641 3599 modo
1656 3507 1729 3615 qui
1749 3508 1957 3617 sequitur,
1982 3520 2062 3585 tere
2115 3576 2116 3579 ι

293 3633 366 3698 ant
391 3644 441 3697 er
469 3615 629 3698 eisdem.
659 3617 791 3725 primo
818 3618 861 3697 in
889 3614 955 3698 die
983 3615 1249 3698 anniuersarii
1278 3618 1355 3698 mei
1383 3614 1434 3698 ad
1470 3615 1722 3725 offerendum
1751 3619 1853 3699 dent
1878 3614 1975 3699 duas
1998 3640 2063 3697 oras

291 3724 552 3810 denariorum
579 3728 685 3809 Jtem
713 3727 932 3825 canonicis,
957 3729 1032 3838 qui
1059 3727 1208 3836 vigiliis
1222 3743 1263 3808 et
1279 3728 1406 3809 missis
1422 3726 1678 3827 interfuerint
1694 3729 1899 3809 marcham
1914 3727 2064 3810 denario·

289 3866 393 3921 rum.
429 3841 533 3918 Jtem
560 3838 721 3921 vicariis
748 3836 849 3919 dues
875 3865 978 3920 oras.
1041 3841 1145 3919 Jtem
1182 3834 1234 3921 ad
1273 3836 1348 3918 lam
1382 3837 1495 3920 adem
1537 3835 1764 3937 ardentem,
1809 3855 1909 3921 ante
1949 3862 2064 3945 corpus

289 3949 501 4032 christiin
530 3950 694 4031 eeclesia
723 3946 896 4029 fratrum
925 3946 1226 4059 predicatorum
1265 3868 1401 4030 lundis
1436 3946 1745 4062 quatuordecim
1780 3976 1878 4031 oras
1914 3948 2064 4031 denario

289 4088 394 4142 rum.
460 4062 566 4142 ltem
605 4058 801 4142 iratribus
841 4060 1167 4171 predicatoribus
1205 4058 1304 4143 duas
1334 4086 1448 4141 roras.
1489 4062 1594 4143 item
1637 4060 1834 4144 iratribus
1878 4060 2066 4143 minoribns

289 4168 391 4254 duas
420 4198 531 4267 oras,
558 4186 601 4251 et
627 4169 764 4283 siquid
803 4169 1008 4254 residuum
1053 4169 1174 4258 fuerit
1216 4169 1266 4253 de
1308 4170 1508 4253 fructibus
1553 4172 1754 4273 bonorum
1799 4174 2066 4283 predictorum,

290 4280 371 4364 boc
393 4280 511 4363 cedat
538 4277 649 4361 dieto
677 4280 844 4364 domino
873 4281 1025 4363 decano
1054 4281 1179 4363 libere
1207 4299 1248 4362 et
1276 4282 1685 4384 suissuccessoribus
1713 4286 1940 4366 aunuatim.
1992 4286 2065 4365 Pro·

290 4394 409 4474 mitto
437 4394 624 4500 insuper,
656 4388 776 4501 quod,
796 4388 943 4472 dictam
972 4394 1261 4491 scolaciouem,
1291 4419 1363 4503 per
1385 4392 1538 4474 dictum'
1567 4394 1775 4477 domiuum
1805 4412 1984 4504 petrum,
2006 4392 2065 4473 ln·

289 4518 393 4584 trem
420 4530 553 4587 meum
581 4498 794 4599 dilectum,
853 4501 979 4585 relate
1007 4502 1173 4585 ecclesie
1210 4500 1400 4585 lundensi
1434 4502 1678 4602 faciendam,
1714 4523 1846 4589 ratam
1876 4523 1917 4588 et
1942 4520 2064 4615 gratam
2115 4538 2116 4577 ι

174 4652 179 4665 =
290 4614 332 4694 in
409 4630 602 4723 rpetuum
629 4532 906 4710 conseruabo,
934 4641 1010 4695 uec
1037 4612 1133 4695 volo
1161 4639 1326 4723 perure
1354 4611 1420 4693 uel
1448 4614 1615 4698 heredes
1651 4643 1780 4717 meos,
1807 4615 1993 4727 ¹aliquod
2022 4617 2065 4701 in·

289 4752 342 4835 pe
372 4726 588 4829 imentum‚
614 4752 793 4835 cuquam
825 4726 911 4807 fieri
939 4739 1081 4807 contra
1111 4750 1210 4805 eam.
1236 4723 1309 4807 sed
1344 4724 1441 4807 volo
1477 4725 1591 4838 quod
1624 4723 1755 4810 dictus
1798 4726 1982 4812 dominus
2013 4721 2064 4805 de·

287 4864 415 4943 canus
456 4864 616 4924 exnunc
666 4838 801 4919 statim
848 4832 1049 4923 dictorum
1092 4834 1293 4921 honorum
1335 4840 1515 4923 omnium
1559 4842 1870 5035 possessioneml'¹
1895 4841 2009 5033 {parm
2040 4848 2069 4915 ct

1873 4979 1893 5031 ὃ
1925 4964 1985 5031 edi
