4317 5975
699 362 1318 531 ’ἑ-3ά9-Ι

111 612 203 705 carii
235 610 414 718 prouisio
443 635 566 719 penes
608 635 682 689 nos
703 604 875 703 ¹¹diucius
917 597 1173 721 permaneret
1213 609 1358 693 exinde
1389 614 1430 693 in
1459 630 1669 723 posterum·
1697 637 1901 729 possemus

111 724 302 834 ampliora
331 724 456 803 eciam
486 722 720 829 grauamina
750 719 1019 801 verisimiliter
1047 720 1284 820 formidare,
1335 723 1513 835 jdeoque·
1546 731 1694 811 nostris
1720 732 1902 815 vtititati-
1933 754 1937 769 ¹
1974 738 1979 751 '

112 837 185 918 bus
214 832 430 943 prouidere
460 832 638 912 volentes
666 831 800 911 multis
828 832 1067 914 tractatibus
1103 851 1144 913 et
1172 834 1327 915 diutina
1367 866 1414 917 ac
1457 866 1612 921 morosa
1641 838 1903 925 deliberacio·
1921 858 1937 877 “·

113 975 161 1031 ne
189 947 409 1055 prehabitis
437 972 559 1051 super
589 944 809 1051 premissis,
842 940 891 1021 de
919 947 1122 1023 communi
1165 947 1333 1025 consilio
1362 964 1403 1027 et
1431 976 1628 1031 consensu
1664 956 1801 1035 'tocius
1832 982 1904 1034 no·

113 1061 182 1141 stri
211 1072 435 1137 conuentus
462 1058 528 1163 jus
555 1054 841 1163 quodcumque
870 1056 912 1133 in
941 1052 1047 1134 dicta
1076 1054 1285 1163 prebenda
1315 1066 1365 1137 ex
1393 1059 1488 1141 dicti
1512 1060 1664 1141 domini
1694 1066 1828 1170 magni
1844 1068 1905 1143 in·
1937 1086 1945 1101 ‘

113 1171 325 1252 stitncione
353 1184 394 1247 et
422 1167 683 1246 ordinacione
713 1166 827 1245 nobis
853 1183 1098 1277 competens,
1125 1167 1169 1275 jn
1200 1194 1340 1247 manus
1368 1164 1586 1252 reuerendi
1608 1175 1735 1281 patris
1753 1176 1906 1257 domini

115 1284 162 1365 N.
191 1278 330 1359 diuina
361 1277 621 1389 prouidencia
666 1277 886 1387 vpsalensis
916 1278 1209 1387 archiepiscopi
1238 1282 1546 1387 resignauimus,
1580 1282 1733 1367 dictum
1761 1286 1826 1395 jus
1855 1288 1907 1367 si·

116 1394 156 1473 bi
196 1394 359 1500 suisque
394 1390 691 1469 successoribus
719 1405 760 1468 et
795 1387 960 1468 ecclesie
1003 1388 1204 1497 upsalensi
1248 1390 1324 1472 sub
1366 1392 1552 1474 modoet
1581 1393 1835 1507 formaque
1865 1399 1908 1477 in

115 1504 257 1583 litteris
284 1500 478 1609 sepedicti
507 1501 661 1583 domini
699 1494 834 1606 magni
862 1527 983 1607 super
1020 1501 1278 1581 institucione
1308 1500 1413 1583 dicte
1452 1506 1656 1611 prebende
1696 1525 1908 1594 contenter

97 1614 246 1701 lucide
275 1614 556 1704 continentur,
586 1610 713 1693 libere
742 1628 782 1690 et
811 1628 1008 1719 perpetuo
1025 1611 1203 1692 totaliter
1226 1612 1521 1721 relinquentes,
1548 1616 1592 1725 jn
1623 1618 1735 1698 cuius
1763 1622 1821 1701 rei
1850 1636 1909 1699 te·

92 1725 344 1837 'stimonium
375 1740 415 1803 et
443 1721 691 1807 enidenciam
722 1723 941 1832 pleniorem
968 1739 1173 1831 presentes
1203 1723 1356 1803 litteras
1385 1728 1470 1805 lieri
1501 1726 1722 1807 lecimuset
1754 1746 1909 1811 nostro·
1964 1818 1970 1829 Ι

115 1866 201 1917 rum
225 1835 448 1943 sigillorum
479 1836 698 1915 munimine
728 1834 933 1927 roborari,
975 1840 1120 1914 Actum
1151 1834 1259 1944 apud
1290 1839 1573 1919 monasterium
1604 1854 1785 1919 nostrum
1815 1843 1911 1925 sebo

114 1976 222 2028 anno
252 1946 402 2045 domini
431 1946 613 2027 M⁰CCC⁰
648 1947 778 2054 primo
805 1961 955 2054 quarto
987 1945 1069 2024 ltala
1095 1946 1285 2027 octobris.

127 2252 293 2409 1349.
783 2252 918 2359 1301
954 2252 1018 2355 d.
1069 2293 1094 2396 7
1146 2249 1258 2357 Oct.

199 2478 269 2538 Nms
290 2442 528 2536 lnbrnurmssors
548 2472 607 2533 oclr
630 2472 695 2534 dest
717 2472 824 2533 hustru
855 2459 1028 2539 Rsnrrrnrns
1052 2440 1148 2555 intpg,
1172 2484 1217 2534 ntt
1239 2444 1290 2533 de,
1309 2474 1397 2555 gilvit
1421 2474 1467 2536 till
1491 2476 1719 2560 Wdrsruberga
1741 2436 1855 2540 kloster
1876 2502 1914 2541 en

248 2560 324 2641 gard
347 2560 356 2618 i
380 2558 545 2635 Flustada,
567 2556 616 2617 liir
638 2578 675 2619 en
697 2545 808 2617 alliden
830 2555 945 2617 Tunes
965 2556 1175 2653 sjbnlalrugnad.
1658 2642 1683 2695 A
1712 2643 1727 2694 3
1753 2640 1771 2694 k

231 2776 431 2856 Omnibus
474 2794 677 2882 presentes
727 2775 892 2854 litteras·
922 2773 1161 2879 inspecturis
1211 2773 1271 2851 vel
1323 2774 1519 2858 audituris
1564 2776 1770 2855 Nrconns
1813 2802 1915 2857 rnor-

119 2914 250 2971 ntunnt
279 2910 406 2967 rttttts
435 2886 722 2996 suaque‘uxor
750 2882 998 2967 Ramnetum
1027 2883 1193 2961 salutem
1226 2886 1266 2961 in
1295 2888 1471 2964 onmium
1500 2885 1713 2982 saluatore,
1744 2889 1916 2968 Nouerit
1997 2952 2000 2960 ,

119 3001 356 3094 vniuersitas
381 3015 460 3078 tam
492 2998 895 3108 posterorum-quam
927 2994 1210 3076 modernorum
1243 3023 1316 3076 nos
1346 3025 1461 3077 vnam
1477 2999 1628 3076 curiam
1658 3000 1698 3076 in
1730 2999 1915 3078 Flustba-

118 3131 205 3193 tum
235 3139 325 3192 cum
356 3109 544 3190 omnibus
580 3111 807 3190 attinenciis
849 3109 931 3187 suis
972 3107 1161 3188 uidelicet
1190 3106 1231 3188 in
1276 3108 1431 3214 pascuis
1461 3109 1586 3216 pratis
1615 3116 1656 3188 et
1684 3111 1944 3191 nemoribus‘

110 3254 197 3336 pro
225 3225 355 3302 anima
384 3222 577 3330 tupbonis
606 3219 732 3300 felicis
761 3221 949 3301 memorie
979 3220 1223 3299 monasterio
1251 3219 1291 3298 in
1322 3235 1460 3300 monte
1500 3219 1615 3300 beate
1661 3222 1826 3326 virginis
1855 3237 1944 3301 ra·t

119 3339 238 3417 cione
266 3335 490 3414 testamenti
509 3330 789 3428 condonasse,
831 3331 957 3412 Nobis
988 3331 1212 3437 nostrisque
1242 3329 1457 3410 heredibus
1486 3333 1665 3411 totaliter
1709 3331 1917 3427 alienasse,

119 3452 174 3527 Jn
200 3448 317 3526 cuius
346 3446 402 3524 rei
431 3445 700 3523 testimonium
731 3459 936 3552 presentes
965 3440 1118 3520 litteras
1146 3439 1285 3548 sigillis
1312 3441 1476 3537 nostris,
1506 3457 1546 3520 et
1574 3441 1715 3548 sigillis
1731 3441 1945 3524 uidelieeo

116 3546 318 3662 laurencii
351 3554 537 3662 vlpbonis
566 3553 816 3664 lilii'sueque
851 3555 987 3632 viroris
1030 3549 1191 3632 domine
1234 3551 1473 3662 Ramburgis
1515 3552 1729 3660 et'sigillo
1773 3554 1919 3635 nicolai

118 3671 283 3752 cristine
314 3667 382 3746 lilii
420 3667 586 3746 fecimus
629 3665 878 3774 consignari,
920 3667 1066 3775 Datum
1095 3678 1135 3741 et
1165 3664 1357 3770 scripturn
1403 3691 1511 3744 anno
1539 3661 1691 3744 domini
1733 3665 1915 3746 lll⁰CCC⁰

120 3783 253 3894 primo
282 3777 461 3858 sabbato
479 3779 665 3886 proximo
694 3793 786 3884 post
815 3776 959 3855 festum
987 3771 1267 3854 translacionis
1297 3773 1406 3853 beati
1435 3773 1585 3856 Esltilli.

237 3919 356 4002 sigillet
378 3921 436 3983 lito
462 3941 472 3982 1
499 3919 544 3980 till
567 3917 618 3980 det
642 3927 735 3979 masta
759 3917 932 3996 bortlallet,
955 3919 1013 3979 Nto
1034 3935 1064 3994 2,
1086 3913 1106 3975 5
1129 3915 1253 3999 myolet
1274 3913 1425 3994 slradade3
1448 3919 1505 3979 Νεο
1528 3918 1557 3994 3,
1579 3916 1610 3995 4,
1633 3915 1809 3980 bortlallna.

135 4223 294 4328 1350.
514 4213 522 4226 ”
703 4132 709 4144 ⁸
769 4216 903 4322 1301
955 4211 1003 4319 d.
1051 4210 1281 4319 23001.
1680 4163 1920 4359 ·Sigtuuat

208 4439 437 4524 Kyrloberden
460 4438 469 4497 i
492 4424 580 4498 Httn'
594 4437 771 4498 Cantsrrans
792 4437 893 4518 intyg,
915 4446 960 4496 att
982 4433 1043 4494 ban
1065 4436 1154 4515 gilvit
1174 4433 1196 4516 ξ
1218 4431 1380 4495 mnrllend
1403 4431 1468 4514 jord
1493 4433 1501 4494 i
1525 4431 1650 4494 Husesta
1684 4433 1730 4496 till
1758 4433 1921 4517 Strengnt'ts

160 4601 164 4607 ι
257 4521 455 4605 Domlyrlta,
479 4519 548 4581 med
571 4517 725 4582 siirbehdll
748 4518 963 4600 albrulende
985 4528 1045 4580 rau
1066 4519 1075 4579 i
1099 4519 1142 4578 sin
1166 4516 1270 4578 lilstid.
1638 4531 1641 4540 ¹

1665 4596 1700 4651 A.
1719 4599 1742 4654 3.
1760 4618 1784 4670 g.
1866 4649 1870 4666 ,
2002 4635 2009 4657 1

238 4719 441 4821 Omnibus
469 4763 633 4848 presens
661 4737 856 4845 scriptum
885 4735 1153 4818 cernentibus.
1181 4733 1448 4814 Cntsrrannus
1477 4733 1625 4814 Rector
1645 4735 1808 4815 ecclesie
1836 4733 1919 4826 batt

121 4857 296 4939 salutem
325 4853 367 4930 in
395 4848 560 4931 domino
587 4851 782 4930 Constare
816 4845 911 4930 volo
938 4846 1127 4927 omnibus
1169 4843 1380 4926 euidenter
1408 4843 1520 4954 quod
1549 4845 1713 4928 ecclesie
1740 4861 1921 5032 1415111131-

261 4977 307 5033 Sv.
324 4977 445 5050 triptota.
463 4977 504 5029 11.
