4317 5975
844 358 1265 467 ...373-

146 606 246 665 suus
275 594 406 662 mente
434 592 476 659 et
504 603 677 687 corpore
705 574 918 661 incolumis
947 606 1022 688 per
1049 579 1227 688 graciam
1257 577 1371 661 ihesu
1399 574 1551 679 christi,
1580 578 1773 689 Diligenti
1795 574 1948 671 dellbe·
2017 637 2028 647 =

146 694 313 775 racione
343 688 573 801 prehabita,
604 715 734 770 meum
763 686 1023 798 infrascripto
1067 684 1210 789 modo,
1239 688 1394 790 condo,
1425 684 1553 787 facio,
1582 709 1623 772 et
1651 693 1947 781 ordino'testa·
2084 724 2089 735 ·

147 824 339 886 mentum.
369 805 421 883 Jn
452 801 603 911 primis,
626 795 743 910 ‚apud
771 800 987 881 Ecclesiam
1018 799 1287 909 upsalensem,
1329 804 1369 883 in
1408 801 1573 912 Capella
1621 805 1738 886 beate
1780 802 1949 918 uirginis

145 918 226 998 mei
254 944 324 996 cor
355 916 438 995 oris
466 912 572 1020 eligo
600 910 860 1021 sepulturam.
887 910 951 992 Ad
978 912 1169 993 fabricam
1197 931 1332 994 autem
1361 909 1466 995 dicte
1496 914 1673 995 Ecclesie
1708 916 1947 1027 upsalensis,

89 1102 108 1112 -
143 1028 225 1126 do,
252 1043 293 1109 et
324 943 437 1137 llego,
461 1026 648 1137 quinque
675 1021 825 1106 solidos
843 1039 961 1104 'terre
989 1024 1032 1104 in
1060 1023 1147 1122 obit
1177 1024 1367 1134 parochia
1399 1052 1509 1124 neas,
1540 1054 1664 1124 mere,
1689 1026 1739 1108 de
1767 1056 1948 1129 commu·

148 1143 194 1223 ui
223 1140 354 1221 mariti
384 1140 481 1235 mei,
513 1151 555 1220 et
582 1163 671 1216 meo
701 1135 861 1246 peculio
888 1136 1139 1246 conquisitos
1181 1140 1285 1217 ltem
1314 1135 1507 1217 fratribus
1541 1138 1765 1220 minoribns
1795 1143 1947 1251 vps'alie

147 1252 240 1361 lego
269 1278 389 1330 unam
417 1248 591 1332 Marcam
621 1244 900 1343 denariorum,
952 1250 1056 1329 Jtem
1085 1246 1224 1329 domui
1252 1244 1318 1327 dei
1348 1247 1517 1356 upsalie,
1561 1246 1660 1330 duas
1695 1250 1850 1333 Marnas
1878 1256 1949 1337 de-

53 1442 59 1449 .
147 1391 255 1458 nan,
282 1364 385 1443 Jtem
416 1360 610 1441 fratribus
638 1357 967 1440 Predicatoribus
994 1360 1184 1456 sictunie,
1220 1356 1321 1440 duas
1361 1358 1514 1440 Marcas
1534 1352 1701 1457 'denar.,
1731 1364 1833 1445 ltem
1864 1394 1948 1449 mo·

147 1474 324 1556 nasterio
351 1500 432 1567 sco,
463 1500 582 1552 unam
599 1470 769 1551 Marcam
803 1465 962 1569 denam,
992 1474 1097 1552 ltem
1126 1471 1291 1552 ecclesie
1318 1468 1460 1569 dalhi',
1488 1469 1587 1551 duas
1615 1500 1769 1555 marcas
1794 1474 1947 1576 denen,

148 1591 253 1669 Jtem
281 1583 446 1667 ecclesie
475 1582 578 1679 laza,
611 1580 711 1663 duas
739 1610 893 1663 marcas
921 1583 1078 1680 denan,
1108 1585 1212 1663 Jtem
1241 1581 1418 1661 Ecclesia
1446 1578 1640 1679 ashanaes,
1667 1580 1766 1665 duas
1795 1584 1948 1671 Marcas
2085 1642 2094 1650 -

146 1699 287 1781 denar.
318 1692 522 1779 Predictas
551 1709 683 1775 antem
726 1691 940 1775 duodecim
983 1721 1133 1775 marcas
1176 1694 1253 1803 piis
1298 1692 1394 1773 locis
1424 1690 1596 1800 legatas,
1624 1694 1729 1777 solui
1757 1698 1949 1807 uoloper
2063 1695 2066 1707 ’

151 1805 381 1889 huiusmodi
395 1806 637 1887 Testamenti
655 1806 730 1886 mei
744 1781 991 1903 executores,
1007 1808 1165 1913 integre
1180 1803 1358 1888 debonis
1375 1805 1471 1883 meis
1487 1803 1716 1902 mobilibus,
1732 1822 1960 1918 antequam

25 1950 35 1960 ·
150 1921 260 2001 bona
287 1921 373 2029 ipsa
404 1917 456 1998 ab
479 1915 698 1998 heredibus
725 1915 945 2014 adeantur,
990 1944 1059 1997 seu
1090 1918 1214 1997 eciam
1245 1932 1514 2025 occupentur,
1554 1916 1802 2003 Execrrtores
1831 1922 1951 2005 huius
1993 1951 1996 1961 ·
2103 1933 2108 1953 '

146 2030 379 2113 testamenti
407 2030 610 2111 constituo
639 2045 681 2110 et
708 2028 913 2110 humiliter
940 2044 1054 2137 peto,
1084 2026 1351 2109 venerabilem
1369 2044 1520 2136 patrem
1539 2045 1579 2108 et
1607 2026 1837 2127 dominum,
1868 2034 1950 2143 Do-

66 2235 72 2242 ,
147 2146 300 2224 minum
331 2170 461 2222 meum
491 2140 838 2249 arehiepiscopum
878 2140 1148 2250 upsalensem,
1178 2154 1218 2220 et
1247 2140 1479 2246 Magistrum
1522 2136 1723 2221 Andream
1767 2148 1949 2253 preposi-

147 2276 236 2337 tum
265 2254 539 2361 upsalensem,
576 2268 629 2348 et,
658 2252 875 2339 Dominum
919 2250 1177 2333 benedictum
1220 2250 1370 2347 boson,
1413 2248 1665 2359 supplicans,
1709 2268 1753 2332 ut
1783 2276 1949 2365 propter

105 2417 111 2426 ·
151 2364 361 2447 dominum
391 2392 517 2445 meam
535 2362 1104 2473 premissamimplereuelint,
1133 2378 1174 2441 et
1201 2362 1347 2471 exequi
1368 2361 1628 2443 uoluntatem.
1658 2364 1781 2468 Quod
1809 2368 1842 2447 si
1858 2380 1951 2477 p're·

149 2474 260 2559 dicti,
285 2494 520 2557 executores
551 2502 692 2559 omnes
719 2473 797 2553 hiis
825 2474 1070 2585 exequendis
1100 2476 1290 2555 interesse
1326 2474 1598 2584 nequiuerint,
1628 2474 1693 2554 uel
1724 2475 1951 2574 noluerint,

149 2590 219 2671 ille
249 2588 313 2668 uel
343 2588 568 2667 illi'eorum
598 2586 670 2696 qui
700 2585 904 2665 noluerint
933 2603 974 2667 et
1005 2585 1226 2682 valuerint,
1256 2583 1539 2665 nichilominus
1566 2584 1848 2695 exequendiea
1866 2591 1952 2698 ple·
2074 2602 2076 2610 '

150 2700 306 2781 nariam
334 2699 511 2780 habeant
539 2697 783 2777 facultatem.
811 2696 950 2777 Testes
978 2714 1112 2804 autem
1153 2694 1274 2788 huius
1316 2697 1544 2776 testamenti
1574 2698 1649 2777 mei
1677 2698 1813 2778 taliter
1841 2700 1951 2783 ordi·

151 2814 238 2893 nati
268 2814 310 2890 in
339 2810 629 2891 Testimonium
672 2808 898 2915 specialiter
938 2808 1072 2889 uocati
1101 2825 1142 2887 et
1170 2808 1319 2915 Rogati
1353 2824 1446 2887 sunt
1476 2808 1732 2888 parrochiani
1776 2812 1952 2894 Ecclesia

149 2921 277 3021 dalbir
306 2921 572 3033 infrascripti,
601 2918 786 3001 videlicet
815 2916 1001 3000 dominus
1029 2917 1211 3001 Andreas
1240 2916 1344 2999 dicte
1374 2918 1551 3000 Ecclesia
1574 2920 1792 3026 presbiter,
1818 2920 1952 3005 Thor-

66 3069 70 3077 ·
149 3037 303 3116 bernus
332 3032 384 3114 de
412 3033 596 3129 Tunum,
625 3029 834 3110 Emundus
862 3047 904 3111 et
923 3033 1016 3139 Jngi
1044 3033 1085 3110 in
1116 3031 1249 3130 ¹¹le,
1279 3031 1470 3112 Nicolaus
1498 3046 1539 3112 et
1568 3031 1771 3112 Johannes
1792 3053 1833 3115 et
1851 3034 1965 3118 bod··

134 3147 192 3235 ,di
223 3149 264 3225 in
294 3145 421 3240 haesli,
450 3144 535 3248 ulfo
563 3160 604 3223 et
635 3141 882 3221 haetiluastus
912 3144 952 3220 in
980 3142 1101 3240 sebi,
1131 3142 1359 3222 laurencius
1387 3161 1426 3222 et
1455 3141 1610 3222 Olauus
1640 3143 1762 3224 villici
1791 3145 1832 3224 in
1862 3175 1954 3256 gra·

152 3287 271 3353 num,
301 3260 441 3336 Petrus
468 3259 511 3335 in
540 3254 689 3352 orbiti,
720 3253 839 3333 biorn
866 3267 1064 3348 sunas'on,
1100 3253 1289 3342 ‚Andreas
1330 3253 1572 3362 Jngiualdus
1614 3271 1654 3334 et
1683 3257 1881 3363 siguastus
1912 3261 1959 3340 in¹

153 3368 288 3466 ubbi‘,
317 3367 503 3474 Ospaker
532 3384 572 3446 et
600 3364 775 3444 lacobus
790 3364 913 3445 villici
940 3366 995 3444 in
1013 3362 1196 3459 Tnnum,
1225 3361 1494 3472 Jngimundus
1514 3363 1709 3461 smidher,
1737 3366 1954 3452 Thordher

108 3566 113 3574 ι
148 3483 196 3560 'in
226 3478 479 3575 Endaestum,
506 3476 645 3558 Tubbi
674 3477 717 3554 in
746 3476 988 3571 aluarstum,
1019 3476 1127 3556 botti
1153 3476 1196 3555 in
1226 3476 1453 3564 brunnum,
1483 3473 1682 3557 Erlendus
1711 3495 1752 3557 et
1780 3480 1885 3588 lngo
1915 3497 1957 3562 et

157 3591 275 3671 multi
318 3589 403 3699 Alij
451 3589 501 3670 de
544 3586 756 3698 parrochia
801 3587 993 3696 predicta.
1035 3588 1087 3668 Jn
1130 3587 1255 3666 Cuius
1299 3587 1355 3666 rei
1384 3589 1677 3686 testimonium,
1720 3592 1817 3701 quia
1845 3593 1956 3702 sigil-¹
1996 3593 2001 3604 ’
2052 3595 2054 3604 ’

155 3703 237 3782 lum
273 3705 484 3810 proprium
528 3728 607 3779 non
639 3698 788 3795 habeo,
831 3699 1003 3806 sigillum
1024 3689 1284 3783 svenerabilis
1319 3699 1467 3792 Patris,
1502 3700 1665 3780 Domini
1695 3701 1852 3782 Nicolai
1881 3708 1956 3784 Ar·

39 3907 48 3914 ,
154 3816 404 3922 chiepiscopi
429 3811 668 3921 upsalensis,
697 3825 738 3888 et
766 3810 896 3918 sigilla
933 3809 1235 3889 honorabilium
1276 3809 1477 3900 uirorum,
1520 3808 1775 3892 dominorum
1805 3813 1956 3896 Mathie

156 3945 197 4006 ot
225 3924 380 4007 Nicolai
409 3925 707 4005 Canonieorum
737 3919 886 4001 ibidem
915 3919 1171 4027 presentibus
1199 3919 1353 4028 apponi
1383 3937 1488 4030 pcto.
1521 3923 1664 4002 Actum
1698 3923 1773 4002 Die
1799 3941 1841 4004 et
1865 3924 1956 4008 loco

159 4035 421 4146 supradictis,
450 4040 571 4117 Anno
599 4031 782 4129 Domini,
810 4031 1038 4127 Millesimo,
1067 4031 1370 4112 Trecentesimo
1398 4029 1555 4112 Tereio.

157 4181 303 4262 sigitur:
326 4179 384 4244 Mo
409 4202 421 4243 ι
445 4169 600 4262 sdadn‘gt}
622 4177 680 4256 lito
699 4177 717 4238 3
738 4175 892 4258 audeligt,
915 4183 1020 4239 aurun
1041 4172 1209 4248 osladadt3
1236 4171 1295 4235 lito
1318 4191 1335 4233 a
1358 4173 1419 4238 och
1440 4176 1462 4255 4
1482 4175 1666 4257 bortsallna,
1689 4197 1854 4268 rernsorns¹
1869 4201 1957 4262 quar.

195 5015 201 5023 ⁴
297 4953 343 5010 Sa.
360 4953 480 5026 Diplona.
498 4951 539 5006 11.
