4317 5975
1847 141 1850 158 Ι

1848 240 1849 250 ,
2058 265 2101 295 ,x

1856 276 2063 388 Ns

777 471 848 495 -·¹
944 428 998 536 39
1107 470 1169 495 ...

87 660 209 807 951·
703 657 1247 807 1287d.2su0v;
1698 652 1963 818 ‘.·;·'?'.¹

151 884 268 947 Caecilia
290 882 380 948 Elols
400 882 516 947 dotters
535 839 745 964 Testamente,
767 884 967 969 hvarigcnoru
989 884 1138 949 Dddants
1158 886 1263 949 utttutt
1294 886 1416 1033 Npmla
1446 834 1578 969 kloster,
1594 831 1786 975 'puningon
1804 833 1878 955 ⁴(tub

203 969 319 1055 mdnga
342 968 479 1053 dyrbcru
501 969 619 1031 lds6rcn
643 970 815 1033 tilldeledcs
836 970 961 1048 kloster,
983 970 1102 1053 lyrlror
1122 970 1184 1033 ocb
1204 969 1310 1034 serskil
1334 981 1364 1032 te
1385 990 1540 1056 personerj
1559 969 1875 1061 scrut-[rihetsunkf

3 1048 8 1175 ι
202 1062 248 1114 tes
269 1054 303 1116 m
324 1054 388 1115 alla
409 1050 523 1115 bernes
544 1052 605 1115 och
625 1053 741 1117 hcnnes
761 1072 847 1116 mans
868 1054 965 1116 trtler
984 1051 1045 1115 och
1069 1055 1218 1117 trilinnur
1239 1052 1250 1117 i
1270 1053 1405 1137 Suerige.
1807 1052 1812 1067 '

1968 613 1977 640 ί
2017 624 2143 645 ιιι-ιιι.-

1414 1236 1418 1243 .
1582 1162 1739 1258 .I·A.⁴⁴.1⁴·
1774 1216 1831 1269 j..
1877 1172 1881 1181 ¹

2 1187 9 1403 i
179 1308 231 1385 ln
261 1307 425 1387 nomine
453 1308 581 1415 patris
610 1307 684 1416 filij
775 1309 940 1418 spiritus
968 1310 1098 1393 sancti
1125 1339 1254 1392 amen.
1295 1310 1384 1417 Ego
1416 1332 1571 1393 uectus
1599 1326 1719 1393 tutu
1739 1330 1877 1416 quenz
1917 1334 1920 1338 ’

83 1416 164 1499 dum
194 1417 275 1499 lilia
310 1418 500 1499 laborans
544 1419 587 1499 in
629 1422 818 1512 extremis
866 1423 1062 1503 sarcinam
1111 1420 1351 1503 delictorum
1393 1436 1577 1501 meorum'
1615 1418 1878 1504 =uehementer-

81 1556 305 1639 ugnoscens‚
322 1529 543 1641 nolensque
558 1530 653 1613 mibi
669 1560 836 1642 mccque
865 1535 995 1615 anime
1027 1531 1310 1644 quoaduixero
1337 1532 1556 1613 salubriter
1579 1528 1877 1639 {prouidere-in,

3 1636 4 1675 ³
82 1668 253 1721 meorum
282 1641 556 1723 remissionem
586 1646 861 1751 peccaminum
889 1673 981 1727 cum
1009 1674 1207 1727 consensu
1224 1653 1263 1727 8(
1277 1644 1491 1727 uoluntate
1504 1642 1719 1752 predilecti
1733 1639 1877 1724 coniu-

3 1822 4 1841 ,
80 1754 132 1859 gis
157 1754 236 1832 mei
265 1754 430 1833 Domini
457 1755 594 1863 Magni
623 1753 723 1862 dictj
764 1756 965 1852 Karlsun‚
1001 1748 1135 1840 condo
1179 1773 1462 1840 testamentum
1503 1778 1637 1837 meum
1678 1756 1723 1833 in
1749 1750 1877 1841 ‚bunc

3 1874 4 1881 '
81 1862 244 1945 modum.
318 1867 370 1944 Jn
412 1868 550 1972 primis
590 1867 645 1952 ob
688 1867 883 1948 honorem
913 1874 952 1949 8(
980 1871 1255 1952 reuerenciam
1297 1866 1363 1950 dei
1402 1867 1607 1977 genitricis
1640 1860 1879 1971 &virginis

2 2006 3 2049 l
82 1976 204 2071 marie,
233 1981 273 2055 8(
291 1976 504 2058 utilitatem
533 1978 704 2058 fratrum
736 1979 777 2057 in
807 1982 1050 2061 monasterio
1079 1981 1316 2077 nouenallis,
1331 1978 1498 2062 domino
1513 1978 1593 2060 deo
1607 1974 1876 2065 seruiendum

83 2086 178 2195 apud
226 2115 332 2195 quos
375 2088 506 2167 locum
554 2089 662 2197 eligo
702 2090 911 2198 sepulture
945 2098 1064 2171 viram
1092 2090 1298 2172 marcham
1326 2108 1440 2180 terre,
1464 2092 1505 2169 in
1543 2088 1755 2171 deanes
1780 2112 1874 2165 cum

83 2198 259 2277 omnibus
287 2198 370 2277 suis
403 2200 631 2281 attinenciis
657 2198 769 2279 siluis
799 2203 927 2310 pratis
957 2202 1253 2306 piscacionibus
1273 2221 1472 2311 perpetuo
1486 2199 1654 2281 confero
1667 2195 1876 2310 possiden·

83 2306 163 2389 darn
191 2336 285 2386 cum
323 2312 446 2390 tercia
484 2328 602 2418 parte
638 2314 850 2391 memorati
887 2312 1000 2393 fundi
1033 2315 1122 2393 sine
1158 2312 1347 2395 domibus
1390 2320 1430 2394 8(
1471 2314 1638 2420 insuper
1677 2306 1875 2418 capellam

2 2510 3 2517 ἵ
83 2445 193 2498 meam
224 2448 316 2498 curu
346 2420 469 2501 calice
499 2422 690 2502 uidelicet
711 2427 751 2501 8(
779 2422 968 2521 omnibus
1004 2426 1144 2504 altaris
1180 2430 1220 2504 8(
1256 2423 1574 2505 sacerdotalibus
1607 2421 1875 2537 ornamentis,

2 2554 3 2595 ὲ
82 2529 207 2611 volens
237 2545 286 2610 'ut
315 2530 357 2610 in
382 2534 563 2612 oratorio
592 2534 799 2613 memorati
829 2537 1061 2643 monasterij
1091 2528 1218 2615 altare
1248 2533 1447 2616 debonis
1482 2536 1579 2615 meis
1613 2521 1876 2641 propriis'ld

2 2714 3 2753 ,
82 2644 149 2722 mei
176 2644 371 2722 memoria
399 2659 670 2724 construatur.
701 2648 803 2724 Jtem
833 2646 1285 2755 singulis'monasteriis
1312 2648 1613 2757 cuiuscumque·
1637 2643 1794 2724 ordinis
1834 2642 1877 2721 in

2 2770 3 2857 ξ
79 2780 197 2859 regno
226 2753 388 2835 suechie
417 2755 646 2835 constitutis
674 2754 796 2835 unain
826 2759 1028 2838 marcham
1058 2757 1320 2840 denariorum
1350 2754 1878 2840 co'mmittcns'bietiluasto

78 2866 114 2944 in
151 2864 328 2973 nicopia
364 2868 516 2947 curiam
544 2894 673 2948 meam
702 2868 745 2945 in
775 2868 1023 2949 biershamar
1050 2886 1097 2949 ut
1126 2869 1177 2951 de
1205 2870 1475 2978 prouentibus
1503 2868 1611 2949 dicte
1638 2868 1751 2947 curie
1785 2893 1877 2973 per·

1 2970 2 3062 J
80 2974 203 3058 soluat
231 2975 414 3058 debitum
441 2995 718 3062 memoratum.
747 2979 850 3060 Jtem
880 2979 1047 3061 cuilibet
1075 2980 1241 3061 ecclesie
1270 2979 1490 3089 inquibus
1519 2978 1746 3058 mansiones
1781 3002 1876 3084 pos·

1 3153 2 3168 l
79 3086 185 3168 sideo
209 3089 298 3170 siue
325 3093 412 3171 mee
443 3093 705 3200 possessionis
733 3092 785 3171 sit
814 3092 901 3172 siue
930 3089 1067 3172 dilecti
1096 3092 1279 3202 coniugis
1306 3092 1384 3173 mei
1404 3112 1531 3168 unam
1548 3088 1767 3191 marcham·
1784 3086 1877 3198 dem

80 3199 238 3280 confero
266 3200 476 3302 dimidiam
504 3203 670 3285 ecclesie
700 3209 740 3284 8(
767 3202 972 3285 dimidiam
1003 3202 1212 3285 sacerdoti.
1241 3201 1305 3284 Ad
1328 3215 1578 3284 ‘structuram
1591 3197 1756 3281 ecclesie
1775 3198 1879 3279 We·

1 3309 2 3326 ¹
79 3313 276 3393 sionensis
306 3313 406 3395 duas
433 3313 627 3408 marchas.
685 3316 862 3396 Ecclesie
883 3315 934 3395 dc
961 3314 1235 3397 hiartlandum
1264 3343 1386 3395 vnam
1414 3310 1581 3394 rubeam
1616 3309 1790 3392 casulam
1825 3303 1878 3390 de

81 3426 159 3505 bast
186 3423 333 3505 hardo.
370 3427 546 3509 Ecclesie
583 3426 634 3509 de
670 3427 975 3536 bringatoptom
1012 3453 1135 3507 vnum
1172 3426 1399 3536 sperlalmn.
1437 3425 1617 3504 Ecclesic
1651 3423 1702 3503 de
1743 3422 1878 3502 hieru·

1 3539 2 3590 ἱ
78 3533 275 3640 birgbom
304 3564 426 3618 vnum
456 3535 630 3646 lapidem
660 3539 796 3619 altaris
825 3547 865 3619 8(
893 3566 1015 3618 unam
1045 3540 1248 3619 marcham
1278 3536 1368 3619 den.
1400 3535 1607 3618 dimidiam
1644 3533 1877 3615 ecclesie&

79 3645 164 3726 dim.
195 3645 414 3729 sacerdoti.
441 3651 614 3731 Domine
644 3651 881 3761 Jngiborgh.
905 3678 1027 3731 unam
1065 3677 1205 3759 capam
1235 3649 1286 3732 de
1329 3649 1500 3730 scarleto
1544 3646 1740 3727 forratam
1783 3660 1876 3726 cunt

77 3757 246 3864 g'icntiis.
276 3759 451 3840 Domine
478 3761 660 3841 katerine
691 3761 830 3842 sellam
861 3789 986 3844 meam
1015 3768 1053 3843 8(
1082 3763 1241 3842 frenum
1270 3790 1360 3841 cum
1390 3760 1551 3842 cussino
1579 3755 1877 3839 debaldelsino.

76 3867 269 3978 Stirgero
311 3869 436 3979 longo
480 3890 574 3954 octo
622 3872 738 3953 ulnas
793 3872 846 3955 de
881 3901 1019 3984 panno
1060 3892 1192 3983 gentz.
1252 3900 1378 3953 vnum
1420 3869 1586 3951 anulum
1630 3871 1751 3950 uxori
1794 3893 1876 3949 sue.

76 3978 229 4061 kietillo
265 3978 446 4063 brodson
484 4009 607 4062 vuum
635 3984 812 4066 balteum
842 4001 1078 4094 argenteum
1108 3990 1147 4064 8(
1176 3985 1296 4063 uxori
1324 4011 1395 4064 sue
1422 4009 1549 4062 unum
1578 3981 1770 4061 snullum.
1799 3979 1877 4060 ca*

74 4090 234 4198 pellano
262 4116 354 4173 meo
390 4091 636 4176 dominon.
666 4124 794 4176 unum
823 4097 1129 4178 ambulatorem.
1186 4095 1320 4202 Helgu
1348 4094 1585 4202 pedisseqne
1607 4105 1717 4172 mee.
1754 4110 1877 4171 unam

72 4202 203 4284 sellam
238 4207 281 4283 8(
308 4204 467 4286 frenum
505 4211 595 4287 cum
632 4235 735 4316 capa
771 4237 856 4288 mea
888 4235 999 4316 genz.
1036 4215 1159 4287 vnum
1203 4206 1439 4287 mantellum
1478 4202 1530 4285 de
1570 4204 1741 4284 scarleto
1763 4203 1876 4309 'cum

71 4313 246 4422 pellibus
260 4317 399 4398 uariis
427 4321 468 4398 8(
496 4318 582 4416 aliis
611 4318 689 4399 sibi
717 4321 950 4402 necessariis
987 4324 1028 4400 8(
1055 4319 1393 4399 conuenientibus
1419 4316 1674 4398 indumentis.
1715 4315 1877 4399 Nutrici

72 4429 147 4508 nee
176 4426 345 4534 lngrldl
373 4452 497 4526 vuum
528 4431 760 4511 mantellum
791 4431 842 4513 de
869 4433 1040 4512 scarleto
1075 4457 1170 4509 cum
1202 4427 1390 4538 pellibus.
1430 4427 1580 4508 lectum
1615 4452 1747 4506 meum
1783 4448 1877 4507 cum
2007 4434 2012 4444 ’

71 4540 151 4650 mis
171 4537 730 4651 omnibuspreparumcntis.
759 4565 881 4623 unam
911 4544 1046 4624 sellam
1075 4547 1115 4622 8(
1151 4542 1311 4622 frenum
1353 4567 1446 4620 cum
1488 4567 1605 4646 capa
1631 4536 1684 4618 de
1720 4552 1879 4619 moreto
1985 4632 1988 4637 ¹

70 4647 264 4746 lutatam
292 4649 393 4754 albo!
416 4669 566 4760 panno
597 4653 837 4762 ingiburgh.
865 4653 916 4736 de
945 4652 1158 4734 Wrixstad
1188 4681 1312 4733 vnum
1339 4651 1468 4733 sabel.
1493 4648 1757 4731 Cubiculari'o
1786 4661 1878 4732 meo

0 4853 1 4858 Ν
70 4765 217 4869 magbo
250 4759 350 4868 Μ)
388 4759 518 4844 vnum
541 4771 674 4874 'eq'um
702 4766 876 4846 Giniuto
904 4764 955 4847 de
984 4764 1190 4846 hiartanes
1225 4791 1356 4844 unum
1387 4790 1509 4874 eqmn
1536 4768 1577 4841 8(
1604 4773 1733 4840 unum
1763 4771 1877 4841 mun·

0 4871 1 4938 l
70 4872 207 4954 tellum
241 4899 334 4954 cum
354 4874 529 4982 pellibus
559 4877 679 4956 uxori
706 4905 789 4960 sue.
817 4877 927 4958 Coco
961 4903 1050 4956 meo
1085 4875 1255 4984 kiempae
1283 4903 1414 4957 unum
1444 4901 1577 4983 equm.
1614 4873 1763 4979 Magno
1798 4869 1875 4951 Bo-
2047 4964 2052 4970 .
2148 4977 2153 4985 .

71 5008 205 5066 tasson.
239 4981 447 5068 dimidiam
477 4985 680 5068 marcham
715 5016 876 5107 annone
903 4988 1044 5114 quam'
1061 4987 1238 5096 ‚recipiat
1278 4988 1321 5068 in
1364 4985 1535 5102 Forsnm
1553 5097 1557 5104 ι
1577 4985 1755 5122 exceptis
1798 4980 1878 5081 biis
2016 5043 2020 5048 .
