4317 5975
768 438 820 457 -
939 388 1052 497 187‘
1126 370 1233 456 -7

94 624 256 715 Salutem
284 617 326 696 in
356 611 523 697 domino
550 602 856 724 sempiternam..
892 615 1132 695 Constitutis
1168 617 1209 695 in
1240 632 1374 696 nostra
1414 618 1633 725 presencia.
1694 616 1883 713 Domino,
1944 667 1946 672 ·

94 740 183 818 Dan.
217 732 341 809 loona
364 754 437 807 son
454 726 634 806 &Erico
661 742 806 835 paeters
832 754 906 806 son
936 752 1056 831 super
1071 728 1242 833 negocio
1272 726 1480 807 diuisionis
1507 725 1750 810 hereditarie
1781 735 1887 811 inter

3 876 4 885 ¹
96 842 191 955 ipso's
220 844 295 921 iem
326 839 564 920 resuscitato
593 837 686 919 licet
729 840 843 946 prius
869 836 1027 917 difinita
1044 864 1117 943 per
1139 835 1323 918 dominos
1344 838 1610 921 Marskalcum
1627 840 1887 924 benedictum
1946 837 1951 849 ’
2079 906 2096 923 .,

97 954 291 1063 legiferum
323 950 483 1059 ragocie
509 954 550 1029 8(
577 950 678 1029 alios
707 947 954 1061 deconsilio
983 948 1137 1028 domini
1173 948 1280 1075 regis
1309 966 1446 1029 nostre
1488 968 1620 1031 autem
1658 956 1887 1063 cognicioni
1995 1026 2000 1030 ,
2063 1008 2067 1014 ·
2109 948 2159 1065 (ᾖ

96 1069 218 1149 denuo
248 1091 320 1171 per
349 1059 600 1141 consiliarios
624 1062 734 1167 regis
763 1064 973 1141 commisso
1002 1060 1049 1138 ac
1079 1059 1176 1165 ipsis
1205 1087 1244 1137 m
1276 1086 1349 1140 nos
1378 1066 1800 1169 compromittentibus
1828 1081 1888 1144 te-

3 1170 5 1255 ἶ
98 1205 182 1262 nore
212 1173 493 1283 presenciuum
524 1170 771 1253 declaramus
801 1174 908 1253 bona
937 1172 1042 1251 inter
1070 1170 1179 1277 ipsos
1208 1170 1320 1248 iuxta
1352 1173 1527 1278 priorem
1544 1178 1665 1254 eciam
1689 1171 1889 1256 difinicio·

96 1316 175 1369 nem
204 1288 247 1366 in
276 1284 385 1365 bunc
414 1280 576 1362 modum
595 1284 670 1362 iam
700 1281 828 1363 diuisa
853 1282 1041 1364 videlicet
1060 1281 1172 1391 quod
1188 1281 1376 1361 dominus
1405 1285 1505 1362 Dan.
1521 1285 1666 1365 babeat
1683 1288 1725 1365 in
1741 1289 1889 1368 suecia.
2004 1377 2010 1382 ἢ

3 1424 5 1437 ²
96 1398 317 1505 Kitblinge‚
347 1392 467 1495 Semi,
496 1394 678 1501 Kangor‚
722 1398 760 1473 8(
789 1397 974 1585 ‹prinque
1002 1389 1153 1473 solidos
1195 1408 1304 1472 terre
1346 1396 1386 1472 in
1426 1395 1549 1494 vdbir.
1595 1423 1667 1505 per
1710 1397 1890 1479 addicio-

97 1526 181 1592 uem'
205 1518 389 1586 nostram
418 1510 458 1585 8(
487 1507 527 1584 in
558 1504 717 1613 vsgocia
747 1532 794 1583 ro
825 1508 979 1600 bastae,
1023 1500 1250 1584 sveaestade
1285 1503 1566 1612 sigbvalstade.
1614 1508 1654 1585 in
1696 1511 1892 1615 vesgoeia.
1996 1572 2006 1585 .

3 1626 24 1677 5,
96 1650 175 1703 cum
202 1620 325 1700 terris
354 1619 396 1697 in
426 1615 637 1722 deghiorrt.
668 1621 708 1695 8(
737 1615 1076 1723 holmgersthorp.
1105 1614 1241 1714 vesbir.
1276 1621 1318 1695 8(
1348 1616 1586 1697 molendinis
1629 1619 1671 1696 in
1700 1618 1892 1719 bakelers
2104 1706 2109 1713 ‚

3 1744 5 1775 l
96 1762 133 1815 ac
158 1731 272 1811 curia
302 1726 520 1821 linkaelasct.
549 1756 622 1835 per
650 1724 905 1825 addicionem
934 1724 1319 1807 dominiMarskallri
1349 1755 1396 1805 ac
1418 1728 1589 1808 aliorum
1606 1747 1894 1837 protectorum.
2000 1778 2006 1789 ·

66 1849 261 1953 xinsuper
291 1840 432 1921 Ericu's
462 1837 611 1918 habere
638 1836 785 1919 debeat
813 1840 856 1919 iu
885 1840 1017 1919 suecia
1047 1841 1087 1917 8(
1115 1837 1332 1945 invsgocia
1351 1862 1428 1947 pro
1446 1838 1603 1921 duabus
1620 1841 1895 1948 porcionibus.

98 1952 275 2037 videlicet
313 1948 500 2042 combles,
537 1949 740 2047 nichium,
778 1952 967 2031 nesthnae.
1004 1976 1096 2029 cum
1134 1948 1373 2030 molendinis
1416 1949 1576 2031 ibidem.
1618 1956 1657 2030 &
1700 1968 1808 2053 terra
1852 1952 1895 2030 iu

98 2064 256 2160 alnum,
289 2060 476 2171 myryby‚
504 2059 729 2156 alebamur,
760 2059 947 2169 biaerghae
975 2086 1067 2141 cum
1096 2075 1204 2138 terra
1234 2060 1275 2137 in
1304 2076 1449 2169 garta,
1478 2062 1731 2171 sigvalstadae
1758 2065 1800 2143 in
1828 2087 1895 2142 vs·

99 2179 210 2287 gocia.
260 2170 557 2267 Raennaefiaellae,
585 2188 760 2267 stercore,
791 2169 1003 2281 burgunde
1032 2198 1125 2251 cum
1153 2189 1260 2251 terra
1289 2171 1331 2251 in
1356 2171 1521 2278 gasalffi,
1560 2173 1757 2283 brytheke
1786 2180 1826 2257 &
1854 2176 1898 2255 in
1943 2244 1949 2260 Ι
2033 2170 2038 2175 .
2074 2177 2078 2183 .

98 2284 415 2397 guthagarthom.
458 2280 627 2391 lundby.
670 2282 774 2389 raby
808 2281 1201 2391 holmborgaetborp,
1244 2305 1335 2362 cum
1366 2282 1604 2367 molendinis
1646 2290 1687 2367 in
1723 2286 1833 2393 rytlrt
1860 2286 1900 2364 8(

99 2398 304 2481 comblom.
333 2394 566 2475 &terrain
588 2393 765 2487 othinsu
793 2401 832 2475 8(
860 2394 1115 2503 Tangestom.
1142 2395 1287 2474 Cetera
1316 2420 1415 2476 uero
1445 2394 1677 2505 prediabic
1705 2424 1786 2478 uon
1803 2424 1902 2479 con·
2017 2448 2027 2457 -
2152 2362 2158 2391 ⁵

101 2527 198 2593 tenta
224 2507 383 2589 debent
411 2501 539 2588 diuidi
567 2506 671 2587 inter
700 2532 769 2585 eos
796 2506 1016 2587 secundum
1047 2505 1154 2613 leges
1181 2523 1298 2585 terre.
1326 2505 1430 2589 hanc
1454 2526 1589 2590 autem
1613 2512 1900 2618 premissorum

101 2620 394 2703 ordinacionem
417 2614 711 2699 obseruandam
738 2614 1047 2697 irreuocabilem
1075 2615 1376 2697 sentencialiter
1402 2620 1693 2727 prouulgamus
1722 2624 1763 2702 in
1787 2622 1902 2702 cuius
1936 2663 1940 2671 ·
2041 2675 2044 2682 ι

102 2737 153 2815 rei
178 2729 459 2814 testimonium
489 2726 618 2837 sigilla
647 2746 795 2810 nostra.
828 2736 867 2809 8(
895 2728 1024 2836 sigilla
1054 2724 1274 2807 eorundem
1301 2730 1558 2834 presentibus
1585 2747 1680 2810 sunt
1708 2754 1901 2839 appensa.

102 2850 232 2974 Actum
267 2840 434 3033 Ekpnles
466 2864 574 2967 anno
602 2838 753 2921 domiui
792 2838 1021 2919 M⁹CC⁰XL
1050 2838 1084 2944 *)
1127 2839 1274 2947 quinto
1314 2835 1381 2918 die
1424 2838 1635 2923 beatorum
1679 2844 1901 2923 martirum.

105 2958 225 3038 Punu.
261 2960 300 3036 8(
347 2978 514 3035 erciam.

506 3179 510 3186 Ι
609 3089 736 3174 Sigillen
762 3092 840 3172 r-d
862 3091 973 3168 finum
996 3089 1035 3154 de
1056 3107 1126 3156 ame
1147 3091 1217 3152 sista
1239 3089 1385 3156 skadade.

117 3441 254 3584 1131
447 3626 450 3633 Ι
749 3460 898 3605 1295
946 3457 994 3564 d.
1041 3497 1074 3602 9
1120 3459 1282 3562 tunt·
1586 3433 1910 3592 Stockbolmss
2138 3468 2143 3477 ’

179 3677 298 3765 Hermo
320 3701 466 3762 Garamas
488 3695 563 3770 bref
581 3694 651 3759 med
674 3693 966 3776 tillktnnagilvaude
988 3704 1034 3756 att
1055 3692 1118 3755 han
1140 3691 1186 3755 till
1220 3689 1263 3753 St.
1285 3691 1384 3755 Clarae
1415 3693 1532 3758 kloster
1563 3699 1575 3758 i
1606 3697 1789 3761 Stockholm
1805 3711 1904 3760 ·emot

229 3785 289 3847 full
312 3784 468 3863 betalning
491 3779 598 3841 alstdtt
619 3777 815 3862 Snytersteds
836 3777 923 3860 gard,
945 3776 1071 3840 hvilken
1094 3776 1155 3838 hau
1177 3772 1364 3884 al'Kouung
1387 3777 1517 3858 Magnus
1548 3778 1674 3842 erbdllit
1706 3777 1714 3841 i
1747 3793 1822 3864 pant
1854 3782 1903 3842 tar
2019 3768 2046 3816 '-
2084 3735 2112 3778 Ἰ
2157 3737 2158 3745 l

224 3869 284 3944 ¹¹4
307 3867 394 3927 marl
418 3874 485 3926 rent
506 3863 610 3925 silfver
631 3862 755 3926 catatu
777 3865 851 3945 rigt.
972 3892 977 3906 r
1498 3943 1533 3995 A·
1551 3943 1577 3996 3·
1592 3943 1611 3996 f·
1628 3957 1684 3996 Μ

231 4081 435 4166 Omnibus
467 4095 676 4189 presentes
702 4079 855 4161 litteras
883 4077 1143 4186 inspecturis,
1171 4077 1380 4157 Heumcus
1408 4072 1540 4157 dictus
1568 4077 1770 4176 Gustus,
1801 4078 1909 4159 salu·
1959 4119 1962 4124 ·

110 4215 179 4277 tem
209 4204 249 4277 8(
281 4220 400 4274 omne
430 4191 593 4272 bonum.
624 4189 782 4271 Tenore
812 4189 1064 4297 presencium
1079 4205 1220 4267 notum
1242 4186 1410 4267 facimus
1437 4190 1647 4286 rniuersis,
1664 4178 1738 4268 rios
1753 4191 1904 4270 curiam

99 4304 345 4417 snytarstad,
372 4330 494 4414 quam
520 4301 638 4382 nobis
667 4303 861 4381 Dominus
890 4299 1060 4408 Magnus
1089 4298 1214 4378 felicis
1243 4298 1433 4379 memorie
1462 4301 1668 4409 quondam
1698 4302 1934 4393 Rerrswe·⁴
2080 4375 2083 4382 .

109 4420 162 4498 cie
192 4419 361 4498 illustris
390 4442 466 4523 pro
492 4411 668 4523 quadam
697 4439 847 4492 summa
878 4411 1055 4518 argenti,
1084 4426 1245 4490 centum
1291 4407 1479 4489 videlicet
1521 4415 1561 4489 8(
1603 4411 1909 4521 quatuordecim
1982 4495 1985 4498 ,
2081 4473 2107 4505 .,

110 4529 276 4610 Marcbis
292 4527 386 4636 puri
402 4534 441 4607 8(
456 4525 670 4606 examinati
692 4521 848 4631 argenti
870 4523 911 4602 in
929 4517 1109 4632 pondere
1130 4521 1366 4616 coloniensi,
1391 4520 1700 4628 impignorauit,
1716 4520 1909 4605 dimisisse
2020 4554 2022 4559 ·
2045 4557 2049 4560 ⁴
2084 4561 2087 4565 ·
2156 4537 2158 4545 ’

111 4643 392 4747 &assignasse
431 4635 640 4717 sororibus
668 4651 805 4716 sancte
832 4633 952 4714 Clare
985 4635 1027 4712 in
1056 4629 1257 4714 stokholm
1303 4633 1452 4744 quibus
1496 4633 1579 4743 ipse
1608 4631 1797 4716 dominus
1825 4635 1912 4716 Rex
1964 4632 1966 4635 ’
2010 4672 2017 4690 ‘
2085 4642 2090 4651 '

114 4752 301 4856 prefatam
331 4748 480 4829 curiam
508 4745 700 4843 contulit,
732 4743 931 4856 uobisque
960 4769 1046 4827 esse
1073 4749 1115 4826 in
1142 4774 1295 4827 summa
1324 4741 1496 4855 predicti
1525 4747 1681 4852 argenti
1712 4775 1733 4827 a
1768 4763 1912 4855 supra·
2030 4833 2038 4846 ‚
2078 4751 2082 4758 ’

147 4963 173 5038 *l
192 4958 233 5021 88
256 4921 381 5021 melnes
401 4957 512 5020 artalet
534 4949 583 5019 ldr
604 4950 740 5018 M⁰CC'·.
850 5006 852 5011 .
