4317 5975
959 397 1017 443 r·
1115 322 1204 477 ζῶα
1315 329 1372 419 4·

265 594 421 658 notum.
437 572 603 655 lucianus
628 570 743 684 quod
769 570 922 655 famulo
950 590 1092 657 nostro
1114 574 1308 683 vesgotho
1337 573 1578 657 auctoritate
1612 576 1847 683 presencium
1876 602 2011 691 potesta.

264 706 345 795 tem
374 684 863 793 committimus-predium
887 704 1069 766 nostrum
1085 686 1197 798 quod
1213 687 1406 769 babemus
1435 687 1476 765 in
1506 687 1710 765 cumbluiu
1727 688 1846 771 silicet
1861 692 2012 809 'quinque

169 869 174 878 .
265 796 416 881 solidos
431 815 539 879 terre
566 798 608 876 iu
635 814 717 877 tres
729 794 879 878 solidos
894 813 1002 878 terre
1018 826 1110 878 cum
1127 798 1295 879 dimidio
1324 798 1364 877 in
1385 796 1645 895 skrimistum
1670 808 2013 893 commutandi'cum

209 906 214 913 ’
265 909 491 989 reuerendo
519 904 684 987 domino
711 907 865 989 andrea
894 913 1101 1018 preposito
1118 910 1330 1018 upsalensi.
1358 908 1537 992 volentes
1566 927 1611 989 vt
1640 908 1730 991 loco
1752 916 1869 993 nostri
1894 918 1928 997 iu
1951 924 2014 1030 pla·

203 1018 207 1035 '
265 1023 348 1102 eito
376 1020 577 1101 communi
607 1018 717 1101 dicto
745 1019 912 1103 domino
952 1016 1103 1102 andree
1148 1024 1352 1130 preposito
1394 1021 1596 1129 vpsalensi
1639 1023 1812 1129 assignet
1837 1040 1940 1109 testes
1963 1042 2015 1143 qui

264 1131 471 1238 wlgariter
499 1131 701 1213 dicuntur·
727 1130 1128 1213 iaestaersecuudum
1172 1149 1280 1213 terre
1321 1131 1655 1215 consuetudinem
1701 1134 1946 1243 approbatam
1980 1148 2017 1225 ln

265 1244 381 1323 cuius
408 1243 467 1325 rei
495 1242 768 1323 testimonium
796 1241 927 1351 sigilla
958 1258 1093 1324 nostra
1123 1242 1325 1325 abbatisse
1352 1259 1394 1324 et
1422 1252 1648 1326 conuentus
1685 1247 1923 1354 presentibus
1946 1272 2017 1336 sunt

268 1381 458 1463 appensa.
489 1356 636 1433 Datum
666 1352 742 1435 sko
768 1381 876 1435 auno
903 1354 1057 1436 domini
1086 1354 1161 1436 Μ“’.
1191 1354 1370 1437 C⁰C⁰C'.
1403 1355 2008 1471 1111210.quartaldusapritis.'

928 1507 932 1515 '
1015 1496 1145 1580 Sigillen
1173 1496 1319 1560 skadade.

278 1916 446 2089 idai.
899 1946 1048 2093 1304
1090 1944 1256 2092 d.17
1307 1946 1466 2096 Apul
1864 1949 2023 2098 [bob

348 2163 577 2248 babebiskopcu
600 2164 672 2227 Nus
692 2163 857 2229 decussum
877 2168 936 2228 oclr
957 2168 1082 2233 Userca
1104 2167 1319 2231 massaris
1340 2168 1500 2249 Fullmagt
1522 2168 1571 2231 tttr
1583 2166 1823 2245 KauileuOloi,
1843 2180 1886 2232 att
1905 2174 2025 2255 sculp-

398 2248 472 2308 taur
492 2248 611 2309 ombud
635 2248 746 2310 besdlra
771 2248 888 2330 eetigr
910 2252 1023 2331 stolen,
1056 2251 1128 2314 med
1159 2252 1304 2336 rttttighct
1335 2262 1381 2315 att
1410 2250 1545 2339 uppldna
1576 2252 1655 2314 finds
1679 2251 1726 2314 till
1750 2272 1811 2313 auo
1832 2254 2025 2335 marl'sillvu,

398 2350 462 2391 som
486 2331 524 2391 af
540 2330 610 2392 dem
632 2331 717 2392 sloln
740 2330 865 2398 batales.
1905 2360 1908 2367 ‚
1937 2376 1944 2379 ,,

1865 2416 1970 2493 Μ..

281 2553 285 2561 “
377 2550 579 2629 Omnibus
608 2552 815 2633 Presentes
843 2551 1016 2633 Litteras
1060 2538 1334 2663 inspecturis,
1378 2553 1584 2635 meamus
1626 2553 1777 2634 Diuiua
1808 2552 2027 2633 Miseracione

268 2660 625 2769 archiepiscopus,
653 2660 886 2772 Totumque
915 2662 1146 2773 Capitulum
1176 2664 1352 2747 Ecclesia
1380 2662 1602 2772 upsalensis
1629 2665 1801 2745 salutem
1830 2667 1870 2745 in
1898 2662 2028 2744 domiuo

267 2773 562 2879 sempiternam.
591 2772 814 2870 Noueritis‚
842 2772 967 2877 Quod
996 2802 1070 2855 nos
1098 2775 1337 2857 Reuerendo
1366 2776 1466 2874 viro,
1491 2776 1667 2855 Domino
1696 2776 1832 2857 Olauo
1861 2777 2028 2855 Canonico

268 2884 446 2964 Ecclesia
475 2899 623 2978 nostre,
657 2912 777 2994 quem
794 2911 870 2994 pro
891 2884 1131 2996 quibusdam
1147 2889 1296 2968 nostris
1324 2903 1365 2967 et
1394 2885 1569 2967 Ecclesia
1594 2902 1730 2967 nostrc
1745 2886 1922 2998 negocijs
1947 2884 2029 2995 apud

266 2993 400 3075 sedem
430 2991 691 3102 apostolicam
721 2994 1030 3106 promouendis,
1071 2998 1123 3079 ad
1153 2997 1288 3080 sedem
1316 2997 1605 3079 destinauimus
1633 3000 1823 3097 eandem,
1857 3029 1900 3080 ac
1926 2999 2027 3107 ipsun

194 3144 196 3157 ·
266 3123 434 3215 propter
464 3105 559 3202 hoc,
588 3121 768 3187 nostrum
798 3123 839 3187 et
868 3107 1044 3188 Ecclesia
1080 3129 1216 3190 nostre
1259 3127 1559 3222 procuratorem
1589 3111 1935 3204 constitueramus,
1971 3109 2030 3188 Da·

267 3245 354 3295 mus
381 3233 423 3296 et
450 3214 725 3313 concedimus,
756 3233 895 3297 nostro
923 3234 963 3298 et
993 3219 1170 3300 Ecclesia
1198 3239 1335 3302 nostre
1364 3248 1410 3302 ac
1439 3223 1567 3302 nostri
1607 3219 1788 3330 Capituli
1819 3223 1968 3310 nomine,
1988 3235 2030 3298 te·

146 3350 149 3357 ’
266 3355 365 3409 nore
395 3330 668 3436 presencium,
697 3328 855 3437 plenam
883 3345 924 3409 et
952 3328 1117 3410 liberam
1141 3347 1379 3438 potestatem
1408 3357 1455 3413 ac
1484 3331 1715 3413 mandatum
1735 3334 1925 3443 speciale,
1951 3333 2031 3411 Con·v

238 3436 455 3517 ‘trahendi
488 3453 528 3516 et
557 3438 791 3549 Recipiendi
818 3457 1022 3538 mutuum,
1064 3469 1189 3551 vsque
1230 3443 1282 3524 ad
1324 3442 1519 3526 ducentas
1561 3443 1743 3526 marchas
1783 3446 1935 3552 argenti
1964 3441 2033 3550 puri

267 3568 307 3629 et
335 3549 569 3644 examinati,
599 3575 620 3628 a
681 3551 972 3662 uibuscumque
1007 3550 1277 3633 creditoribus
1316 3582 1390 3664 pro
1419 3557 1568 3635 nostris
1604 3556 1786 3665 negocijs
1815 3557 1856 3636 in
1884 3557 2037 3634 Romam

267 3661 390 3741 Curia
421 3578 732 3770 prosequendis,
761 3661 913 3742 Dantes
940 3659 1080 3743 Eidem
1110 3681 1251 3744 nostro
1280 3681 1320 3745 et
1348 3663 1511 3746 ecclesie
1544 3682 1681 3748 nostre
1709 3697 1757 3750 ac
1787 3667 1957 3776 Capituli
1980 3691 2033 3744 no

266 3773 339 3852 stri
370 3770 646 3879 procuratum,
676 3772 836 3881 plenam
867 3789 908 3852 et
937 3773 1105 3854 liberam
1147 3793 1459 3882 potestatemac
1486 3777 1659 3886 speciale
1701 3778 1928 3860 mandatum
1954 3773 2034 3857 obli·

268 3880 391 3990 gandi
408 3900 576 3992 propter
592 3883 681 3979 boc,
712 3883 806 3980 Nos,
835 3879 1099 3993 (successores
1129 3903 1289 3968 nostros
1304 3887 1358 4002 *)‚
1387 3904 1427 3968 'et
1457 3887 1675 3971 Ecclesiam
1693 3907 1883 3987 nostram,
1911 3905 1947 3968 et
1970 3883 2042 3966 on?

229 4070 235 4082 ,
267 3996 334 4074 nia
365 3994 472 4072 bona
502 4010 651 4088 nostra,
680 3991 967 4103 (successorum
988 4013 1218 4077 nostrorum
1235 4003 1268 4114 *)
1297 4019 1336 4080 et
1367 4001 1542 4081 Ecclesia
1571 4017 1709 4081 nostre
1732 4001 1894 4084 mobilia
1922 4013 1957 4080 et
1980 3997 2035 4076 in·

258 4105 430 4185 ‘mobilia
460 4098 736 4190 Ecclesiastica
770 4114 975 4214 presencia
1005 4124 1046 4187 et
1076 4108 1233 4208 futura,
1262 4130 1302 4192 et
1334 4109 1612 4220 promittendi,
1640 4112 1765 4216 Quod
1795 4142 1887 4210 nos,
1916 4109 2035 4191 dictam

148 4296 151 4305 ,
267 4219 480 4324 pecuniam
509 4219 762 4298 restituemus
790 4233 829 4296 et
859 4218 1019 4327 restituj
1050 4219 1256 4316 faciemus,
1286 4221 1395 4317 loco,
1439 4225 1630 4320 termino,
1658 4239 1699 4304 et
1728 4241 1909 4334 tempore
1935 4237 2036 4304 statu·

267 4326 500 4407 andiacum
530 4328 718 4408 omnibus
745 4327 928 4437 dampnis
956 4333 1142 4436 expensis
1171 4350 1211 4412 et
1239 4335 1449 4430 interesse,
1490 4337 1581 4438 Que
1610 4334 1674 4414 uel
1704 4363 1827 4445 quas,
1855 4332 1946 4415 dicti
1970 4355 2036 4412 cra·

267 4437 421 4519 ditores
449 4439 720 4535 incurrerent,
750 4440 850 4519 siin
879 4443 1039 4521 statutis
1068 4441 1159 4520 loco
1195 4446 1366 4524 termino
1395 4461 1435 4523 et
1456 4462 1646 4554 tempore
1680 4447 1865 4556 predicta
1892 4441 2035 4554 pecunia

269 4551 324 4629 eis
353 4578 437 4630 non
466 4549 589 4630 fuerit
612 4551 833 4658 persoluta,
862 4552 1029 4632 Necnon
1060 4555 1322 4666 renunciandi
1347 4557 1388 4634 in
1413 4555 1509 4651 hoc,
1546 4572 1687 4637 nostro
1712 4569 1941 4640 nostrorum
1966 4578 2036 4634 suc·

267 4687 468 4740 cessurum
495 4659 696 4742 dictorum
724 4679 767 4743 et
796 4665 960 4745 ecclesie
993 4680 1151 4764 nostre,
1189 4667 1305 4746 'omni
1334 4665 1442 4747 luris
1472 4666 1622 4751 auxilio
1663 4669 1860 4753 Canonici
1887 4685 1925 4747 et
1949 4662 2036 4745 Ciui-

1223 4821 1227 4830 ·
1888 4781 1947 4876 lis,

307 4954 334 5030 *)
354 4947 516 5016 Utstrulet
538 4949 547 5009 i
569 4947 740 5031 originalet.
