4317 5975
958 437 1055 462 ...
1167 391 1249 490 6¹4
1359 437 1415 454 ..

308 639 348 702 et
376 619 541 701 heredes
569 645 681 713 suos,
712 643 784 725 per
811 616 1080 696 scotacionem
1110 611 1345 722 legittimam
1373 608 1675 706 transferendo,
1704 612 1753 690 ln
1783 611 1893 691 cuius
1915 619 2044 700 testimo
2104 685 2105 698 s

306 733 419 813 nium
452 731 625 836 sigillum
657 743 839 826 nostrum
868 743 910 806 ct
938 725 1110 832 sigillum
1141 723 1237 805 dicti
1272 722 1440 830 capituli
1470 726 1599 804 nostri
1636 723 1883 826 presentibus
1904 743 1978 805 sunt
1997 757 2045 838 ap

310 871 451 952 pensa,
480 845 627 923 Datum
657 839 800 930 thorsrs
827 865 936 917 anno
965 837 1129 917 domini.
1158 835 1229 916 ΜΟ.
1258 834 1388 916 0000.
1419 833 1586 916 decimo.
1617 833 1694 913 IX⁰
1722 831 1800 916 lsal.
1829 832 1932 942 junij.

914 979 965 1042 Pa
973 980 1168 1061 frdruidcn:
1189 981 1279 1041 curia
1299 976 1491 1063 quaetbaegb.

819 1097 946 1179 sigillet
967 1099 1027 1161 Νεο
1055 1119 1066 1158 1
1091 1095 1201 1175 borta,
1225 1117 1243 1158 a
1265 1095 1423 1177 andeligt,
1444 1092 1587 1156 skadadt.

320 1465 486 1608 1672.
914 1459 1179 1566 11310d.
1228 1459 1454 1601 28Maj.
1610 1555 1611 1560 a
1680 1589 1684 1598 .
1900 1457 2054 1565 Morio·

389 1652 507 1736 Biskop
529 1651 711 1716 Srmriiarss
733 1653 744 1713 i
766 1651 936 1730 Strengniis
958 1650 1066 1747 intyg3
1088 1657 1135 1708 att
1158 1648 1236 1710 bans
1258 1649 1412 1746 slbgtipge
1434 1647 1594 1744 ingewald
1618 1649 1808 1745 Magnussou
1840 1646 1887 1707 till
1903 1650 1953 1743 ‘sin
1972 1649 2055 1746 broder
2103 1627 2105 1762 Ι

432 1735 560 1796 Finwirl
591 1736 710 1798 lemuat
743 1731 922 1796 Kliifwasta
951 1733 1031 1813 gard
1053 1755 1064 1792 ι
1085 1732 1199 1814 utbyte
1230 1743 1317 1794 emot
1347 1731 1418 1812 sord
1440 1752 1450 1791 r
1472 1734 1581 1814 Lagnii
1611 1732 1665 1794 vrd
1696 1730 1872 1808 Eldasund,
1902 1752 1911 1790 ι
1939 1731 2056 1794 Walstar

433 1817 613 1902 erdiuge
633 1820 750 1881 sockeu
772 1817 833 1880 ocb
856 1819 865 1877 i
886 1818 1031 1897 Awuuge
1053 1815 1107 1876 rid
1128 1816 1239 1898 Husby
1260 1815 1444 1896 Groduuge·
1855 1895 1878 1948 Α
1902 1895 1919 1948 6
1941 1915 1953 1948 ,

419 1999 618 2080 Omnibus
647 2016 851 2110 presentes
881 1996 1034 2076 litteras
1064 1998 1302 2104 inspecturis
1340 1997 1598 2094 Srinntnuos
1628 1994 1691 2075 dei
1729 2000 1863 2101 gracia
1891 2000 2057 2104 episcopus
2104 2097 2105 2104 ἵ

310 2111 622 2216 strengianensis
664 2111 831 2190 salutem
863 2111 904 2187 in
935 2107 1098 2188 domino
1128 2113 1422 2215 sempiternam.
1480 2107 1629 2187 Notum
1662 2107 1827 2186 facimus
1862 2110 1962 2217 qnod
1993 2136 2058 2186 con·

310 2223 442 2301 stituti
471 2223 511 2301 in
543 2223 749 2329 presencia
779 2237 936 2315 nostra,
965 2219 1101 2299 dilecti
1133 2223 1418 2324 consanguinei
1460 2221 1587 2298 nostri
1629 2219 1870 2325 ingiwaldus
1905 2246 2059 2326 magnusa
2104 2257 2105 2324 3

310 2361 383 2413 son
429 2349 471 2412 et
507 2332 631 2411 frater
664 2359 760 2412 suus
797 2330 984 2412 bnwidns
1028 2330 1209 2409 fecerunt
1255 2332 1330 2410 boc
1376 2331 1574 2410 cambium
1620 2329 1873 2438 prediorum,
1917 2331 2059 2410 videlicet

311 2443 421 2552 quod
459 2440 562 2524 idem
593 2441 834 2548 ingiwaldus
864 2445 937 2550 ipsi
978 2439 1145 2520 linwido
1185 2442 1297 2521 fratri
1341 2471 1413 2521 suo
1455 2444 1607 2521 curiam
1651 2471 1761 2519 suam
1804 2441 2058 2534 lslpuastecun
2103 2459 2105 2544 l

312 2555 499 2634 omnibus
530 2553 790 2661 pertinenciis
825 2555 906 2633 suis
949 2553 1113 2660 reliquit
1154 2573 1353 2658 perpetuo
1390 2551 1677 2661 ‚possidendam
1723 2553 1933 2661 Recipiens
1963 2557 2003 2633 ab
2030 2581 2059 2633 eo

311 2666 493 2774 quinque
519 2692 610 2745 oras
638 2680 745 2745 terre
783 2666 823 2742 in
872 2663 994 2770 lagno
1023 2665 1132 2740 iuxta
1165 2663 1389 2760 Eldnsunsl,
1428 2682 1507 2744 tres
1544 2691 1633 2743 oras
1671 2664 1708 2742 in
1748 2664 1940 2744 valastnm
1979 2693 2061 2774 paro

312 2777 401 2855 chia
429 2772 665 2882 wardungi‚
694 2792 873 2886 quatuor
901 2773 1051 2854 solidos
1079 2791 1186 2853 terre
1217 2776 1255 2852 in
1291 2780 1422 2884 asvngi
1453 2778 1562 2855 iuxta
1593 2772 1751 2873 busabir
1780 2775 1991 2885 grodungi,
2013 2779 2058 2856 ista

312 2886 553 2967 condicione
581 2885 753 2982 adiecta,
782 2885 893 2997 quod
921 2886 954 2964 si
985 2885 1314 2965 idem-finwidus
1356 2893 1506 2997 absque
1550 2885 1686 2966 liberis
1730 2890 1956 2998 priusquam
1993 2889 2061 2997 ingi-

311 2996 474 3079 waldus
503 3000 698 3078 morietur
732 2998 914 3109 predicta
950 3002 1058 3078 curia
1098 2998 1274 3091 clprrosta
1309 3022 1402 3079 ‘cum
1447 2998 1634 3078 omnibus
1677 3002 1758 3078 suis
1800 3002 2010 3080 attinenciis
2029 3000 2060 3079 ad

313 3109 542 3218 predictum
572 3109 835 3216 ingiwaldum
867 3111 1027 3205 redeat,
1063 3111 1116 3189 ita
1148 3109 1257 3219 quod
1290 3112 1425 3189 nullus
1453 3109 1617 3191 coheres
1645 3137 1740 3188 suus
1770 3111 1873 3190 alius
1901 3112 1947 3191 ad
1974 3114 2061 3219 ipsam

220 3284 230 3293 .
312 3222 576 3316 curiam‚,ius
604 3222 888 3302 bereditarium
921 3236 1059 3326 petens
1091 3249 1249 3299 manum
1281 3224 1430 3315 mittat,
1460 3224 1490 3300 si
1516 3248 1612 3300 vcro
1638 3220 1846 3327 predictus
1868 3222 2062 3329 ingiwaldus
2102 3224 2104 3245 ⁴

311 3333 425 3439 prius
454 3328 685 3427 decesserit,
713 3359 833 3439 quam
871 3331 1078 3426 tinniens,
1115 3332 1252 3411 eodem
1294 3331 1435 3425 modo,
1478 3359 1561 3441 quo
1604 3332 1654 3409 ad
1697 3331 1955 3437 ingiwaldum
1991 3330 2060 3410 dicta

312 3443 441 3535 ouria,
471 3442 637 3521 redeant
682 3440 732 3521 ad
775 3440 984 3519 linwidum
1032 3443 1194 3549 predia,
1224 3471 1317 3551 *que
1364 3462 1405 3523 vt
1445 3464 1535 3551 pote
1577 3444 1761 3545 superius
1804 3442 1998 3551 sepedicto
2027 3444 2062 3519 in·

312 3548 488 3657 giwaldo
517 3568 612 3630 sunt
641 3550 692 3629 ab
722 3552 810 3659 ipso
840 3549 1004 3630 linwido
1033 3554 1361 3647 commutacionis
1390 3552 1523 3650 titulo
1546 3553 1752 3657 assignata,
1781 3552 1828 3659 jn
1850 3556 1969 3632 Cuius
1989 3554 2062 3629 testi

104 3687 111 3703 ·
191 3745 195 3753 .
296 3662 491 3742 monium
521 3658 693 3769 sigillum
724 3676 903 3741 nostrum
934 3690 1022 3743 cum
1055 3662 1194 3771 sigillis
1224 3664 1497 3770 predictorum
1539 3664 1709 3743 fratrum
1755 3665 1997 3771 presentibus
2027 3679 2063 3740 est

311 3799 548 3881 appensum.
599 3771 737 3854 datum
770 3771 930 3873 Myrkiu
975 3804 1085 3855 anno
1132 3772 1282 3854 domini
1319 3776 1379 3855 Μ0
1408 3776 1541 3856 0000.
1573 3774 1642 3857 X⁰.
1680 3777 1720 3855 in
1760 3777 1826 3855 die
1871 3773 2064 3856 ascensionis

310 3883 472 3965 domini.

861 3994 911 4057 Pa
921 3995 1117 4093 srdrur'dan:
1139 4016 1197 4081 per
1219 3995 1314 4092 laguil
1333 4004 1365 4057 et
1387 3994 1544 4059 elewasta.

956 4109 1087 4191 sigilles
1109 4111 1290 4195 obetydligt
1309 4111 1455 4175 skadade.

320 4397 485 4612 1673.
952 4477 1102 4580 1310
1149 4474 1198 4578 d.
1242 4494 1274 4603 4
1318 4478 1451 4580 Juni.
1937 4472 2062 4583 Lunsl
2102 4426 2103 4497 f

387 4658 500 4721 Eukan
521 4660 603 4723 efter
623 4656 720 4723 Mults
740 4661 778 4723 al
795 4663 962 4808 Aggatorp
984 4664 1151 4727 {rescisos
1173 4664 1289 4744 glivo-
1310 4664 1371 4727 ocb
1394 4664 1573 4727 slsb'tesbref
1590 4666 1632 4755 pt
1653 4664 1697 4729 all
1719 4666 1841 4731 bennes
1862 4668 1927 4731 losa
1946 4666 1998 4727 ocb
2011 4664 2066 4725 lest·

430 4740 584 4823 egendom
607 4746 617 4803 i
639 4744 805 4831 Aggatorp
826 4746 839 4806 i
857 4746 937 4809 Oxie
964 4747 1039 4810 §rael
1061 4748 1111 4808 till
1131 4748 1238 4809 Lunds
1259 4743 1448 4833 dcmlyrka.

1890 4834 1923 4888 A.
1940 4834 1963 4885 5.

416 4925 617 5005 Omnibus
645 4956 808 5035 presens
836 4934 1028 5039 scriptum
1044 4930 1318 5027 cernentibus,
1334 4935 1558 5013 luortnnrn
1581 4936 1716 5016 relicta
1733 4934 1937 5045 quondam
1954 4928 2065 5013 mathei

304 5033 355 5112 de
385 5036 610 5146 aggatborp
638 5038 804 5120 salutem
836 5043 877 5120 in
907 5043 1071 5123 domino
1100 5045 1383 5151 sempiternam
1417 5044 1615 5125 Nouerint
1644 5048 1819 5163 uniuersi
1850 5076 1912 5127 me
1932 5072 1974 5126 ex
1992 5066 2062 5121 con·
