4317 5975
967 346 1385 427 -310-

274 565 353 647 alia
382 563 564 648 facienda
595 594 675 675 que
704 564 918 645 eleccionis
947 566 1163 673 negocium
1194 568 1422 674 pertingere
1452 562 1720 643 dinoscuntur
1750 563 1822 643 Die
1843 566 1951 671 igitur
1963 598 2036 679 pre-¹

274 679 352 758 lixa
379 678 666 757 conuenientes
694 677 736 755 in
766 674 950 784 predicto
981 676 1071 757 loco
1099 676 1267 785 capituli
1291 675 1544 783 presentibus
1561 675 2033 782 omnibusquidebuerunt

274 789 492 869 voluerunt
508 796 782 897 &potuerunt
810 786 1018 869 commode
1049 792 1238 868 interesse
1254 790 1447 869 Jtrvocata
1470 787 1637 894 spiritus
1650 787 1778 865 sancti
1795 790 1919 891 gracia
1941 812 2034 897 prout

270 918 389 982 antea
406 928 479 1006 per
498 902 602 979 viam
626 899 879 980 decreuimns
910 898 1131 1007 procedere
1160 898 1449 1006 compromissi,
1470 896 1716 977 &discretos
1742 896 1857 992 viros,
1879 901 2036 985 Dominus

269 1008 494 1119 haquinum
509 1011 762 1119 prepositum
779 1027 962 1099 nostrum
977 1010 1201 1092 iohannem
1217 1015 1257 1091 8(
1272 1007 1590 1091 Thidemannum
1606 1010 1898 1089 concanonicos
1913 1030 2036 1095 nostros

270 1122 638 1228 compromissarios
663 1119 906 1227 deputantes
934 1123 991 1203 cis
1020 1122 1179 1229 plenam
1211 1137 1449 1228 potestatem
1480 1118 1663 1201 dedimus
1686 1117 2038 1229 dcepiscopouobis

271 1232 492 1313 &ecclesie
524 1250 659 1313 nostre
687 1230 738 1310 de
766 1260 808 1311 se
833 1234 934 1340 'ipsis
963 1233 1013 1314 de
1042 1234 1207 1339 gremio,
1230 1232 1292 1313 vel
1309 1249 1422 1312 extra
1438 1231 1612 1325 aliunde,
1636 1245 1758 1339 prout
1773 1230 2039 1314 eorumdiscrc·

270 1344 379 1425 cioni
423 1341 628 1424 videretur
671 1342 797 1425 libere
842 1343 1105 1449 prouideudi‚
1148 1370 1274 1453 vsque
1327 1344 1378 1424 ad
1408 1362 1567 1451 tempus
1596 1342 1867 1449 vespertinum
1894 1342 2038 1427 eiusdem

269 1453 352 1559 diej
377 1454 660 1536 tantummodo
688 1452 922 1535 duraturam
952 1458 1236 1535 promittentes
1267 1483 1338 1535 nos
1367 1455 1479 1534 illurn
1511 1468 1745 1560 recepturos
1776 1452 1817 1531 in
1841 1456 2039 1563 episcopum

271 1566 390 1646 nobis
419 1570 460 1643 8(
503 1582 703 1673 pastorem
748 1564 912 1674 dequo
941 1568 1018 1674 ipsi
1047 1592 1186 1647 omnes
1215 1566 1410 1647 ducerent
1437 1560 1769 1674 prouidendum,
1799 1563 1886 1645 Hoc
1913 1564 2040 1647 adiecto

260 1674 383 1785 'quod
415 1693 625 1785 postquam
654 1676 733 1758 deo
757 1678 978 1785 inspirante
998 1676 1049 1758 de
1072 1675 1439 1786 personaeligenda
1454 1674 1777 1769 concordassent,
1794 1700 1895 1754 vnus
1910 1675 2040 1759 illorum

269 1786 322 1868 de
343 1786 512 1866 aliorum
544 1789 986 1895 compromissariorum
1014 1816 1210 1871 consensu
1240 1790 1327 1869 vice
1355 1816 1425 1867 sua
1456 1795 1493 1867 8(
1509 1790 1748 1894 ipsorumac
1763 1788 1893 1866 tocius
1907 1788 2043 1897 capituli

268 1924 484 2005 personam
513 1896 621 1977 illam
652 1900 827 2007 eligeret,
857 1926 904 1979 ac
932 1900 1191 2008 pupplicaret
1236 1900 1275 1979 in
1306 1901 1530 1993 communi,
1562 1901 1688 1978 Porro
1716 1897 1862 2005 prelati
1889 1926 2044 2006 compro

269 2008 442 2116 missarij
487 2025 723 2116 potestatem
753 2010 829 2090 sibi
859 2038 932 2117 per
962 2038 1036 2089 nos
1062 2008 1249 2091 traditam
1280 2026 1535 2118 acceptantes
1564 2014 1604 2089 8(
1631 2036 1809 2099 seorsum
1839 2008 1888 2088 ad
1919 2026 2044 2117 partem

269 2119 500 2201 secedentes
526 2127 562 2201 8(
593 2118 741 2200 ibidem
772 2121 908 2202 habita
938 2120 1161 2201 collacione
1192 2122 1367 2229 plurium
1398 2148 1660 2228 personarum
1681 2135 1805 2227 prout
1826 2120 1941 2199 nobis
1961 2138 2044 2227 post·

269 2229 434 2311 modum
462 2232 690 2311 retulerunt
723 2232 896 2312 llnaliter
931 2258 1070 2312 omnes
1099 2233 1214 2312 simul
1245 2248 1540 2325 conuenerunt,
1573 2232 1612 2309 in
1645 2229 1911 2311 renel-endum
1941 2234 2044 2311 virum

269 2343 490 2422 Dominum
522 2341 759 2423 Nicholaum
790 2342 1030 2424 canonicum
1058 2341 1225 2423 ecclesie
1260 2344 1526 2451 lincopensis,
1554 2369 1763 2449 personam
1780 2343 1943 2425 ecclesie
1958 2344 2045 2423 beate

268 2453 440 2561 virginis
468 2452 679 2563 skeningic
710 2456 841 2535 virum
871 2456 1010 2563 vtique
1038 2453 1258 2561 prouidum
1288 2460 1327 2534 8(
1355 2454 1568 2534 discretum
1600 2454 1770 2533 sciencia
1803 2455 1976 2534 moribus
1993 2481 2045 2561 ap

268 2562 488 2673 probatum
520 2567 561 2644 in
588 2564 712 2645 sacris
741 2564 954 2646 ordinibus
983 2571 1023 2645 8(
1063 2582 1221 2644 matura
1265 2581 1371 2645 etate
1415 2566 1678 2645 constitutum
1721 2590 1767 2644 ac
1795 2564 1848 2645 de
1879 2566 2044 2673 legittimo

173 2728 176 2733 -
269 2676 528 2756 matrimonio
571 2694 845 2783 procreatum,
890 2704 962 2756 nec
1006 2702 1088 2758 non
1127 2681 1166 2755 8(
1194 2674 1473 2786 spiritualibus
1503 2681 1541 2755 8(
1571 2675 1866 2785 temporalibus
1908 2680 2046 2757 circum·

270 2804 471 2895 spectum,
514 2784 667 2865 Deinde
710 2788 860 2867 reuersi
890 2786 941 2866 ad
971 2788 1192 2895 capitulum
1229 2787 1436 2896 predictus
1488 2788 1525 2867 Η
1571 2790 1656 2866 vice
1698 2814 1767 2865 sua
1818 2816 1863 2867 ac
1905 2788 2044 2867 aliorum

269 2898 710 3006 compromissariorum
739 2895 788 2978 de
818 2903 996 3008 ipsorum
1026 2896 1218 2977 mandato
1247 2899 1324 2978 sibi
1355 2900 1460 2977 lacto
1489 2926 1536 2977 ac
1564 2900 1833 3006 spiritualiter
1863 2898 1915 2979 ab
1928 2898 2046 2980 eisdam

268 3036 316 3090 ac
345 3010 432 3089 vicc
461 3011 592 3090 tocius
621 3009 791 3118 capituli
818 3009 990 3090 eundem
1026 3009 1235 3090 domiuum
1267 3010 1505 3090 Nicholaum
1538 3011 1642 3090 inl'ra
1673 3014 1889 3092 terminum
1911 3014 2048 3091 incon

270 3121 466 3226 promisso
497 3121 692 3227 prefixum
727 3121 848 3228 elegit
893 3120 1169 3230 sollempniter
1198 3122 1237 3200 in
1267 3122 1377 3201 hunc
1408 3119 1567 3200 modum
1607 3125 1657 3201 Jn
1689 3125 1851 3202 nomine
1881 3124 2048 3232 patris&

270 3230 340 3337 lilij
369 3235 409 3308 8(
438 3231 603 3339 spiritus
630 3233 759 3311 sancti
787 3260 902 3311 amen
933 3233 1021 3339 Ego
1065 3234 1265 3342 haquinus
1298 3234 1526 3341 prepositus
1555 3235 1766 3313 arosiensis
1796 3236 1848 3315 dc
1878 3261 2047 3315 consensu

268 3347 307 3420 8(
337 3339 545 3422 voluntate
574 3343 776 3422 sociorum
813 3370 992 3422 meorum
1038 3346 1480 3452 compromissariorum
1523 3341 1778 3425 dominorum
1810 3347 2049 3426 lobannis&

265 3449 557 3531 'I'bitbemanni
587 3460 950 3532 concanonicorum
985 3480 1167 3533 meorum
1196 3457 1283 3552 uice
1314 3456 1646 3563 meatitipsorum
1679 3485 1725 3535 ac
1759 3460 1891 3537 tocius
1905 3453 2048 3565 capituli

267 3562 483 3642 Dominum
510 3563 747 3643 Nicholaum
778 3565 1017 3645 canonicum
1046 3565 1211 3644 ecclesie
1242 3567 1494 3674 lincopensis,
1526 3593 1735 3674 personam
1766 3568 1933 3650 ecclesie
1956 3570 2048 3647 beate

266 3674 434 3780 virginis
463 3673 673 3780 skeningie
701 3674 807 3782 eligo
837 3675 879 3754 in
909 3676 1144 3784 episcopum
1173 3681 1213 3755 8(
1242 3693 1443 3784 pastorem
1484 3677 1650 3759 ecclesie
1681 3689 1819 3760 nostre
1850 3675 2048 3771 arusiensis,

266 3787 306 3862 8(
334 3784 572 3868 eleccionem
604 3783 751 3864 dictam
781 3789 821 3866 in
852 3784 1012 3895 scriptis
1047 3787 1242 3895 pupplico
1285 3789 1326 3867 in
1372 3790 1595 3885 communi,
1640 3791 1723 3869 Nos
1766 3818 1865 3872 vero
1906 3791 2048 3871 eleccio-

265 3922 354 4004 nem
385 3899 442 3976 sic
468 3897 748 4003 sollempniter
777 3896 1018 3978 celebratam
1048 3925 1186 3978 ornrres
1216 3897 1535 4008 approbauimus
1566 3901 1679 3981 nullo
1701 3906 1865 4010 penitus
1883 3918 2047 3983 rertrreutc

265 4005 526 4087 Postmodum
556 4035 654 4087 vero
685 4006 906 4114 predictam
936 4008 1176 4090 eleccionem
1209 4038 1282 4118 per
1314 4011 1463 4091 dictum
1492 4009 1698 4092 dominum
1730 4015 1779 4093 Η.
1810 4017 1922 4094 clero
1942 4019 2048 4119 &po-

265 4117 365 4226 pulo
396 4104 562 4198 lecimus
605 4118 835 4226 pupplicari
881 4115 1035 4199 Deinde
1076 4119 1234 4232 dominil
1283 4122 1486 4200 lohannes
1528 4128 1827 4206 concanonicus
1857 4143 1989 4205 noster
2012 4147 2047 4200 ae

263 4229 425 4308 thobias
456 4255 624 4335 persona
654 4229 818 4308 ecclesie
847 4229 1016 4339 lopung
1044 4257 1121 4338 pro
1149 4233 1351 4312 eleccione
1366 4233 1635 4340 presentanda
1650 4233 1759 4316 dicto
1784 4237 1917 4318 electo
1933 4249 2048 4316 nostro

264 4360 551 4448 procuratores
580 4340 707 4420 nostri
738 4339 803 4418 dic
832 4341 1130 4448 purilicacionis
1168 4343 1283 4423 beate
1312 4345 1479 4450 virginis
1510 4345 1587 4424 iter
1615 4348 1882 4456 arripuerunt
1903 4345 2047 4431 &dicto

266 4451 432 4531 domino
459 4452 586 4530 electo
616 4467 755 4530 nostro
798 4451 1039 4531 eleccionem
1085 4453 1306 4560 predictam
1348 4457 1389 4534 in
1419 4459 1625 4564 presencia
1671 4461 1914 4542 venerabilis
1943 4453 2046 4568 patris

263 4562 502 4642 Dominib.
533 4563 713 4670 episcopi
756 4562 998 4670 lincopensis
1037 4562 1148 4671 apud
1178 4564 1382 4644 ecclesiam
1414 4567 1633 4647 vndariutb
1662 4566 1728 4648 die
1759 4570 1855 4651 lune
1885 4569 2044 4682 proxima

264 4690 359 4783 post
387 4672 624 4756 dominicam
654 4673 745 4751 LXe
776 4675 1061 4780 presentabant
1090 4703 1329 4755 consensum
1359 4679 1484 4784 ipsius
1503 4679 1785 4761 instantissime
1802 4686 2044 4792 requirentes,

264 4789 360 4896 lpse
388 4812 484 4866 vero
512 4809 596 4893 quo
624 4781 876 4865 deliberandi
906 4801 1063 4894 tempus
1090 4786 1258 4868 haberet
1287 4813 1461 4868 mensem
1490 4787 1566 4868 sibi
1583 4790 2043 4902 preligebatVerumpta·
