4317 5975
1168 414 1244 516 aa
1352 341 1411 483 ..‘.

251 666 256 675 ·
307 638 524 750 perhennis
566 638 695 747 gratia
739 665 820 745 qua
865 638 962 717 mira
1003 639 1234 748 benignitas
1284 636 1505 719 conditoris
1545 641 1724 717 omnium
1766 639 1887 721 vitam
1928 666 2080 729 coronat

307 754 432 833 aciem
462 752 610 831 ciuium
639 774 905 857 supernorum
939 751 975 827 A
1016 750 1236 860 redemptis
1279 750 1418 859 precio
1459 750 1665 856 sanguinis
1689 747 1783 829 'fusi
1825 748 1876 831 de
1915 757 2080 860 precioso

305 890 476 972 corpore
504 860 770 969 redemptoris
798 861 999 941 meritoris
1044 858 1200 942 domini
1241 861 1374 971 aquiri
1417 862 1565 941 virtute
1608 862 1713 940 inter
1754 890 1834 971 que
1874 863 1972 943 illud
2009 896 2082 953 esse

306 969 531 1085 pregrande
560 972 785 1053 dinoscitur
813 968 925 1085 quod
956 973 1107 1082 vbique
1134 970 1204 1053 sed
1233 973 1425 1080 precipue
1456 974 1496 1051 in
1526 989 1755 1053 sanctorum
1785 973 1960 1056 ecclesiis
1976 982 2083 1060 maie·

302 1105 386 1167 stas
415 1086 594 1164 altissimi
623 1079 878 1163 collaudetur
906 1083 1085 1195 Cupiens
1121 1085 1248 1192 igitur
1282 1100 1328 1163 vt
1364 1082 1584 1163 katedralis
1619 1082 1783 1163 ecclesia
1824 1082 1941 1166 beate
1974 1088 2084 1177 Maria

303 1198 488 1281 abconsis
530 1195 722 1303 congruis
764 1193 987 1275 honoribus
1040 1194 1321 1306 frequentetur
1369 1194 1561 1274 omnibus
1603 1222 1697 1275 vere
1740 1197 2014 1305 penitentibus
2050 1209 2085 1284 8(

303 1306 493 1390 confessis
521 1308 593 1417 qui
621 1306 827 1386 ecelesiam
865 1306 990 1413 ipsam
1033 1307 1076 1386 in
1114 1306 1334 1387 nativitatis
1377 1306 1672 1413 purificacionis
1700 1309 2081 1393 annunciaeionis&

229 1430 234 1437 '
305 1418 596 1525 assumpcionis
631 1417 746 1498 beate
774 1417 942 1521 virginis
972 1417 1261 1500 festinitatibus
1288 1422 1327 1498 8(
1355 1442 1429 1522 per
1457 1434 1550 1497 octo
1586 1417 1671 1498 dies
1707 1417 1936 1500 festiuitatis
1972 1424 2083 1530 ipsius

219 1566 222 1575 ’
303 1528 530 1613 immediate
557 1546 771 1638 sequentes
801 1555 874 1607 nec
904 1555 984 1608 non
1021 1534 1060 1608 &
1094 1530 1137 1609 in
1178 1528 1458 1610 anniuersario
1500 1527 1566 1608 die
1607 1526 1878 1610 dedicaciouis
1919 1532 2082 1615 eiusdem

303 1642 468 1724 ecclesie
499 1638 646 1720 deuote
676 1640 928 1719 visitauerint
957 1642 1167 1721 annuatim
1209 1638 1261 1721 de
1302 1640 1594 1746 omnipotentis
1636 1640 1713 1747 Dej
1756 1642 2082 1726 misericordia&

303 1755 514 1835 beatorum
546 1752 654 1831 Petri
683 1756 722 1829 &
751 1750 866 1857 Paulj
895 1751 1173 1857 apostolorum
1207 1753 1294 1833 eius
1332 1751 1575 1831 auctoritate
1608 1752 1749 1833 conlisi
1786 1779 1910 1833 vnum
1945 1784 2083 1839 annum

306 1870 347 1945 &
374 1861 640 1972 quadraginta
671 1863 757 1942 dies
784 1858 833 1940 de
876 1864 1065 1943 iniunctis
1108 1863 1165 1942 eis
1214 1861 1453 1970 penitenciis
1502 1858 1814 1943 misericorditer
1857 1865 2080 1948 relaxamus
2141 1857 2145 1876 i

304 1979 454 2056 Datum
482 1973 607 2053 Rome
635 1969 744 2081 apud
786 1989 965 2053 sanctam
1009 1975 1177 2053 Mariam
1216 1974 1410 2053 Maiorem
1453 1972 1560 2053 Non.
1601 1974 1793 2056 Februar.
1834 1977 2083 2074 pontificatus

302 2086 441 2171 Nostri
469 2087 591 2164 Anno
619 2084 788 2186 Quarto,

86 2436 125 2507 ,·
213 2474 217 2485 ·
313 2478 475 2586 1060·
796 2582 798 2587 Δ
913 2504 1112 2622 ‘¹²9²
1162 2473 1211 2579 d.
1265 2513 1329 2580 10
1370 2472 1520 2579 Febr.
1778 2476 2082 2637 Stoclsholm.

384 2701 526 2762 Marsken
547 2698 677 2759 Tonans
698 2695 857 2759 Karrsnns
878 2698 952 2763 brel
967 2696 1100 2759 rb'rsnde
1122 2693 1191 2756 nea
1213 2692 1348 2755 Keldors
1369 2715 1437 2757 sous
1452 2692 1517 2756 och
1539 2694 1632 2756 lsrael
1659 2696 1836 2762 Peterssous
1861 2700 2084 2765 iilverenskom·

437 2782 529 2844 melec
549 2802 601 2843 om
623 2782 738 2843 Tensta
759 2800 868 2863 qvarn.

1755 2861 1965 2933 mamad

412 2999 613 3081 Omnibus
657 3013 862 3107 presentes
905 2995 1060 3075 litteras
1103 2997 1347 3104 inspecturis
1385 2995 1664 3097 Turnonem,
1700 2999 1870 3109 jllustris
1904 2999 2083 3109 principis

187 3101 190 3110 ¹
301 3113 464 3194 Domini
493 3111 547 3220 ,Β
576 3109 643 3189 dei
671 3111 803 3218 gracia
820 3134 1008 3188 sueorum
1025 3107 1323 3218 gothorumque
1339 3109 1445 3216 regis
1461 3109 1710 3192 marskalkus
1724 3110 1897 3192 salntem
1914 3114 1954 3192 in
1969 3109 2084 3192 domi·

301 3252 369 3322 no,
385 3225 535 3304 Notum
553 3219 719 3300 facimus
733 3217 844 3329 quod
859 3217 1101 3298 constitutus
1116 3246 1251 3298 coram
1267 3220 1382 3298 nobis
1397 3223 1459 3300 vir
1474 3218 1670 3302 discretus
1679 3224 1883 3302 Dominus
1893 3221 1982 3318 land
1996 3220 2085 3304 tiat-

279 3327 490 3429 'dorsson,
521 3333 758 3438 recognouit
784 3357 826 3408 se
854 3327 1060 3439 quoddam
1092 3327 1366 3410 molendinum
1396 3359 1446 3411 ex
1476 3331 1688 3413 uoluntate
1711 3339 1756 3414 Β(
1770 3362 1972 3416 consensu
1986 3337 2084 3416 Jsra·

300 3448 371 3530 elis
399 3461 607 3556 petersson
636 3444 677 3522 in
706 3442 864 3566 gurgite
894 3457 1023 3520 tensta
1052 3469 1136 3550 quo
1165 3439 1216 3521 ad
1246 3443 1368 3521 uitam
1406 3471 1517 3522 suam
1552 3441 1766 3541 edificasse,
1803 3447 1846 3524 in
1884 3475 1965 3558 qua
2000 3444 2081 3556 qui·

299 3558 392 3641 dem
421 3557 580 3665 gurgite
609 3551 812 3666 predictus
840 3551 964 3632 Jsrael
994 3580 1044 3631 ex
1073 3572 1187 3661 parte
1216 3553 1421 3633 orientalis
1446 3552 1572 3634 'babet
1600 3559 1641 3634 St
1668 3555 1850 3665 possidet
1879 3557 2082 3645 marcham.

301 3699 351 3752 ex
382 3687 495 3777 parte
526 3695 625 3747 vero
657 3662 927 3745 occidentalis.
957 3662 1035 3743 Sex
1063 3691 1155 3746 oras
1192 3679 1303 3743 terre
1351 3666 1592 3772 promittens
1631 3668 1743 3776 quod
1793 3670 1959 3751 racione
1999 3695 2082 3778 pre·

300 3781 399 3863 dicti
428 3777 575 3886 edificij
605 3777 811 3858 nominato
840 3774 981 3855 israeli
1010 3804 1092 3888 non
1121 3775 1283 3857 eueniat
1311 3773 1529 3887 dampnum
1557 3777 1723 3889 aliquod
1754 3781 1817 3860 rel
1851 3805 2082 3890 grauamen,

300 3892 343 3974 Si
371 3916 468 3973 vero
495 3905 737 3970 memoratus
766 3885 889 3966 Jsrael
919 3913 960 3965 se
990 3887 1031 3965 in
1060 3887 1135 3967 hac
1168 3905 1288 3996 parte
1321 3885 1653 3995 -dampnilieatum
1696 3917 1780 3970 esse
1816 3895 1997 3988 senserit,
2041 3889 2082 3968 li·

300 4003 439 4083 beram
468 4017 619 4080 extunc
647 4015 888 4108 potestatem
915 3996 1078 4094 babeat,
1111 4000 1236 4079 eciam
1266 4000 1355 4106 ipso
1384 3996 1550 4079 domino
1578 3999 1655 4093 rnd
1684 4000 2083 4110 supradictorinen·

299 4130 341 4194 te
370 4111 541 4193 fundum
569 4110 715 4218 edificij
743 4109 937 4219 sepedicti
965 4109 1198 4206 reuocandi,
1226 4112 1330 4189 Jtem
1360 4099 1545 4218 promisit
1571 4110 1693 4223 quodl
1717 4113 1889 4198 heredes
1923 4117 1986 4197 sui
2018 4141 2081 4194 seu

298 4226 546 4336 quicumque
574 4221 643 4328 alij
671 4237 762 4329 post
790 4238 958 4301 mortem
988 4248 1099 4300 snam
1129 4223 1192 4302 ius
1218 4249 1306 4301 -non
1330 4221 1521 4316 habeant,
1549 4221 1717 4304 fundum
1752 4223 1906 4336 edilieij
1940 4247 2082 4307 memo-

301 4335 380 4417 rati
409 4335 570 4414 racione
599 4332 827 4426 huiusmodi
862 4333 1140 4430 concessionis,
1170 4335 1351 4442 inpetere
1381 4332 1446 4411 uel
1482 4333 1558 4413 sibi
1601 4363 1655 4443 ap
1686 4338 1868 4446 ropriare
1910 4338 1958 4447 jn
2000 4360 2083 4446 pre·

297 4442 397 4529 dicti
423 4444 585 4525 israelis
614 4445 880 4550 preiudicium
910 4443 973 4523 uel
1003 4471 1235 4551 grauamen,
1263 4446 1313 4524 Jn
1343 4445 1457 4524 cuins
1491 4445 1551 4525 rei
1584 4363 1831 4528 euidenciam
1866 4450 2083 4560 pleniorem

297 4556 470 4668 sigillum
499 4573 681 4635 nostrum
712 4583 790 4634 vna
819 4583 909 4634 cum
938 4555 1078 4662 sigillis
1108 4556 1317 4635 memorati
1346 4553 1501 4635 domini
1528 4556 1606 4650 rud
1643 4587 1690 4639 ae
1732 4559 1868 4643 fratris
1909 4563 1974 4641 sui
2016 4555 2083 4640 do·

296 4670 396 4750 mini
444 4668 568 4748 orista
612 4664 866 4777 presentibus
909 4681 968 4746 est
1013 4693 1256 4776 appensum,
1308 4668 1456 4747 Datum
1505 4669 1729 4766 atokbolm,
1778 4699 1886 4753 anno
1936 4666 2082 4754 domini

299 4778 584 4878 M⁰.CC⁰.XC⁸,
612 4774 803 4876 seeundo,
831 4777 1044 4858 Dominica
1073 4779 1325 4887 sexagesime.

902 4919 1022 5003 sigillet
1043 4911 1220 5001 bertlallet3
1241 4941 1363 4986 reursau
1383 4943 1470 5008 qrar.
