4317 5975
843 394 1366 507 'fs-²4·-

96 718 103 727 .
220 729 225 739 „
272 664 344 723 nes
371 636 505 721 sarith
530 652 615 718 sect
641 604 696 716 olr¹
720 622 933 711 causabitlr
959 622 1015 707 olr
1048 625 1279 711 stadhlestb
1320 626 1420 711 thet'
1455 624 1744 737 lornaampdbae
1767 629 1986 714 raamaerlre
2003 632 2071 715 'olr
2146 634 2150 639 “

272 749 653 859 laeaemarkapther
676 739 839 839 dandhe
866 765 1060 824 mannom
1088 740 1243 823 withna
1272 739 1327 823 ok
1355 738 1551 821 trolasthe
1573 754 1666 821 'swo
1695 739 1765 822 ath
1792 740 1844 841 eir
1857 742 1945 823 skal
1959 742 2072 827 thaan

272 889 350 945 cna
380 861 490 944 delin
517 852 686 955 miruska'
714 852 812 935 then
834 850 1035 959 andhrum
1069 849 1192 933 medb
1219 850 1373 932 vraetha
1399 878 1486 939 som
1510 880 1565 933 aer
1594 852 1698 959 wjiu
1727 852 1805 935 bro
1832 855 1848 933 i
1872 850 2073 944 iaedburin

272 971 461 1055 tbaedhan
483 966 541 1049 aff
550 978 553 985 ’
563 965 580 1074 j
609 967 879 1045 Runestencu'
896 962 1089 1049 tbaedban
1117 962 1134 1070 j
1161 962 1477 1048 maedbalsteucn
1503 963 1695 1048 tbaedbcn
1732 963 1748 1071 j
1776 963 1928 1047 hallina
1962 995 2074 1051 ouan

271 1085 371 1167 ridh
398 1080 561 1162 odhaeus
590 1074 754 1177 kiaeldu
781 1075 872 1156 Tho
898 1103 984 1156 swa
1012 1074 1083 1155 ath
1111 1077 1262 1159 aenthat
1288 1071 1506 1158 raamaerlre
1531 1074 1618 1157 skal
1648 1074 1835 1160 modhsta
1864 1078 1935 1166 ath
1950 1078 2072 1161 faena·

271 1194 370 1277 dhiu
405 1220 469 1271 ma
504 1218 555 1295 cy
591 1216 666 1297 gna
695 1185 807 1293 hydh
835 1186 890 1269 ok
919 1184 1052 1297 thydb
1079 1184 1243 1269 hwartlr
1271 1184 1370 1267 thaet
1410 1186 1567 1286 listhar
1608 1186 1763 1295 aepther
1804 1190 1891 1269 sina
1935 1188 2074 1283 sndhae

270 1318 368 1387 vtan
384 1302 471 1411 thy
500 1299 565 1380 aff
588 1297 825 1408 hokuutorp
853 1297 941 1379 aella
970 1297 1105 1378 nokur
1134 1298 1261 1381 andra
1289 1298 1429 1379 skullae
1457 1298 1542 1377 haer
1584 1316 1708 1407 aepter
1754 1300 1911 1408 ynghin
1951 1301 2073 1384 maalr

268 1415 356 1497 aella
385 1412 620 1493 raeth.haua
644 1438 765 1493 owaer
794 1410 1134 1520 iacm'pnaebyergb
1160 1410 1335 1519 bwgghe
1365 1410 1451 1491 aella
1480 1436 1604 1518 poors
1632 1408 1805 1491 brwtbae
1833 1413 1958 1493 vtban
1979 1414 2072 1497 tbce

98 1524 106 1543 ’
186 1602 191 1610 ,
269 1522 546 1631 fornaempdhe
564 1521 689 1607 lrvna
713 1522 794 1601 lolf
816 1522 878 1602 all
902 1519 1079 1631 gudhem
1104 1520 1171 1601 Til
1199 1551 1308 1607 mera
1337 1522 1513 1621 withues
1540 1520 1721 1621 hirwrdb
1750 1520 2072 1613 okstadhfaestil.

176 1734 183 1747 ἱ
269 1636 382 1721 seok
409 1634 512 1716 tbaer
539 1634 587 1715 til
616 1633 714 1714 thoet
743 1633 829 1715 skal
859 1662 910 1741 ey
938 1634 1098 1741 gldmys
1127 1632 1217 1716 aella
1244 1633 1380 1715 bwrtb
1409 1635 1569 1715 vitbuas
1596 1632 1862 1741 alivmyllum
1879 1662 2072 1721 maunom

268 1747 359 1831 Tha
386 1749 539 1855 hoenge
566 1745 638 1845 wir
667 1746 799 1843 tvarth
828 1745 953 1852 ynzirl
989 1744 1054 1825 for
1081 1746 1209 1827 thetta
1252 1744 1534 1826 naeruarindba
1576 1744 1688 1828 breff
1722 1747 1917 1855 scriptum
1959 1774 2072 1833 anno

269 1857 431 1964 dominil
451 1858 736 1981 M·CCLXXX
763 1859 934 1967 septimo
963 1856 1084 1937 XIIII
1111 1855 1191 1938 lml.
1220 1856 1358 1964 aprilis
1385 1857 1431 1966 jn
1459 1874 1592 1940 castro
1622 1854 1930 1967 Ionoxbyergh.

529 2006 534 2017 ·
888 1997 1452 2089 siguinum-uuor,remusque.

274 2468 433 2621 936⁰
740 2454 775 2547 .'
852 2422 1041 2624 ,1a87
1088 2476 1140 2585 d.
1193 2512 1262 2624 ¹9
1307 2476 1455 2581 Mars
1672 2469 2073 2621 Konungsberg.

350 2692 488 2776 Konung
509 2694 640 2758 Macros
660 2694 684 2764 1.
705 2695 778 2767 dom
800 2698 811 2761 i
832 2700 941 2763 tvisten
962 2700 1078 2765 mellan
1099 2694 1262 2765 Gudhcms
1280 2700 1395 2766 kloster
1415 2693 1477 2760 och
1497 2695 1619 2761 Gelvea
1639 2694 1718 2759 barn
1740 2716 1793 2759 om
1813 2696 1912 2777 nigra
1936 2714 2075 2781 qvarnar

401 2782 413 2843 i
435 2778 606 2866 Iltrutorps
626 2781 748 2844 coelen.
1694 2858 1730 2913 ΑΜ
1748 2856 1813 2915 M
1833 2876 1862 2917 u
1882 2860 1921 2917 ὦ.
2132 2812 2139 2821 x

256 3015 258 3018 ·
376 2996 553 3081 Macros
585 2999 652 3083 dei
680 2976 815 3107 gracia
844 2996 1046 3080 stv'eorum
1076 2979 1298 3109 gothorum
1324 3023 1397 3083 rex
1439 2996 1629 3078 omnibus
1650 2979 1877 3108 'presentes
1916 2995 2075 3080 litteras
2148 3008 2156 3018 ’

104 3123 106 3130 ’
266 3107 512 3218 inspecturis
542 3111 709 3190 salutem
737 3111 782 3217 jn
811 3107 977 3191 domino
1005 3112 1304 3222 sempiternam.
1358 3110 1599 3191 Cum'inter
1623 3135 1794 3217 sponsas
1816 3106 1894 3190 deo
1918 3107 2076 3192 dicatas

266 3217 588 3300 sanctimoniales
616 3219 668 3300 dc
697 3217 884 3302 Gudbem
913 3248 961 3302 ex
1005 3226 1100 3304 vna'
1127 3240 1244 3332 parte
1272 3201 1489 3305 &liberos
1528 3219 1737 3301 Colwonis
1793 3282 1803 3303 .
1859 3281 1881 3318 ,Α
1926 3279 1936 3302 .
1993 3283 2005 3304 .
2063 3283 2075 3307 .

266 3355 317 3411 ex
346 3329 471 3410 altera
499 3347 607 3412 mota
635 3330 713 3413 fuit
740 3334 900 3441 questio
929 3349 969 3413 et
998 3333 1197 3415 dissencio
1225 3334 1277 3417 de
1304 3329 1549 3445 quibusdam
1585 3329 1828 3414 molendinis
1863 3333 1906 3411 in
1933 3330 2075 3414 baaru·

98 3449 104 3462 '
264 3438 390 3551 thorp
418 3441 599 3552 parolsye
636 3441 893 3524 herlundum.
960 3445 1045 3526 Nos
1087 3445 1139 3528 ad
1184 3446 1414 3528 babendab'r
1449 3471 1573 3553 super
1610 3445 1691 3526 hoc
1733 3445 2077 3552 examinationem

112 3582 118 3589 ·
221 3613 276 3664 ι.
335 3613 345 3635 .
404 3604 434 3660 ·.·
471 3571 595 3662 prout
623 3553 845 3638 secundum
875 3554 993 3637 fidem
1023 3585 1164 3638 eorum
1191 3558 1386 3640 uerba&
1421 3557 1651 3639 testimonia
1687 3554 1757 3635 vni
1795 3556 1904 3663 parti
1937 3571 1980 3636 et
2016 3555 2077 3636 al·

172 3695 177 3703 ·
264 3663 354 3747 teri.
384 3664 655 3748 estimauimus
683 3670 815 3748 minus
846 3669 1116 3778 incongruum
1144 3672 1485 3779 composicionem
1519 3664 1725 3779 quandam
1759 3665 1865 3748 inter
1905 3693 1975 3748 eos
2010 3665 2075 3748 fa·

265 3772 449 3857 ciendam
471 3779 545 3857 'Dil
800 3779 954 3862 nodum
1008 3871 1011 3876 ,
1357 3783 1501 3884 ceteris
1618 3805 1721 3889 ‚pro
1777 3836 1787 3858 .
1846 3840 1858 3861 .
1980 3775 2078 3862 loco

264 3884 454 3970 videlicet
481 3889 637 4000 inquo
665 3892 822 3971 situatas
851 3907 957 3972 sunt.
988 3919 1034 3974 an
1061 3895 1127 3974 via
1156 3883 1288 3973 libera
1314 3920 1390 4003 pro
1419 3892 1533 3973 aditu
1560 3907 1603 3970 et
1628 3913 1788 3972 recessu
1830 3915 1991 3971 necnon
2033 3906 2079 3973 et

259 3997 380 4082 obice
408 3997 624 4108 wlgariter'
644 4000 790 4085 dictam
820 4010 859 4084 Sc
887 4020 948 4084 sta
979 4063 989 4083 .
1018 4065 1028 4085 .
1057 4063 1068 4084 .
1103 4005 1177 4113 nnj
1205 4033 1251 4086 ac
1279 4005 1397 4086 simul
1425 4031 1519 4085 cum
1546 4019 1663 4112 parte
1691 4001 1848 4110 ampnis
1877 3999 2076 4088 desur...

262 4136 342 4221 pro
370 4115 601 4194 memoratis
630 4114 826 4220 gelwonis
855 4115 991 4196 liberis
1020 4115 1254 4225 pertinebat
1287 4115 1393 4199 idem
1430 4115 1635 4227 pertinere
1669 4111 1888 4196 videbatur
1924 4138 2078 4221 preno-

263 4221 425 4304 minatis
574 4226 958 4324 sanctimonialibus,
1002 4228 1190 4334 gudhem.
1233 4233 1275 4309 8ι
1493 4254 1636 4309 eorum
1676 4225 1838 4308 cederet
1872 4239 2080 4333 perpetuo

263 4330 507 4444 possidenda
537 4337 591 4416 Et
633 4338 718 4446 ipse
759 4331 1083 4419 sanctimoniales
1112 4399 1122 4419 .
1236 4399 1246 4419 .
1273 4367 1365 4421 cum
1408 4339 1556 4448 viginti
1596 4337 1769 4420 marchis
1810 4334 2078 4422 denariorum

264 4445 415 4528 usualis
445 4463 615 4544 monete.
646 4446 865 4531 'redderent
894 4451 1018 4560 ipsius
1044 4448 1245 4559 golwonis
1273 4451 1411 4532 liberis
1439 4453 1526 4534 vice
1554 4477 1683 4548 uersa,
1711 4448 1802 4531 Hoc
1837 4465 2074 4558 prenotato.

264 4553 379 4668 quod
408 4556 506 4640 dicti
534 4561 736 4667 golwonis
765 4560 884 4642 liberi
913 4563 995 4643 frui
1025 4559 1175 4643 debent
1211 4562 1330 4645 bonis
1365 4563 1448 4644 suis
1481 4561 1732 4673 predialibus
1774 4561 1840 4642 vel
1882 4563 2081 4672 quatinus

264 4729 275 4752 .
333 4731 343 4752 .
401 4669 455 4752 ad
479 4673 645 4754 'amnem
672 4671 897 4781 jacentibus
932 4673 1184 4784 quibuslibet
1211 4674 1352 4758 usibus
1377 4676 1621 4784 opportunis
1649 4674 1727 4756 nisi
1754 4669 1867 4784 quod
1902 4669 1954 4754 de
1986 4701 2081 4756 sur·

262 4805 363 4864 aum.
392 4779 444 4862 ad
471 4784 746 4886 molendinum
774 4785 819 4864 in
846 4811 993 4893 ampne
1022 4784 1067 4892 jn
1265 4813 1320 4868 na
1347 4813 1433 4867 non
1652 4784 1721 4869 rel

260 4907 326 4978 tm
349 4919 483 5011 aquas·
518 4967 523 4974 .
591 4926 688 5012 pro
727 4895 907 5008 piscibus
952 4895 1160 5008 capiendis
1193 4900 1331 5006 Quam
1362 4895 1703 5010 composicionem
1735 4921 1809 4983 seu
1842 4891 2079 4982 ordinacio·

210 5042 217 5064 ν
296 5055 302 5064 -
740 5045 742 5052 v
1331 5043 1336 5048 ⁴
1405 5071 1409 5080 1
1842 5033 1938 5090 uem
2018 5077 2022 5082 .
