4317 5975
1853 20 1899 95 ‘s'
1943 38 1949 41 “

738 509 748 517 ,
800 448 856 469 ··-
967 428 1021 511 29
1133 449 1189 470 -
1840 255 1980 405 N
2141 397 2152 415 “

98 629 145 715 sd
172 623 456 711 fundacionem
484 622 602 707 vnius
629 622 798 707 canonic
811 625 854 706 in
876 623 1017 707 eadem
1046 623 1224 707 ecclesia.
1252 622 1526 734 designamus.
1553 626 1742 739 insuper.
1768 653 1894 715 vnum
1976 595 1994 676 ⁴³
2065 690 2084 709 ..
2102 686 2149 737 ff-

97 738 380 826 baldicbinum.
431 736 610 821 Ecclesic
639 734 828 819 Skarensi
857 737 959 819 .XX.
988 738 1143 819 Maroae
1179 734 1270 817 deo.
1312 765 1403 818 cum
1443 736 1558 821 curia
1601 736 1821 849 sigaeum.
1849 741 1894 827 in

98 850 409 952 Wcrmalandira
423 849 456 964 ⁴)
483 876 607 961 quam
636 849 673 929 ei
702 850 745 930 in
775 850 904 960 priori
932 848 1153 958 legauimus
1180 862 1424 929 testamento
1450 847 1502 931 ad
1533 849 1659 935 vuius
1683 850 1895 939 fundacio-

95 994 179 1063 nem
206 965 378 1046 canonie
393 963 438 1078 ⁵).
466 965 642 1071 Jnsuper
669 990 793 1044 vnum
821 962 1118 1046 baldachinum.
1153 963 1258 1043 Jtem
1284 959 1449 1043 ecclesie
1475 959 1765 1073 strengenenei
1792 964 1895 1052 XX.

96 1104 238 1163 marcas
266 1076 361 1159 den.
391 1104 483 1157 curu
511 1080 594 1156 vno
622 1072 864 1157 baldachino
893 1104 969 1184 pro
998 1076 1116 1156 altari
1143 1072 1194 1155 ad
1222 1072 1435 1153 canoniam
1461 1100 1586 1183 quam
1613 1074 1765 1159 ibidem
1800 1076 1895 1159 fun·
1933 1160 1938 1172 ,

3 1208 4 1229 ²
96 1191 273 1274 dauimus
310 1186 508 1269 faciendo.
581 1187 759 1267 Ecclesia
788 1189 992 1269 Arosiensi
1005 1186 1039 1301 ⁶)
1075 1186 1178 1269 ‚XX.
1223 1185 1378 1267 Merces
1419 1185 1592 1293 Argenti
1631 1214 1724 1269 curn
1763 1214 1847 1272 vno
1862 1192 1895 1304 ,7)

94 1300 324 1384 baldicbino
353 1298 405 1383 ad
435 1296 685 1379 fundandam
715 1298 864 1380 ibidem
893 1302 1119 1381 canoniam.
1149 1298 1325 1380 Ecclesia
1353 1295 1532 1378 Abocnsi
1576 1297 1689 1379 .XL·.
1738 1298 1925 1388 Maroae,

95 1423 181 1522 Arg.
213 1440 308 1491 cum
336 1440 418 1492 vno
456 1410 692 1492 baldichino
720 1410 769 1491 ad
800 1412 918 1492 vnius
948 1409 1096 1493 ibidem
1139 1410 1311 1491 canonic
1359 1406 1658 1491 fundacioncm.
1715 1410 1893 1499 Ecclesic
2010 1470 2017 1486 ι

95 1524 368 1623 Wexironeusi
383 1524 415 1637 ⁸)
446 1522 560 1604 .XL².
617 1523 771 1605 Marcas
799 1522 891 1604 den.
920 1529 961 1605 &
995 1552 1122 1605 vnum
1164 1520 1461 1604 baldechinum.
1497 1523 1603 1601 Jtcm
1639 1520 1778 1605 domui
1812 1524 1894 1609 fra·
1979 1533 1987 1599 ’.

94 1655 193 1717 trum
223 1634 380 1716 ordinis
407 1634 673 1745 cisterciensis
701 1635 744 1715 in
775 1637 990 1717 Waernem.
1020 1638 1186 1717 curiam.
1210 1633 1379 1733 Almarir
1405 1635 1449 1713 in
1476 1630 1714 1716 Wermelad
1727 1633 1774 1750 ⁹).
1803 1663 1895 1720 cum

95 1748 301 1859 piscaturis
330 1748 373 1826 in
402 1750 519 1828 Amu.
549 1749 608 1826 Ac
637 1745 725 1825 aliis
760 1748 949 1829 omnibus
987 1748 1068 1828 suis
1097 1745 1349 1827 Attincnciis.
1379 1746 1485 1827 Jtcm
1512 1745 1722 1827 sororibus
1755 1765 1894 1831 sancte

96 1860 201 1942 Clare
235 1861 278 1939 in
308 1857 520 1940 Stuchulm
538 1856 585 1970 11)
613 1859 764 1937 curiam
794 1876 972 1940 nostram
1000 1860 1043 1942 in
1061 1857 1113 2049 11)
1136 1859 1319 1966 Kyaersa.
1349 1883 1441 1938 cum
1468 1857 1635 1939 colonis.
1661 1857 1788 1941 siluis.
1829 1862 1893 1971 pi·

2 2036 3 2049 .
96 1976 254 2053 scaturis
285 1985 325 2049 et
354 1970 543 2050 omnibus
572 1968 659 2049 aliis
687 1971 914 2052 attinenciis
944 1970 1084 2050 mobili
1115 1997 1237 2049 usae
1266 1969 1540 2050 immobilibus
1575 1970 1619 2047 in
1654 1968 1795 2051 eadem
1831 1972 1893 2052 in·

1 2059 5 2173 l
96 2084 171 2165 sula
197 2098 362 2165 tantum
390 2081 486 2162 sitis
544 2081 645 2158 ltcm
674 2079 843 2161 'cuilibet
871 2083 1048 2163 claustro
1076 2086 1118 2161 Bt
1144 2080 1334 2189 hospitali
1362 2080 1405 2160 in
1434 2106 1562 2189 regno
1590 2078 1756 2163 chcie.
1778 2079 1891 2181 duas.

97 2194 239 2274 ltlarcas
268 2191 449 2299 Argenti.
478 2191 628 2269 Domui
656 2190 826 2271 fratrum
857 2195 1058 2273 minorum
1087 2189 1284 2299 Lincopie
1320 2191 1418 2288 ‚XL.
1457 2192 1611 2273 Marcas
1636 2192 1742 2273 den.
1771 2190 1891 2283 ‘ltelu
1977 2268 1981 2283 ‚

97 2304 168 2385 lilio
196 2303 338 2384 dilecti
367 2301 503 2382 fratris
533 2303 661 2381 nostri
690 2303 741 2383 M.
783 2301 848 2384 dei
884 2306 1020 2413 gracia
1052 2303 1223 2393 ,illustris
1258 2304 1363 2413 regis
1396 2302 1551 2384 swccie.
1589 2306 1660 2413 qui
1691 2301 1777 2385 dux
1813 2333 1891 2415 pro

1 2404 2 2471 l
97 2434 268 2525 tempore
298 2412 421 2495 fucrit
449 2411 591 2494 damus
619 2415 771 2493 curiam
805 2435 979 2497 nostram
1009 2416 1049 2495 in
1082 2415 1177 2514 Abir
1204 2443 1296 2495 cum
1324 2412 1513 2494 omnibus
1540 2413 1622 2495 suis
1649 2417 1887 2503 attinenciis

1 2546 2 2609 ῑ
98 2530 199 2608 ltem.
225 2525 380 2605 fabrice
409 2524 574 2605 ecclesie
601 2525 877 2634 Lincopensis.
909 2552 986 2635 pro
1015 2523 1162 2607 debitis
1190 2526 1243 2606 ab
1269 2553 1317 2606 ea
1333 2524 1380 2638 11)
1409 2525 1630 2607 contractis
1657 2525 1795 2636 inqua
1817 2555 1891 2609 no·

1 2659 2 2749 ξ
95 2638 149 2721 bis
175 2636 426 2746 sepulturam
453 2635 636 2743 eligimus
653 2634 699 2747 ¹³)
728 2638 879 2717 curiam
918 2644 1098 2719 nostram
1140 2639 1183 2717 iu
1226 2634 1454 2720 Jordastad.
1498 2664 1591 2717 cum
1631 2636 1797 2743 colonis.
1824 2640 1891 2721 sil·

1 2764 2 2779 *
94 2752 151 2831 uis
178 2756 219 2830 δι
248 2748 334 2828 aliis
376 2748 565 2828 omnibus
593 2748 675 2828 suis
702 2750 915 2831 attinencis
945 2751 1206 2858 assignamus.
1270 2751 1376 2830 Jtem
1413 2744 1542 2830 eidem
1570 2747 1737 2830 ecclesie
1753 2747 1801 2862 11)
1829 2764 1893 2832 to·

1 2882 2 2889 ‘
94 2881 172 2949 tarn
201 2860 392 2968 capellam
421 2874 601 2940 nostram
631 2884 722 2941 curn
751 2859 876 2941 libris.
906 2877 1043 2968 preter
1071 2887 1196 2941 vnum
1226 2879 1414 2942 ornatum
1444 2858 1582 2941 altaris
1596 2861 1670 2971 qui
1684 2875 1778 2968 post
1828 2886 1893 2946 re-

93 2972 345 3054 ciosissimum
373 2970 529 3083 primus
556 2970 677 3053 fuerit
705 2999 795 3052 cum
825 2970 971 3053 casula.
1001 2968 1227 3053 dalmatica.
1241 2974 1281 3052 &
1295 2972 1436 3080 suptili
1450 2970 1501 3051 de
1514 2968 1761 3053 baldachino
1777 2886 1829 3084 1)
1853 2978 1894 3056 81

1 3061 2 3140 1
94 3083 183 3166 albis
211 3111 294 3197 que
322 3082 517 3166 fratribus
544 3082 769 3164 minoribus
798 3082 949 3165 ibidem
977 3080 1325 3165 commorantibus
1354 3083 1613 3190 assignamus.
1643 3084 1893 3168 Preciosissi·
1923 3106 1928 3114 “

95 3225 190 3277 urum
217 3215 356 3277 autem
384 3213 575 3276 ornatum
603 3201 682 3277 iam
712 3210 937 3304 pretectum
955 3194 1002 3309 ¹⁶)
1042 3195 1094 3277 ad
1131 3194 1259 3276 altare
1295 3196 1412 3277 beate
1440 3192 1610 3302 uirginis
1645 3193 1689 3272 in
1725 3196 1893 3280 ecclesia

1 3367 2 3402 .
94 3308 331 3417 Lincopensi
359 3305 562 3418 sepedicta
579 3309 627 3418 ¹⁷)
656 3309 843 3390 volumus
871 3308 1087 3417 pertinere.
1124 3306 1188 3389 Ad
1218 3305 1324 3389 istud
1355 3306 1481 3412 igitur
1517 3319 1800 3388 testamentum
1833 3309 1893 3391 ef.-

1 3406 2 3441 ¹
93 3421 259 3501 dcaciter
294 3417 607 3528 persoluendum
628 3419 686 3533 ¹⁸).
712 3422 843 3499 curias
872 3435 1038 3500 nostras.
1067 3419 1235 3527 Bierga.
1265 3423 1305 3498 &
1334 3417 1469 3525 Biterg
1482 3414 1709 3524 obligamus
1729 3418 1893 3527 publice

94 3559 157 3640 per
183 3545 405 3641 presentes.
434 3529 489 3610 ita
519 3545 654 3610 tamen
685 3530 796 3643 quod
826 3530 999 3613 heredes·
1023 3533 1153 3611 nostri
1181 3530 1288 3612 infra
1316 3531 1435 3609 vnius
1472 3529 1571 3608 anni
1606 3529 1798 3638 spacium
1829 3529 1893 3615 di·

94 3661 166 3724 ctas
191 3645 329 3725 curias
358 3639 590 3724 resoluendi
616 3641 779 3752 'plenam
806 3642 986 3723 habeant
1016 3641 1261 3738 facultatem,
1290 3642 1404 3744 Quas
1433 3641 1466 3720 si
1494 3637 1597 3720 infra
1626 3655 1785 3751 tempus
1813 3643 1892 3725 iam

94 3751 233 3836 dictum
267 3781 351 3834 uon
379 3753 630 3834 resoluerint'.
659 3753 823 3844 ecclesia
853 3756 1116 3864 Lincopensis
1155 3757 1195 3836 in
1237 3750 1473 3834 redimendo
1502 3749 1659 3833 easdem
1694 3778 1805 3834 anno
1832 3781 1893 3836 se·

92 3867 229 3949 cundo.
260 3863 488 3950 immediate
516 3867 703 3975 sequenti
730 3867 916 3947 omnibus
946 3866 1186 3976 preferatur.
1226 3867 1378 3945 Verum
1414 3865 1448 3943 si
1484 3863 1588 3943 infra
1629 3862 1735 3945 istud
1779 3865 1894 3946 bien-

91 3979 203 4058 nium.
236 4003 312 4057 nec
342 3995 391 4058 cx
423 3993 541 4086 parte
570 3977 775 4061 heredum.
809 4007 883 4059 nec
912 3978 1075 4059 ecclesie
1106 3976 1306 4085 sepedicte
1349 3975 1459 4054 curie
1501 3973 1654 4057 fuerint
1700 3977 1890 4058 resolute.

91 4089 239 4170 easdem
272 4095 425 4169 extunc
453 4087 707 4170 ordina‘cioni
738 4088 876 4170 dilecti
896 4089 1040 4169 fratris
1070 4089 1266 4168 nostri&
1294 4084 1447 4166 domini
1476 4086 1538 4167 ,tt
1568 4085 1892 4195 deigraciaillu·

9 4217 12 4224 ’
88 4203 171 4282 stris
200 4201 310 4310 regis
335 4197 491 4295 swc'c'ie‚
521 4218 561 4280 et
588 4199 817 4290 Reuerendi
856 4201 982 4311 patris
1011 4199 1305 4308 archiepiscopi
1336 4198 1556 4307 vpsalensis
1591 4199 1760 4309 eiusque
1795 4197 1892 4280 sub-

89 4309 382 4422 fraganeorum.
438 4310 715 4420 Lincopensis.
745 4310 943 4392 skarcnsis
978 4316 1018 4391 &
1052 4310 1347 4418 strengenensis
1383 4335 1486 4419 quos
1521 4309 1641 4389 huius
1675 4326 1891 4412 testamen·

86 4424 115 4502 n·
130 4425 174 4538 19)
204 4419 490 4505 constituimus
517 4443 749 4504 executores
781 4421 1010 4504 vendendas
1038 4422 1335 4503 committimus.
1368 4421 1561 4503 Volentcs
1590 4423 1630 4501 &
1657 4419 1797 4503 intime
1824 4451 1892 4504 ro·

89 4549 221 4642 gantos
252 4528 303 4616 t't
327 4535 527 4616 voluntati
559 4551 694 4614 nostre
723 4535 765 4614 in
794 4534 983 4616 omnibus
1013 4549 1059 4614 ut
1089 4536 1130 4614 iu
1160 4549 1380 4642 conspectu
1410 4532 1589 4614 altissimi
1629 4533 1785 4613 iustum·
1805 4559 1893 4615 csse

122 4773 149 4854 ⁴)
168 4777 411 4842 Wcrmalaudia
474 4773 499 4852 ⁵)
531 4771 565 4838 dt
597 4778 721 4838 tillsatt.
784 4772 1001 4855 ⁶)A1usiensi.
1063 4771 1090 4852 ⁷)
1111 4770 1146 4839 ἁ
1167 4775 1228 4838 iam
1248 4776 1372 4838 eiusce.
1434 4771 1460 4851 ⁸)
1481 4773 1686 4837 wexionensi.
1711 4809 1730 4816 -
1748 4771 1776 4854 1)
1792 4777 1891 4842 Wec-
1956 4775 1960 4781 ’
2096 4839 2107 4850 ,

162 4861 335 4922 malandia.
377 4858 418 4939 ¹⁰)
441 4861 533 4922 Clare
553 4862 584 4921 in
607 4859 777 4920 Stocbolm.
829 4856 866 4934 ¹¹)
898 4861 928 4921 in
951 4860 1039 4920 uterl-
1080 4856 1123 4934 ¹²)
1142 4859 1262 4922 eadem.
1303 4855 1345 4934 ¹³)
1366 4858 1399 4918 in
1425 4887 1444 4906 ·
1471 4889 1490 4905 ·
1517 4891 1536 4907 ·
1561 4860 1739 4943 aligerium
1762 4861 1889 4939 saluas.
2027 4875 2057 4940 g
2143 4929 2149 4944 .

162 4941 205 5022 ¹⁴)
228 4945 413 5025 Lincopensi
432 4945 462 5005 in
485 4961 552 5064 3¹¹¹?
564 4943 657 5034 uobis
678 4943 871 5026 sepulturam
892 4941 1032 5022 eligimus
1051 4943 1186 5019 tillem„
1217 4941 1256 5020 ¹⁵)
1276 4939 1317 5002 de
1336 4937 1527 5038 beldecltioo'
1547 4943 1671 5008 salem
1714 4940 1753 5021 11)
1780 4940 1887 5004 alteris

161 5027 228 5090 iam
250 5025 434 5112 predictum.
476 5025 515 5104 1)
536 5047 567 5088 m
588 5023 697 5089 eedem
718 5025 855 5088 ecclesia.
896 5020 934 5104 ¹⁸)
956 5023 1179 5110 exequendum.
1220 5023 1258 5108 ¹⁹)
1280 5033 1375 5086 nostra
1396 5025 1485 5088 tells»
