4317 5975
809 426 1059 524 -403
1173 472 1228 491 ..

115 651 221 733 ferre
253 660 475 757 presumat,
519 644 746 725 neusciam
790 642 944 755 aliquid
987 649 1216 730 attemtabit
1259 647 1310 729 tle
1338 647 1446 730 lacto
1476 648 1538 730 rel
1568 646 1736 731 consilio
1779 668 1853 759 per
1880 666 1923 729 se
2054 686 2061 693 ·

114 762 179 844 rel
211 790 282 870 per
297 760 398 841 alios
426 755 585 838 occulte
613 755 675 837 vel
701 757 931 857 manifeste,
960 762 1071 870 quod
1102 763 1143 841 ln
1174 776 1356 843 nostruin
1384 768 1456 842 sul
1484 760 1614 871 Regni
1630 762 1757 842 nostri
1786 764 1922 871 prelu-

110 876 263 959 diciutn
294 870 439 952 cadere
468 872 594 979 possit
623 868 687 949 vel
715 890 946 977 grauamen.

226 988 341 1065 Hanc
370 984 577 1064 licenciam
608 974 743 1077 robis,
771 998 815 1062 vt
844 986 1079 1093 premissum
1119 996 1197 1082 est,
1239 996 1470 1067 concessam
1506 984 1655 1067 durare
1682 982 1869 1065 volumus
1898 1010 1921 1063 a

111 1100 215 1181 festo
244 1108 497 1207 pentecostes
526 1118 637 1174 nunc
665 1094 875 1201 proxime,
915 1124 1042 1207 vsque
1072 1096 1123 1178 ad
1153 1110 1325 1207 sequens
1354 1096 1499 1179 festum
1543 1113 1797 1207 pentecostes
1826 1120 1921 1204 pro·

112 1210 348 1297 ximo'tunc
378 1208 571 1289 futurum.
600 1205 751 1285 Datum
779 1208 900 1288 Anno
924 1210 1088 1290 Domini
1102 1208 1313 1290 Millesimo
1328 1212 1625 1292 trescentesimo
1639 1212 1777 1307 tercio,
1805 1223 1922 1289 sexto

112 1320 269 1407 decimo
298 1316 471 1400 Kalend.
501 1318 745 1401 Decembris.

88 1680 294 1795 §1414
840 1663 991 1793 1304
1043 1662 1194 1769 Odau
1655 1658 1922 1806 Skeninge.
2047 1712 2053 1731 ·

196 1886 322 1947 Arnucr
342 1879 523 1945 Ειιιιωιοιιι
554 1881 707 1944 Salubrel
733 1884 774 1967 pt
796 1886 841 1945 sin
863 1884 940 1966 glad
963 1888 972 1948 i
995 1886 1125 1965 Wrets,
1160 1884 1284 1948 bvllien
1307 1885 1369 1947 han
1392 1884 1511 1968 tillbytt
1532 1884 1575 1964 sig
1597 1882 1634 1945 al
1650 1884 1694 1944 sin
1717 1882 1840 1952 bustru,
1874 1882 1923 1943 till

246 1968 289 2030 St.
310 1968 437 2029 Martini
458 1967 685 2029 Nuoneiloster
706 1966 717 2028 i
738 1968 930 2051 Skenninge,
956 1981 1022 2031 mot
1043 1970 1188 2032 blostrets
1210 1968 1287 2052 gtrd
1309 1969 1443 2054 Hstteby
1466 1967 1526 2031 ocb
1551 1987 1609 2029 120
1630 1967 1721 2029 marl
1744 1968 1923 2051 penniogsr.
1965 1989 1968 1999 Δ

1667 2082 1702 2135 Α.
1721 2081 1788 2135 3.6,

225 2217 428 2299 Omnibus
457 2234 663 2326 presentes
692 2218 846 2299 litteras
875 2220 1143 2329 inspecturis,
1174 2224 1447 2303 Annuucrltus
1478 2220 1720 2315 Esnnssoa,
1750 2217 1923 2299 salutem

110 2336 154 2414 in
192 2328 358 2411 domino
403 2332 711 2437 sempiternam,
748 2330 908 2413 Tenere
937 2334 1190 2441 presencium
1233 2333 1425 2413 nouerint
1467 2332 1645 2412 uniuersi
1674 2354 1736 2409 me
1770 2330 1920 2409 sorori·

108 2444 189 2525 bus
215 2441 325 2550 apud
355 2458 540 2522 sanctum
573 2442 788 2523 martinum
816 2443 1062 2551 skyaeningie
1093 2442 1319 2526 vendidisse
1347 2444 1500 2525 curiam
1517 2470 1643 2523 meam
1673 2443 1714 2521 in
1746 2452 1920 2520 wretum

109 2557 213 2637 Cum
244 2555 371 2663 agris,
401 2553 549 2663 pratis,
577 2553 706 2650 siluis,
735 2554 921 2651 Colonis,
950 2570 991 2635 et
1020 2556 1208 2637 omnibus
1250 2552 1377 2637 eidem
1407 2554 1517 2635 curie
1546 2553 1813 2633 attinentibus
1844 2579 1920 2659 pro

106 2670 219 2749 curia
250 2669 430 2774 ipsarum
459 2668 501 2745 in
530 2661 732 2774 Haelleby,
770 2668 993 2776 piscatura,
1036 2687 1076 2749 et
1105 2668 1294 2748 omnibus
1331 2666 1420 2775 alijs
1449 2662 1498 2745 ad
1528 2662 1725 2773 prefatam
1768 2664 1920 2743 curiam

105 2780 404 2886 spectantibus,
433 2776 705 2860 additis·mibi
733 2806 784 2858 ex
814 2794 930 2885 parte
958 2776 1159 2860 dictarum
1189 2804 1394 2876 sororum,
1438 2776 1610 2858 Centum
1639 2777 1783 2884 viginti
1812 2774 1918 2853 llar-

105 2892 194 2973 cbis
229 2906 388 2971 monete
417 2890 581 2986 usualis,
623 2916 749 2998 porro
778 2891 930 2969 curiam
959 2892 1002 2970 in
1032 2890 1219 2971 Wretum
1251 2888 1301 2971 de
1328 2917 1454 2971 vxore
1497 2916 1583 2968 mea
1611 2889 1688 2967 emi
1719 2913 1793 2996 pro
1829 2908 1920 2996 pre-³

104 3002 178 3085 dio
211 3001 494 3113 equipolente,
536 3003 657 3082 immo
702 3004 851 3084 maiore
879 3003 974 3085 alibi
1014 3003 1091 3085 sibi
1120 3005 1340 3113 assignate,
1382 3001 1658 3084 Commutaeio
1688 3017 1842 3094 autem,
1874 3011 1919 3076 et

105 3112 264 3223 empcio
293 3141 343 3193 cx
373 3131 487 3220 parte
516 3141 602 3192 mea
631 3141 722 3194 cum
752 3114 961 3196 sororibus
984 3113 1196 3223 predictis,
1226 3134 1265 3197 et
1294 3141 1420 3196 vxore
1448 3142 1552 3208 mea,
1580 3110 1683 3192 laeta
1715 3127 1792 3210 est,
1823 3135 1918 3218 pro-
2013 3146 2021 3154 ·
2137 3125 2140 3134 ’

104 3227 286 3308 cestibus
314 3223 447 3331 legum
477 3242 584 3304 terre
613 3252 686 3332 per
715 3228 848 3305 omnia
877 3225 1121 3322 obseruatis,
1152 3228 1278 3307 Cuius
1306 3242 1427 3336 testes
1454 3241 1568 3321 sunt,
1610 3224 1682 3332 qui
1713 3237 1917 3330 presentes

102 3336 291 3432 fuerunt,
328 3335 457 3416 silicet
485 3335 673 3416 dominus
701 3340 934 3445 prepositus
970 3336 1213 3420 tlrorcbillus
1247 3339 1297 3419 de
1329 3337 1593 3430 normaalnsae,
1622 3333 1919 3416 Waldaemarus
2004 3354 2006 3364 ·

104 3449 161 3531 de
188 3445 529 3556 syundaetborph,
559 3443 795 3557 lolquuidus
810 3447 861 3530 de
877 3446 1112 3556 saldingbia,
1137 3465 1178 3530 et
1207 3451 1275 3530 alii
1292 3448 1453 3530 discreti
1474 3447 1688 3554 fidedigni,
1719 3447 1768 3525 ln
1799 3445 1919 3524 huius

100 3555 516 3690 igitureuidenciam,
546 3558 738 3667 sigillium
767 3561 1005 3642 venerabilis
1034 3561 1188 3641 domini
1219 3562 1413 3670 Episcopi
1435 3559 1691 3668 lyucopensis
1719 3584 1796 3636 vna
1826 3582 1918 3634 cum

96 3671 240 3782 sigillo
269 3695 359 3752 meo
387 3671 558 3780 proprio
586 3687 646 3751 est
675 3696 914 3781 appensum,
942 3675 1090 3754 Actum
1115 3677 1237 3753 Anno
1266 3673 1430 3754 domini.
1461 3669 1749 3768 M⁰,CCC,IllI⁰
1781 3669 1823 3746 in
1854 3695 1917 3747 ec·

98 3785 226 3866 elesia
257 3781 364 3865 beati
391 3785 554 3864 martini
583 3781 843 3892 skyaeningie.
1981 3777 1984 3786 ¹

182 3898 214 3919 ι’
528 3925 666 4007 sigillet,
690 3925 782 4007 jemte
803 3924 864 3988 den
885 3946 926 3986 ιιι·
947 3923 1071 3989 breluet
1093 3925 1213 4010 llippts
1236 3945 1373 4002 remma,
1396 3923 1495 3984 borta.

34 4403 51 4418 ,
111 4295 288 4424 1415.
764 4292 910 4420 ι304
938 4267 1006 4396 ¹d.
1053 4308 1086 4420 4
1132 4293 1237 4396 Jan.
1712 4281 1916 4432 Upsala.

186 4518 419 4578 Maarsrnsrsus
439 4513 448 4572 i
471 4510 590 4593 Upsala
614 4513 721 4596 lntyg,
743 4523 789 4573 att
810 4511 877 4576 Nils
897 4513 1134 4594 Hemmingsson
1158 4515 1240 4575 inliir
1262 4512 1439 4575 densamma
1463 4511 1570 4573 erlitnt
1591 4513 1635 4593 sig
1658 4511 1751 4572 balva
1774 4506 1918 4588 bor-tbytt
2009 4523 2015 4546 ι

238 4599 302 4659 sinn
326 4596 471 4678 gindari
495 4596 690 4673 Wairdsbtra,
712 4594 890 4671 Gulasund,
914 4617 1007 4658 mm.
1030 4599 1077 4657 till
1101 4595 1291 4679 lrlaebislop
1313 4595 1378 4656 Nils
1399 4597 1408 4654 i
1430 4593 1565 4678 Upssln,
1590 4607 1651 4656 nrot
1664 4591 1731 4678 jord
1756 4591 1765 4651 i
1788 4590 1916 4669 Baling-
2005 4619 2009 4626 =

238 4680 307 4744 ststl
330 4678 391 4741 neb
415 4699 454 4741 eu
476 4678 555 4762 glrtl
577 4681 585 4739 i
607 4679 715 4756 Lund,
737 4689 816 4741 sumt
836 4679 877 4741 50
899 4680 988 4741 marl
1008 4682 1180 4764 penningar
1203 4683 1211 4740 i
1235 4679 1416 4756 mellsngilt.
1889 4731 1892 4738 ι

1662 4761 1697 4813 A.
1716 4759 1738 4810 3.
1757 4775 1781 4809 s.

214 4899 418 4982 Omnibus
447 4913 653 5008 presentes
682 4898 839 4979 litteras·
866 4899 1127 5005 inspecturis,
1163 4914 1423 4990 nnuocsrus,
1451 4909 1492 4973 et
1520 4897 1734 4978 Consucss
1762 4893 1916 4973 Ciuita-

92 5017 155 5100 tis
186 5009 616 5123 vpsalensissalutem
645 5011 688 5090 in
717 5008 884 5092 domino
913 5010 1210 5116 sempiternam,
1240 5008 1492 5088 Constitutus
1521 5034 1654 5089 coram
1685 5007 1813 5102 nobis,
1845 5005 1916 5085 Ni·
