4317 5975
844 456 918 505 ·.···
1018 436 1113 519 v229
1221 456 1280 484 ..-

164 647 326 757 1188.
778 659 945 789 ·÷¹‘29'7
980 642 1043 757 ’d
1085 643 1121 756 8
1160 647 1269 751 ian.
1397 646 1557 795 Berga
1599 661 1667 797 pi
1709 619 1964 807 Firingsd.
2042 636 2054 705 .·

237 862 697 1033 Josmieffipffiigpgdffipe
719 863 759 947 pi
782 864 912 949 Magnus
932 865 1077 944 Jdnssont
1098 867 1192 949 gena
1212 866 1249 929 al
1265 885 1285 929 a
1306 865 1440 950 ittingar
1464 867 1533 952 jord
1556 870 1567 931 i
1588 865 1826 959 ditergdtlslaud
1848 871 1896 936 titt
1917 874 1963 933 sin

1535 1031 1764 1103 Adana
1814 1062 1879 1107 1-

292 1132 504 1229 Omnibus·
524 1148 730 1241 presentes
773 1132 926 1213 litteras
964 1133 1206 1242 inspecturis
1261 1136 1469 1217 iouauuss
1507 1134 1639 1217 dictus
1666 1160 1869 1234 nuestus,
1902 1166 1964 1220 sa·

152 1251 282 1331 lutem
310 1248 353 1327 in
383 1242 548 1325 domino
576 1238 882 1353 sempiternam.¹
916 1244 1021 1347 Quia
1044 1240 1215 1324 dilectus
1231 1242 1458 1326 auunculus
1487 1274 1599 1327 meus
1626 1248 1824 1328 Dominus
1851 1247 1964 1377 Mag·

92 1440 99 1453 ,
154 1388 232 1442 nus
263 1362 476 1451 ioonson„
508 1353 615 1436 fideli
658 1354 910 1438 famulosne
941 1354 1225 1444 beronidieto
1256 1355 1962 1467 Nasthaeduosattingosterrem
2020 1396 2026 1404 ’

91 1558 98 1565 ,
151 1471 365 1581 osghocia,
398 1468 522 1549 alium¹
549 1469 589 1548 in
632 1466 1023 1575 scornebirerghnm,
1067 1474 1106 1547 &
1149 1468 1271 1549 alium
1299 1469 1340 1549 in
1371 1468 1807 1579 gnistlingaethorpum.
1863 1474 1964 1553 iure

151 1577 402 1677 hereditario
431 1578 508 1661 sibi
533 1584 577 1663 &
604 1580 687 1659 suis
716 1572 931 1661 heredibus
974 1579 1149 1659 eotttulit
1191 1579 1454 1689 posidendos‚
1499 1597 1623 1689 prout
1649 1582 1694 1661 in
1723 1570 1868 1663 litteris
1894 1610 1963 1677 sug

81 1699 84 1707 ’
150 1723 227 1805 per
255 1694 331 1773 boc
361 1690 556 1773 confectis
586 1690 743 1799 plenius
771 1686 1004 1771 continetur
1041 1688 1237 1803 idemque
1273 1690 1328 1772 Β.
1361 1692 1642 1773 ratificacionis
1682 1720 1767 1774 mee
1807 1693 1964 1776 litteras

150 1834 276 1915 super
295 1804 489 1913 porcione
510 1802 641 1913 predij
673 1830 752 1913 qne
782 1830 844 1883 me
873 1818 1007 1913 posset
1035 1798 1259 1884 donacione
1288 1831 1372 1884 non
1401 1804 1505 1883 facta
1523 1804 1752 1914 contigisse,
1782 1804 1963 1915 postulat

151 1922 353 1999 instanter
381 1930 596 2025 propterea
627 1930 812 1995 constare
841 1912 935 1992 volo
964 1916 1044 1993 tani
1075 1916 1247 2023 posteris
1275 1944 1396 2028 qnam
1425 1912 1627 1997 modernis
1649 1914 1764 2027 quod
1790 1915 1991 2007 eandem

152 2029 423 2111 donacionem
453 2024 607 2105 ratifico
637 2028 676 2104 8<
705 2024 904 2117 confirmo
932 2025 1255 2107 irreuooabiliter
1285 2056 1358 2137 per
1388 2020 1962 2137 presentes'rennnciansow
2001 2108 2005 2116 ,

26 2230 33 2241 ,
153 2138 197 2251 'nj
227 2138 462 2247 exeepeioni
491 2162 571 2247 qne
601 2137 697 2216 mihi
725 2138 767 2216 in
797 2134 872 2216 hae
901 2152 1016 2245 parte
1059 2154 1194 2247 posset
1223 2154 1449 2249 competere
1470 2136 1527 2227 de
1554 2140 1649 2221 iure
1677 2138 1744 2219 uel
1772 2138 1824 2224 de
1852 2140 1962 2222 laeto
2084 2234 2088 2239 ,

153 2258 206 2335 in
237 2254 351 2331 onius
374 2250 432 2329 rei
453 2244 621 2329 euidens
649 2250 921 2329 testimonium
950 2248 1126 2355 sigillum
1143 2278 1272 2330 meum
1302 2278 1382 2331 vna
1411 2272 1501 2332 cunt
1536 2250 1670 2360 sigillo
1698 2252 1863 2333 Domini
1902 2250 1958 2334 .Β.
2106 2244 2111 2251 ’

19 2389 31 2398 ·
160 2363 329 2445 illustris
355 2364 462 2469 'regis
490 2385 688 2441 sweorum
738 2360 965 2447 canoellsrii
1006 2362 1171 2443 Domini
1215 2364 1323 2449 Erici
1352 2361 1609 2471 presentibus
1637 2381 1697 2445 est
1725 2390 1959 2472 appensum.
2019 2354 2056 2372 ”

156 2478 307 2557 Datum
351 2470 576 2579 bierghum
611 2472 664 2553 Jn
708 2470 878 2579 faeringet
915 2470 1015 2552 ieris
1056 2475 1181 2555 tercia
1221 2472 1330 2555 infra
1373 2489 1538 2555 octauas
1576 2474 1815 2585 Epyphanie
1850 2501 1961 2555 anno
2021 2488 2026 2495 '

154 2586 309 2667 domini
338 2586 410 2666 Μ’.
441 2584 541 2663 CC‘.
571 2580 676 2663 XC‘.
706 2584 845 2663 Vll‘s
1597 2616 1602 2623 ·
1632 2639 1636 2645 -

312 2752 314 2755 ·
640 2724 786 2816 sigillent
812 2745 822 2787 r
847 2724 943 2807 uiget
964 2722 1112 2810 skadedt3
1134 2742 1154 2788 a
1176 2724 1324 2823 ”ssdtllssh
1347 2726 1505 2806 likaledes.

168 3049 418 3196 1189.-=·
686 3085 866 3192 '1297
908 2976 963 3150 ⁴d.
1027 2991 1095 3154 ab
1149 2983 1300 3152 Febr.
1708 2982 1957 3153 Refunda.
2114 3060 2155 3202 'a

239 3269 490 3354 isle-Bislopeu
511 3260 520 3330 i
540 3269 659 3354 Upsala
680 3271 753 3334 Nus
765 3269 931 3332 neesson
942 3267 1140 3352 Skyddsbrel
1146 3267 1195 3331 lde
1216 3265 1339 3330 Thorer
1360 3257 1524 3350 Gjurdston
1536 3265 1605 3336 hin
1617 3265 1759 3330 Refunda
1771 3250 1959 3330 iiemtlaud.
2061 3236 2071 3251 Ι

215 3417 217 3422 ,
729 3451 733 3458 ἢ
1510 3427 1567 3452 2,
1669 3366 1963 3455 hum-'⁵

292 3488 499 3591 Vniuersis
515 3475 718 3596 presentes
746 3487 898 3580 litteras
913 3487 1156 3598 jnspecturis
1172 3487 1408 3574 Nrcuonaos
1439 3483 1577 3568 diuina
1599 3487 1859 3569 miseracione
1882 3485 1958 3566 Ar·
2023 3475 2028 3488 ’

149 3603 438 3709 chiepiscopns
472 3599 693 3712 upsalensis
731 3597 903 3701 Salutem
942 3600 983 3678 in
1014 3597 1180 3680 domino
1207 3599 1490 3706 sempiternam
1518 3597 1678 3680 Tenere
1707 3599 1957 3708 presencium

155 3729 344 3810 constare
372 3711 558 3794 volumus
586 3710 796 3822 enidenter
825 3707 938 3819 quod
973 3738 1047 3792 nos
1096 3709 1295 3793 thorirum
1345 3705 1537 3817 girdasun
1594 3711 1846 3818 presencium
1888 3732 1958 3790 ex·

136 3825 373 3908 bibitoretn
416 3823 473 3906 de.
505 3823 607 3904 silua
643 3819 876 3904 Raiundum
905 3823 946 3902 in
976 3821 1155 3931 iaempcia
1183 3821 1260 3902 snb
1288 3819 1499 3902 beatorum
1526 3817 1742 3903 Laus-cneii
1778 3835 1824 3900 et·
1848 3819 1959 3912 Eriei
1992 3903 1995 3907 ,
2116 3859 2120 3868 ,

156 3953 382 4043 martyrum
411 3937 470 4018 Ac
494 3933 683 4044 'Ecclesia
713 3949 846 4016 nostre
875 3933 1095 4042 vpsalensis
1123 3948 1164 4014 et
1192 3947 1369 4014 nostram
1409 3933 1702 4041 protectionem
1731 3931 1976 4040 recepimus·
2049 3985 2076 4020 ,ι
2140 3986 2147 3999 .

156 4065 199 4128 et
241 4048 468 4142 munimen,
510 4045 748 4128 inhibentes
796 4045 984 4124 omnibus
1026 4063 1067 4127 ot
1093 4041 1262 4150 singulis
1292 4043 1458 4124 firmiter
1499 4059 1541 4124 et
1583 4042 1763 4125 districte
1814 4041 1958 4154 nequis
2015 4053 2021 4060 “

154 4169 249 4240 eutn
278 4159 458 4242 indebite
486 4155 697 4264 molestare
727 4154 790 4236 vel
819 4183 1039 4262 aggranare
1054 4171 1260 4268 presumat
1294 4151 1531 4235 inhibentes
1560 4154 1686 4238 eciam
1716 4153 1958 4250 districtius,

155 4297 209 4350 ne
256 4271 347 4379 quis
391 4267 561 4360 eundem
600 4269 799 4350 thorirum
840 4265 1018 4348 Racione
1067 4260 1195 4378 partis¹
1230 4263 1434 4374 predii'in
1459 4265 1560 4348 silua
1591 4263 1769 4376 predicta
1798 4263 1877 4346 sibi
1903 4263 1957 4346 ab
1996 4296 1999 4305 ¹
2087 4355 2096 4364 ,

156 4381 358 4489 vpsalensi
386 4379 564 4484 Ecclesia
607 4404 725 4464 causa
769 4377 1055 4486 hospitalitatis
1083 4379 1282 4488 assignate
1309 4377 1490 4487 inpetere
1525 4379 1696 4474 Census,
1725 4376 1856 4479 tallias
1890 4369 1977 4456 vel'

153 4495 384 4574 exactiones
423 4489 625 4601 quaslibet
678 4493 874 4600 inponere
912 4503 983 4572 aut
1024 4489 1105 4572 alio
1140 4489 1287 4600 quouis
1317 4485 1436 4570 modo
1493 4515 1635 4571 ranare
1672 4504 1876 4598 presumat
1904 4487 1961 4570 iu

152 4605 301 4708 borum
331 4605 455 4711 igitur
483 4600 731 4702 enidenciam
760 4601 936 4711 sigillum
963 4621 1148 4686 uestrum
1179 4593 1430 4713 presentibus
1456 4518 1641 4682 issimus
1667 4596 1959 4710 apponendum

52 4761 60 4767 ·
154 4711 305 4798 Datum
349 4711 459 4824 apud
496 4712 727 4818 ¹Ecclesiam
749 4711 1000 4796 ⁴llalnndnm
1051 4741 1181 4796 anno
1212 4709 1366 4796 domini
1393 4709 1526 4796 hl'CC
1575 4713 1838 4824 nonagesimo
1878 4707 1958 4792 VII

153 4828 232 4908 Die
273 4825 382 4908 beati
410 4821 568 4936 sigfridi
605 4825 852 4908 confessoris.
