4317 5975
790 489 847 505 ..
954 448 1029 545 431
1148 492 1203 511 ...

106 680 274 827 rus
618 670 632 712 ⁵
739 678 1097 808 morem
1146 674 1268 827 uec.

176 900 396 963 Prestmttnnen
419 896 563 959 Haustus
584 896 593 958 i
615 897 787 979 Linneryd,
810 898 962 962 Sronunns
983 900 993 959 i
1015 880 1143 982 Scudsjd
1164 900 1223 964 och
1245 902 1344 982 dirigo
1356 922 1460 981 egares
1480 902 1517 963 sl
1537 902 1697 985 Hollrm·yd
1719 906 1894 968 eritnnun-
1987 950 1992 959 ·

227 984 266 1081 de
284 982 325 1127 pl
343 980 464 1125 Ἤρ
488 983 616 1127 llpsters
637 981 784 1063 rettiglret
807 984 854 1045 till
874 985 1233 1067 eneugrenssudeslrog,
1257 998 1321 1046 mot
1343 984 1497 1047 soi-behill
1518 985 1555 1047 cl
1571 989 1616 1047 sin
1640 990 1742 1068 gaurla
1765 997 1825 1049 rt'tt
1847 990 1898 1063 till¹

232 1087 280 1148 pag
316 1084 352 1125 oc
421 1084 539 1145 rungs.

1644 1152 1677 1206 Α.
1696 1154 1719 1207 3.
1737 1170 1761 1207 1.

207 1281 417 1362 Vniuersis
445 1280 582 1362 christi
611 1281 797 1363 fidelibus
841 1302 1046 1391 presentes
1087 1284 1241 1367 litteras
1278 1286 1423 1366 visuris
1456 1286 1517 1367 vel
1549 1286 1765 1386 audituris,
1813 1288 1896 1367 HA·
2004 1294 2011 1343 ἱ

98 1419 255 1477 nunnus
282 1390 469 1509 sacerdos
498 1391 549 1473 de
579 1391 806 1493 lindiridh‚
837 1396 1075 1478 Srumuuuus
1099 1396 1293 1479 Sacerdos
1323 1396 1373 1477 de
1402 1404 1558 1480 sauzsio
1581 1403 1785 1511 ceterique
1804 1426 1897 1507 pos·

98 1535 270 1589 sessores
300 1504 393 1583 ville
438 1502 511 1584 de.
537 1506 750 1613 Holkaryp
791 1508 958 1606 salutem
988 1526 1028 1589 et
1056 1536 1299 1615 cognoscere
1335 1510 1564 1605 veritatem,
1596 1512 1790 1615 Quamuis
1824 1539 1898 1620 per

100 1646 175 1699 uos
203 1612 425 1727 aliquando
453 1619 613 1725 questio
657 1634 763 1717 mota
802 1617 955 1715 luisset,
985 1619 1179 1701 aduersus
1193 1621 1388 1703 discretos
1403 1622 1531 1719 viros,
1549 1624 1763 1705 monachos
1793 1651 1899 1705 noue

100 1729 216 1812 vallis
244 1730 295 1811 de
321 1730 442 1824 silua,
470 1728 627 1836 jacente
659 1728 709 1810 ad
750 1730 954 1810 meridiem
984 1758 1005 1810 a
1036 1733 1098 1811 via
1142 1762 1222 1842 que
1263 1730 1374 1812 ducit
1423 1732 1624 1814 directea
1658 1736 1898 1829 monasterio

100 1839 307 1951 usquead
338 1856 504 1949 pontem
531 1840 738 1949 wlgariter
765 1838 916 1921 dictum
961 1842 1185 1940 liuwubro,
1228 1842 1326 1949 jude
1368 1839 1519 1924 directe
1548 1874 1621 1952 per
1650 1846 1815 1926 ductum
1845 1846 1900 1924 ri·

100 1954 206 2050 uuli,
241 1950 446 2061 usquead
476 1968 657 2060 stagnum
688 1952 841 2035 dictum
869 1952 990 2050 Roslr,
1021 1954 1643 2036 Consideratistamenomuibus
1671 1986 1750 2067 que
1780 1955 1899 2036 iidem

99 2079 265 2175 possent
294 2064 426 2144 lacere
456 2067 739 2173 premissorum
762 2062 1018 2145 Testimouiis
1044 2068 1170 2146 eciam
1199 2068 1400 2146 seniorum
1429 2093 1552 2175 super
1576 2068 1653 2148 hoc
1682 2068 1900 2175 diligenter
1979 2092 1984 2099 ·

99 2176 352 2270 examinatis,
381 2178 725 2285 recognoscimus,
755 2175 866 2286 quod
895 2176 1076 2287 predicta
1104 2176 1224 2275 silua,
1252 2175 1546 2259 afundacione
1588 2176 1730 2259 domus
1761 2206 1900 2259 mona·

100 2288 268 2371 chorum
299 2285 432 2365 luerat
460 2283 657 2396 possessio
686 2315 844 2397 semper
873 2289 1036 2397 pacifica
1068 2303 1109 2368 et
1137 2290 1294 2398 quieta,
1324 2288 1416 2369 licet
1441 2291 1681 2371 venacioues
1709 2318 1830 2400 apum
1860 2310 1902 2373 et

100 2399 351 2493 animalium,
374 2425 464 2477 cum
494 2398 735 2479 utilitatibus
763 2400 972 2508 vulgariter
1002 2398 1503 2509 dictisalgaerbabiragilzli
1538 2401 1654 2482 nobis
1676 2403 1732 2481 'in
1762 2400 1900 2483 eadem

99 2510 202 2591 silua
232 2536 440 2619 nunquam
469 2508 621 2591 suerint
650 2510 864 2618 denegate,
894 2510 1055 2615 Quibus
1085 2513 1209 2591 eciam
1238 2511 1397 2619 juribus
1426 2510 1571 2591 amodo
1594 2516 1788 2610 contenti,
1816 2538 1902 2592 orn-

101 2622 224 2705 nibus
252 2621 340 2701 aliis
368 2623 650 2703 renunciamus
678 2625 839 2701 nomine
868 2624 995 2703 nostri
1025 2638 1064 2702 et
1094 2621 1284 2703 heredum
1316 2639 1545 2705 nostrorum
1577 2652 1649 2730 per
1678 2641 1902 2732 presentes,

100 2732 289 2843 jncuius
317 2732 376 2813 rei
405 2734 677 2814 testimonium
719 2733 849 2843 sigilla
885 2732 1152 2815 discretorum
1196 2734 1396 2832 virorum,
1437 2732 1610 2832 domiui,
1657 2735 1716 2831 Μ,
1748 2735 1902 2842 legiferi

101 2843 318 2927 waerandie
349 2844 745 2951 Haemingiirsacson
773 2873 852 2925 vna
888 2873 978 2925 cum
1009 2846 1158 2925 nostris
1186 2847 1440 2955 presentibus
1467 2863 1562 2926 sunt
1590 2874 1784 2957 appensa,
1812 2849 1902 2927 ·Da-

99 2976 208 3055 tum,
236 2954 301 3038 die
330 2956 452 3039 beati«
464 2957 647 3066 stephani
663 2983 770 3038 anno
798 2954 1055 3066 supradicto,
1087 2956 1272 3038 videlicet
1300 2957 1600 3041 M‘CCC‘lIIl‘.

695 3103 821 3184 Sigillen
845 3102 1028 3180 bortfsllou3
1050 3125 1088 3164 en
1111 3122 1210 3164 retusa
1232 3123 1319 3186 quer.

119 3485 287 3614 1449·
743 3467 893 3596 1304
949 3467 997 3572 a.
1048 3443 1120 3581 218
1168 3466 1288 3572 uec.
1631 3399 1634 3405 ’
1748 3525 1770 3570 .

189 3690 255 3752 Fru
277 3692 418 3765 enema,
451 3688 566 3750 Gustcl
581 3689 818 3770 lugeborgssous
849 3691 942 3751 enias
963 3688 1140 3764 Gdlvobrel
1157 3689 1196 3772 ps
1220 3687 1372 3749 Ldlestad
1408 3687 1453 3750 till
1485 3689 1649 3770 Riseberga
1673 3691 1801 3770 kloster,
1837 3693 1907 3756 med

240 3772 616 3920 pgpkvpptptplezdsadpgggdm
637 3773 737 3835 denna
750 3773 924 3855 gdrdinom
946 3773 1086 3834 bestttmd
1110 3772 1168 3850 tid,
1191 3773 1268 3832 eller
1289 3792 1340 3832 om
1359 3773 1442 3833 detta
1454 3775 1639 3850 crebritates,
1663 3777 1693 3834 ld
1714 3777 1723 3834 i
1746 3779 1789 3836 sin
1815 3777 1907 3838 lilstid

1664 3936 1698 3997 A,
1717 3941 1740 3991 3.
1759 3957 1785 3992 n.

187 4076 427 4156 'Vniuersis
456 4074 593 4157 christi
624 4073 809 4155 lidelibus
839 4080 1002 4181 presens
1030 4073 1223 4181 scriptum
1251 4073 1393 4151 visuris
1422 4071 1485 4151 uel
1516 4069 1714 4154 audituris
1746 4073 1908 4153 notilico
2039 4101 2045 4116 ·

106 4184 221 4299 quod
251 4189 341 4295 Ego
369 4211 523 4267 cemma
550 4186 689 4267 relicta
719 4182 889 4266 condam
936 4185 1097 4265 Domini
1142 4185 1301 4288 gastoni
1338 4185 1585 4292 ingiburgis.
1643 4183 1745 4264 Sana
1777 4202 1909 4265 mente

108 4300 260 4409 pariter
287 4315 328 4380 et
357 4325 531 4407 corpore
558 4296 721 4379 Curiam
750 4324 877 4376 meam
906 4297 948 4375 iu
979 4294 1257 4388 lokestadlmm
1288 4323 1377 4375 cum
1409 4297 1596 4376 omnibus
1625 4299 1706 4376 suis
1735 4298 1909 4377 attinen-

106 4411 185 4519 cijs
211 4411 388 4491 claustro
416 4408 778 4491 sanctimonialium
794 4410 835 4488 in
851 4407 1152 4514 Risaebergbnm
1177 4409 1243 4487 vbi
1269 4409 1364 4487 milri
1380 4436 1470 4487 cum
1488 4408 1707 4516 predilecto
1736 4408 1909 4488 condam

107 4523 256 4604 marito
284 4545 374 4602 meo
402 4523 679 4632 suprascripto
714 4521 979 4628 sepulturam.
1004 4519 1112 4627 eligo
1155 4548 1231 4627 pro
1275 4522 1404 4598 anima
1449 4521 1574 4628 patris
1603 4522 1679 4599 mei
1708 4535 1749 4598 et
1778 4523 1908 4599 anirna

107 4635 218 4717 Dicti
247 4633 380 4713 mariti
407 4636 484 4714 mei
513 4651 553 4715 et
582 4659 657 4742 pro
686 4633 818 4711 anima
848 4660 932 4711 mea
964 4632 1126 4711 racione
1155 4633 1379 4711 testamenti
1409 4630 1538 4737 allego
1568 4649 1608 4710 et
1636 4629 1801 4712 conlero
1818 4627 1911 4740 per·

108 4747 245 4857 petuis
272 4746 525 4852 temporibus
568 4739 862 4854 possidendam.
892 4741 962 4823 tali
992 4758 1126 4822 tamen
1152 4743 1408 4823 'condicione
1453 4741 1684 4848 perambula
1736 4743 1910 4852 quodsi

98 4858 260 4941 'dictam
290 4857 441 4936 curiam
473 4882 549 4965 pro
578 4855 718 4936 nonies
748 4854 888 4960 viginti
917 4852 1089 4934 marchis
1118 4852 1211 4933 dum
1245 4853 1376 4933 adhuc
1420 4856 1558 4932 vixero
1589 4855 1684 4933 milri
1716 4857 1911 4962 redimere

110 4968 178 5049 vel
208 4967 387 5076 precium
418 4995 495 5075 pro
537 4966 676 5048 eadem
720 4965 910 5047 exhibere
954 4964 1122 5046 voluero
1166 4965 1310 5074 purtim
1348 4967 1389 5044 in
1420 4967 1591 5074 pecunia
1633 4987 1839 5047 numerata
1869 4983 1910 5047 et

112 5081 262 5190 partim
290 5081 334 5160 in
361 5078 452 5188 alijs
482 5075 634 5188 prediis
661 5103 736 5187 per
765 5104 826 5158 me
854 5074 919 5158 rel
947 5073 1112 5158 heredes
1127 5103 1234 5180 meos
1260 5093 1352 5185 post
1382 5106 1444 5158 me
1474 5077 1784 5187 persolucndum
1815 5107 1910 5188 pro·
