4317 5975
808 371 865 390 ..
974 326 1057 408 605
1168 371 1224 390 ...

137 557 280 668 1658.
751 557 903 671 1310
950 557 997 663 d.
1051 547 1124 688 14¹
1166 557 1316 664 Mars.

198 747 271 812 lim
291 745 455 810 nmmum
473 745 591 828 quitto,
611 743 663 808 fdr
684 745 731 826 sig
753 742 816 806 oeb
837 745 906 806 sina
925 744 1174 828 medarfringar,
1196 747 1238 830 pa
1254 747 1351 829 rilstig
1372 744 1409 809 af
1424 747 1573 812 Abhoten
1598 748 1913 839 lohannesillydale

238 829 359 892 kloster
379 827 550 913 uppburen
571 828 735 909 betalning
757 828 807 888 for
828 825 930 907 derue,
953 827 1035 890 ester
1056 831 1305 894 rerlistfillandet
1326 831 1363 892 al*
1378 831 1713 913 ledrenstestamente,
1730 844 1814 899 hinnu
1826 839 1916 901 iter-

239 912 369 975 stdende
389 911 500 973 halfru
521 910 573 972 del
594 913 611 971 i·
627 910 749 974 Rabult
770 911 781 971 i

238 995 331 1060 denas
351 995 504 1058 miderne
523 995 535 1057 i
555 993 693 1058 bemilte
715 910 871 1075 gdrdlldll
890 994 1036 1060 klortret.

1659 1080 1779 1140 bsx.

226 1175 429 1257 Omnibus
464 1200 629 1286 presens
666 1175 863 1283 scriptum
905 1172 1165 1256 cernentibus
1201 1177 1434 1258 Nicuotnus
1463 1202 1588 1262 ulans
1624 1206 1701 1264 sou
1742 1183 1914 1268 salutem
1997 1257 1999 1262 ,

126 1291 164 1370 in
191 1290 371 1368 omnium
400 1287 600 1368 saluatore
627 1284 786 1367 Tenore
815 1288 1068 1394 presencium
1097 1313 1343 1394 recognosco
1371 1277 1483 1399 quod
1520 1295 1638 1374 Anno
1675 1289 1827 1376 domini
1855 1295 1916 1378 Μο

123 1400 251 1497 CCC⁰,
273 1399 349 1497 X⁰,
377 1397 550 1479 sabbato
578 1412 757 1507 quatuor
784 1415 1011 1505 temporum
1041 1398 1084 1476 in
1113 1398 1441 1508 quadragesima,
1478 1398 1690 1484 accedente
1718 1433 1916 1490 consensu

125 1511 298 1594 omnium
327 1508 571 1592 coheredum
601 1534 779 1588 meorum
808 1535 885 1617 pro
914 1507 980 1587 illa
1010 1527 1231 1619 parteque
1260 1510 1378 1591 nobis
1408 1531 1649 1594 remanserat
1677 1516 1917 1618 inRahp'rltu

127 1642 333 1734 postquam
363 1619 643 1701 dilectissimus
683 1620 1041 1727 supranominatus
1082 1638 1198 1730 pater
1226 1638 1364 1701 noster
1391 1619 1556 1704 karolus
1583 1625 1689 1706 hone
1726 1632 1917 1712 memorie

125 1731 375 1819 medietatem
413 1731 595 1812 omnium
638 1732 933 1838 possessionum
964 1750 1205 1832 ,nostrarum
1251 1731 1400 1812 ibidem
1451 1731 1501 1814 de
1555 1751 1696 1818 nostro
1738 1741 1918 1821 unanimi

16 1914 17 1917 γ
125 1871 320 1928 consensu
348 1859 389 1922 et
419 1869 527 1922 mera
564 1839 775 1923 voluntate
811 1843 869 1922 in·
890 1869 964 1922 suo
1005 1859 1246 1924 testamento
1279 1842 1483 1952 legauerat
1525 1847 1770 1928 monasterio
1812 1877 1917 1932 noue

123 1955 254 2051 vallis,
290 1954 446 2051 Leuaui
480 1953 645 2061 plenum
676 1954 857 2059 precium
884 1948 935 2032 de
964 1951 1130 2033 domino
1157 1954 1331 2062 johanne
1361 1955 1507 2036 abbate
1536 1955 1634 2038 dicti
1669 1957 1770 2056 loci,
1800 1956 1916 2068 juxte

51 2070 56 2077 '
122 2094 241 2148 meam
272 2082 312 2145 et
341 2064 584 2145 coheredum
613 2091 792 2148 meorum
824 2061 1092 2160 voluntatem,
1122 2062 1394 2167 Quamobrem
1423 2092 1502 2146 vna
1538 2097 1628 2149 cum
1665 2070 1761 2176 ipsis
1795 2071 1920 2153 cohe-

120 2176 281 2260 redibus
308 2177 405 2255 meis
439 2191 644 2283 protestor
673 2175 930 2284 presentibus
958 2174 1066 2255 hona
1096 2174 1175 2256 fide
1204 2177 1399 2273 seriatim,
1428 2176 1558 2287 quod,
1587 2179 1692 2260 intra
1729 2208 1844 2289 sepes
1877 2199 1919 2266 et

122 2307 230 2370 entra
246 2287 378 2368 omnia
402 2312 484 2396 que
506 2284 677 2394 jngridis
692 2285 918 2367 dulcissima
937 2303 1064 2367 mater
1085 2301 1222 2368 nostra
1244 2285 1371 2368 felicis
1394 2289 1582 2373 memorie
1601 2291 1716 2371 nohis
1744 2290 1918 2403 reliquid

121 2404 163 2483 in
190 2397 297 2480 dicta
326 2396 421 2478 uilla
450 2396 631 2495 Rahpltu
658 2395 710 2476 ad
747 2396 969 2478 dominium
1004 2411 1045 2478 et
1081 2398 1368 2506 possessionem
1412 2398 1509 2480 dicti
1551 2403 1782 2513 monesterij
1822 2419 1920 2485 sunt

123 2508 314 2595 deuolute
343 2508 466 2617 pleno
494 2507 609 2616 jure,
640 2508 698 2616 jta
725 2505 841 2618 quod
868 2509 982 2590 nullo
1009 2536 1199 2619 rmquam
1228 2508 1319 2619 jure
1347 2509 1411 2590 uel
1440 2509 1528 2618 lege
1564 2529 1735 2620 possunt
1763 2514 1814 2595 ab
1845 2512 1918 2596 ali·

121 2649 203 2734 quo
231 2621 433 2718 reuocari,
473 2621 730 2728 inquorum
758 2620 1028 2700 testimonium
1056 2623 1154 2732 quia
1183 2619 1384 2728 siggillum
1414 2623 1625 2730 proprium
1655 2650 1736 2705 non
1766 2625 1918 2723 habeo,

118 2730 408 2814 Gudmundum
438 2759 632 2839 generum
660 2756 793 2810 meum
822 2731 1054 2840 rogauimus
1084 2747 1289 2841 presentes
1324 2729 1478 2813 litteras
1513 2733 1735 2844 siggillare,
1769 2739 1917 2820 Actum

120 2848 238 2926 Anno
265 2860 307 2925 et
336 2859 518 2951 tempore
545 2868 631 2952 quo
659 2868 794 2949 supra.
1094 2853 1098 2860 '

635 2980 684 3045 Pe
693 2979 893 3064 srdmidan:
912 2979 1072 3046 Purochie
1091 2979 1216 3046 frisle.
1237 2979 1401 3067 rahyltha.

469 3095 596 3182 sigillet
616 3095 800 3185 cbetydligt
820 3096 970 3181 skedudt,
992 3099 1035 3187 pt
1054 3120 1095 3164 en
1116 3118 1158 3164 ur
1177 3098 1304 3165 brefret
1324 3100 1430 3186 klippt
1451 3118 1563 3166 remae.

129 3462 289 3615 1659.
743 3466 896 3575 1310
944 3466 993 3572 d.
1036 3469 1092 3575 15
1135 3466 1285 3573 Mars.

199 3653 391 3723 Kmmrm
411 3652 668 3720 Rimmon
687 3672 734 3717 m.
754 3652 790 3719 ss.
813 3629 1002 3737 slegtingnrs
1031 3657 1139 3739 iippna
1169 3652 1383 3731 liirllmnde,
1414 3662 1462 3714 stt
1483 3654 1699 3739 Domprosteu
1730 3650 1887 3719 Wimuud
1908 3652 1920 3717 i

237 3737 417 3836 hinkiipiug
438 3756 524 3881 effer,
546 3745 595 3800 att
615 3738 653 3799 at
670 3736 747 3836 dffm.
765 3738 902 3841 oqveldt
920 3738 1009 3819 gifre
1030 3738 1093 3799 och
1115 3736 1284 3832 disponere
1310 3736 1361 3833 till
1387 3736 1408 3799 k
1449 3737 1510 3833 lor
1541 3735 1920 3856 ⁰⁰l..⁸nd⁸,uff⁸·..m³n'

161 3857 166 3867 ·
239 3840 353 3902 ningat
371 3827 429 3881 srtt
464 3818 580 3880 aderne
602 3817 666 3883 och
686 3818 792 3901 cinga
812 3819 1017 3884 lbrvarfvade
1037 3818 1193 3901 egendom
1215 3817 1266 3880 ult
1293 3838 1340 3881 sm
1365 3839 1404 3880 oc
1454 3838 1522 3881 sina
1552 3817 1726 3882 ibraldrsss
1757 3816 1921 3906 alelehug·

239 3903 321 3982 ned,
341 3900 415 3965 med
435 3900 587 3966 nnuman
608 3900 762 3988 derjemte
781 3922 837 3968 om
858 3901 1030 3985 rerldsliga
1049 3898 1331 3987 myndigheternas
1351 3900 1546 3965 stadltstelse
1567 3900 1657 4035 berz.
1679 3982 1708 4036 3·
1728 3980 1776 4038 us

139 4172 143 4177 ,
232 4088 435 4168 Omnibus·
462 4101 667 4194 presentes
696 4085 850 4168 litteras
877 4087 1120 4196 inspecturis
1156 4086 1458 4171 Knr1tulsrns
1492 4085 1788 4168 Rnowntuson
1816 4084 1923 4165 Cen-¹

113 4222 228 4285 unus
256 4220 527 4298 naouonasou
557 4200 746 4280 Annanns
771 4222 957 4282 raasson
990 4202 1108 4279 Ouor
1141 4224 1245 4277 vxor
1279 4224 1369 4293 sua,
1410 4199 1609 4283 Kinouus
1650 4195 1921 4279 arcuimus

114 4329 162 4394 et
190 4311 319 4394 Lucra
346 4308 419 4389 filii
449 4335 591 4389 eorum
620 4312 663 4390 in
692 4307 858 4391 domino
886 4308 999 4391 ihesu
1028 4310 1207 4406 salutem,
1238 4327 1473 4419 perpetuam
1494 4325 1545 4389 *et
1574 4324 1812 4418 presentem,
1840 4304 1920 4387 Te·

114 4449 220 4504 nore
250 4422 500 4529 presencium
530 4436 715 4500 constare
744 4420 929 4503 volumus
957 4420 1169 4501 euidenter
1198 4447 1273 4500 nos
1302 4445 1541 4500 consensum
1575 4434 1758 4500 nostrum
1796 4414 1919 4498 bene·

112 4533 367 4626 molernium,
404 4547 445 4611 et
480 4556 682 4611 assensum
713 4532 962 4629 adhibuisse,
1005 4548 1046 4610 et
1088 4533 1330 4612 unanimiter
1374 4528 1595 4629 admisisse,
1636 4546 1682 4611 rt
1723 4525 1921 4611 discretus

112 4647 187 4727 vir
219 4640 470 4724 Wiurundus
505 4643 734 4753 prepositus
764 4642 1007 4753 lincopensis
1035 4642 1201 4725 ecclesie
1228 4640 1336 4725 bona
1367 4639 1663 4752 patrimonialia
1691 4664 1851 4721 necnon
1877 4653 1920 4721 et

112 4755 266 4868 queuis
294 4752 373 4834 alia
400 4778 648 4864 quocunque
675 4751 795 4836 titulo
823 4756 1020 4865 aequisita
1050 4782 1127 4865 pro
1156 4752 1288 4835 anima
1315 4778 1387 4834 sue
1424 4770 1718 4944 parentumrpue
1754 4776 1921 4833 suorum

112 4864 174 4950 ad
201 4863 388 5044 eccSlesias
415 4879 457 4946 et
484 4862 538 4947 ad
568 4865 637 4979 pia
664 4864 775 4966 loca,
802 4863 1043 4951 conferendi
1068 4880 1115 4950 et
1142 4862 1360 4951 ordinandi
1388 4866 1549 4979 plenam
1577 4881 1619 4949 et
1670 4864 1822 4945 iberam
1849 4860 1920 4943 ha·

275 5006 304 5051 v.
319 4988 439 5063 Diptom.
454 5014 457 5017 ·
472 4988 514 5045 11.
886 4987 890 4994 '
1746 4992 1786 5058 77

871 912 957 972 eleds
978 913 1111 992 sochen,
1132 925 1213 978 samt
1234 917 1246 975 i
1267 914 1340 998 ldlje
1363 913 1457 978 deras
1474 917 1584 1000 gjorda
1614 919 1775 982 afstbende
1802 921 1839 983 af
1855 921 1915 984 allt
2047 953 2051 966 ·
