4317 5975
906 488 1366 571 ἰι-88...

275 728 360 795 tate
389 709 565 823 pensatis
590 703 740 813 dignus
769 705 854 785 eius
883 707 1043 823 copula,
1074 705 1160 792 sive
1202 706 1284 792 suis
1312 703 1531 788 convenire
1572 701 1829 814 sponsalibus
1876 702 2073 819 videatur.
2154 708 2156 715 ’

274 820 393 905 Vnde
421 850 512 903 cum
542 819 609 901 dil.
638 815 744 895 filius
774 817 935 929 Nobilis
962 823 1025 901 vir
1068 822 1241 904 Roricus
1289 818 1473 927 Birgberi
1516 817 1705 929 Vpsalen.
1750 817 1883 898 Dioc·
1908 820 1980 928 qui
2025 817 2076 899 de

271 937 415 1046 Regno
445 928 627 1042 predicto
654 928 802 1025 existit,
832 947 872 1011 et
899 932 1057 1040 Halgha
1086 933 1269 1045 predicta
1311 932 1481 1041 cupiant
1522 928 1684 1011 insimul
1727 929 2079 1011 matrimonialiter

270 1047 467 1156 copulari,
496 1069 572 1122 nec
600 1039 784 1136 Roricus,
823 1057 864 1120 et
907 1044 1065 1152 Halgha
1111 1044 1283 1155 predicti
1324 1057 1496 1155 possunt
1534 1058 1650 1124 extra
1690 1040 1875 1149 Regnum
1923 1042 2076 1123 nubere

268 1153 544 1266 supradictum
574 1151 728 1263 absque
755 1151 876 1261 Regis
904 1171 945 1238 et
972 1156 1101 1264 Regni
1132 1153 1406 1265 predictorum
1432 1156 1550 1262 gravi
1577 1152 1803 1263 dispendi0,
1830 1169 1874 1234 et
1896 1151 2075 1261 jactura,

269 1269 433 1377 etquis
463 1268 541 1375 ipsi
569 1279 719 1373 quarto
756 1269 1122 1375 consanguinitatis
1161 1268 1289 1376 gradu
1327 1265 1378 1347 ad
1421 1266 1594 1346 invicem
1636 1282 1732 1345 sunt
1773 1268 1990 1361 coniuncti,
2033 1280 2076 1345 et

268 1378 476 1493 quondam
505 1374 665 1460 Nobilis
694 1374 755 1455 vir
784 1374 954 1484 Magnus
982 1377 1179 1486 Regnaldi
1209 1381 1377 1460 maritus
1405 1376 1583 1459 eiusdem
1611 1377 1773 1485 Halgbe
1797 1376 2090 1460 dictoRorieo'

269 1490 412 1573 eodem
438 1487 569 1597 gradu
594 1488 692 1569 dum
721 1486 875 1568 viveret
904 1490 1105 1573 attinebat
1133 1487 1186 1570 ad
1232 1486 1552 1573 contrabendum
1594 1490 1894 1571 matrimonium
1921 1484 2076 1570 ‘huius-

268 1601 379 1683 modi
407 1600 626 1715 procedere
655 1617 864 1788 negueunt
893 1604 982 1682 sine
1011 1602 1236 1715 apostolice
1264 1601 1377 1689 Sedis
1418 1603 1577 1682 licentia
1609 1602 1788 1711 speciali
1824 1603 1964 1708 Quare
1998 1627 2077 1710 pro

267 1734 386 1825 parte
413 1716 538 1823 ipsius
565 1708 685 1819 Regis
732 1712 791 1789 uit
818 1711 937 1793 nobis
964 1714 1171 1798 humiliter
1204 1716 1495 1825 supplicatum,
1538 1728 1585 1793 ut
1626 1742 1717 1797 cnm
1759 1739 1837 1822 pro
1877 1739 1926 1793 eo
1960 1713 2075 1824 quod
2137 1792 2141 1799 .

269 1825 376 1909 idem
404 1826 575 1907 Roricus
603 1819 846 1934 quibusdam
876 1826 1119 1935 capitalibus
1147 1825 1318 1906 inimicis
1347 1825 1446 1906 dicti
1472 1825 1592 1932 Regis
1621 1824 1789 1907 adheret
1823 1825 1950 1909 fomes
1978 1822 2075 1921 odii,

268 1953 311 2020 et
338 1939 521 2019 rancoris
548 1940 592 2020 in
621 1933 746 2040 ipsius
775 1934 908 2047 Regis,
939 1954 981 2017 et
1009 1938 1188 2021 eiusdem
1216 1937 1354 2018 Rurici
1390 1935 1591 2017 mentibus
1628 1934 1807 2017 radicate
1842 1952 2076 2034 noscantur,

267 2050 341 2161 qui
368 2047 514 2160 siquod
545 2050 650 2132 absit
679 2046 970 2127 incrementum
1000 2051 1232 2157 susciperet,
1260 2050 1397 2157 gravia
1428 2063 1592 2156 possent
1628 2048 1673 2127 in
1709 2049 1853 2158 Regno
1890 2045 2076 2158 predicto
2119 2050 2128 2064 ‘

267 2161 465 2258 seandala,
495 2179 535 2243 et
563 2184 802 2270 guerrarum
832 2157 1013 2266 pericula
1041 2164 1239 2252 suscitari,
1266 2178 1307 2242 et
1335 2174 1531 2270 speretur,
1574 2156 1687 2270 quod
1714 2188 1789 2270 per
1817 2160 2076 2241 coniunctio·

125 2306 130 2313 ·
266 2300 362 2353 nem
405 2273 543 2355 Rurici
583 2292 624 2354 et
653 2267 812 2375 Halgbe
841 2268 1119 2377 predictorum
1148 2273 1273 2353 fomes
1310 2270 1406 2367 odii,
1443 2286 1484 2351 et
1520 2271 1702 2353 rancoris
1738 2271 1969 2352 huiusmodi
2004 2298 2077 2351 ex·

265 2385 490 2493 tinguetnr,
523 2400 565 2465 et
593 2404 686 2493 pax,
716 2396 757 2459 et
785 2382 1060 2491 tranquillitas
1089 2386 1302 2493 proveniet
1328 2384 1409 2490 ipsi
1436 2382 1591 2491 Regno,
1619 2380 1835 2491 providere
1850 2409 1972 2491 super
1993 2380 2077 2465 hoc

265 2494 419 2576 Rorico
448 2513 489 2577 et
516 2491 674 2604 Halgbe
704 2489 873 2601 prefatis
902 2482 953 2573 de
977 2511 1184 2602 oportune
1212 2491 1518 2602 dispensationis
1552 2495 1724 2600 gratiam
1761 2492 2075 2576 misericorditer

267 2602 539 2714 dignaremur.
568 2608 653 2691 Nos
681 2603 819 2715 itaque
849 2601 1102 2686 attendentes
1131 2603 1261 2700 fidem,
1288 2620 1330 2685 et
1366 2605 1623 2688 devotionem
1652 2606 1849 2703 eximiam,
1892 2633 2014 2717 quam
2043 2607 2077 2688 i-

265 2713 358 2801 dem
389 2718 476 2805 Rex
513 2715 564 2797 ad
591 2719 679 2800 Nos
707 2732 747 2795 et
775 2712 996 2811 Romanam
1027 2717 1131 2825 gerit
1159 2715 1389 2800 Ecclesiam,
1417 2732 1458 2795 et
1486 2715 1541 2797 ob
1569 2716 1648 2799 hoc
1676 2718 1782 2798 votis
1809 2718 1897 2797 eius
1924 2719 1966 2797 in
1995 2716 2077 2798 hiis

264 2858 347 2940 que
376 2827 497 2937 digne
523 2852 737 2941 possumus
764 2852 945 2907 annuere
975 2826 1252 2909 favorabiliter
1281 2830 1508 2937 cupientes,
1538 2855 1586 2909 ac
1625 2825 1677 2908 de
1712 2828 2075 2937 circumspectione

264 2958 336 3023 tua
366 2958 551 3050 gerentes
592 2941 636 3022 in
680 2938 857 3019 Domino
896 2937 1086 3032 fiduciam
1129 2940 1352 3050 pleniorem
1387 2939 1646 3023 Fraternitati
1686 2952 1808 3052 tuper
1849 2939 2075 3052 apostoliea

263 3055 415 3166 scripta
446 3053 697 3147 mandamns,
725 3065 926 3160 qnatenus
955 3053 1158 3158 premissis
1186 3053 1291 3132 veris
1316 3053 1586 3133 existentibus
1610 3078 1737 3161 super
1767 3051 1922 3162 quibus
1956 3069 2075 3136 tuam

265 3163 511 3248 intendimus
538 3163 827 3245 conscientiam
854 3185 1039 3256 onerare,
1065 3189 1157 3241 cum
1188 3163 1357 3258 Rorico,
1385 3180 1427 3244 et
1454 3162 1613 3271 Halgha
1642 3161 1823 3272 prelatis,
1851 3162 2075 3274 quodgra·

123 3379 126 3386 Δ
264 3273 335 3374 du,
364 3294 405 3358 et
440 3275 634 3356 affinitate
676 3270 883 3382 predictis,
928 3270 1084 3382 ,quibus
1125 3289 1222 3355 sunt
1262 3277 1470 3357 coniuncti
1510 3301 1767 3384 nequaquam
1815 3273 2076 3360 obstantibus

268 3389 424 3496 possint
453 3386 753 3469 matrimonium
783 3381 945 3464 insimul
973 3381 1084 3462 licite
1099 3387 1356 3485 contrahere,
1385 3415 1431 3468 ac
1459 3388 1503 3467 in
1531 3401 1742 3467 contracto
1771 3382 1897 3466 libere
1939 3415 2075 3468 rema·

263 3525 361 3580 nere
390 3501 632 3578 auctoritate
661 3510 798 3579 nostra
829 3493 1064 3606 dispensare
1095 3524 1304 3603 procures,
1337 3513 1462 3608 prout
1497 3496 1716 3579 seeundum
1752 3497 1883 3578 Deum
1919 3497 2073 3580 videris

266 3608 468 3719 expedire.
497 3612 588 3690 Dat.
618 3610 745 3689 Rome
773 3601 884 3713 apud
930 3603 1125 3692 Sanctam
1163 3609 1331 3692 Mariam
1373 3609 1570 3720 Majorem
1610 3605 1744 3691 XIIII.
1785 3607 1961 3694 Kalend.
2001 3613 2075 3696 la·

263 3723 401 3837 uuarij
429 3723 549 3803 Anno
579 3716 779 3803 Secundo,
1098 3745 1102 3754 ·
1187 3749 1191 3754 ·

272 4267 443 4344 1010.
700 4331 706 4340 ,
941 4263 1096 4384 1209
1139 4226 1189 4335 d.
1233 4230 1266 4338 5
1316 4230 1429 4337 Jan.
1748 4223 2072 4340 Hwetlantla.

345 4457 499 4538 Bislropen
523 4453 532 4514 i
554 4448 744 4536 Liolriiping,
762 4449 873 4532 dlectig
894 4449 1013 4516 Basore
1034 4447 1113 4512 Brei
1135 4447 1182 4510 till
1210 4449 1381 4512 lnvdnarne
1402 4450 1412 4512 i
1434 4448 1588 4529 totttttga
1604 4449 1735 4515 soclnac
1761 4448 1772 4512 i
1798 4447 1971 4532 Njudingen
2005 4453 2073 4518 ocb

397 4537 501 4614 osrbo,
524 4535 630 4597 hvilln
653 4535 701 4596 so‘r
722 4535 804 4596 scelat
822 4534 935 4615 ctglag
957 4534 984 4614 ej
1008 4535 1125 4596 lunnat
1147 4531 1223 4594 i-tid
1245 4532 1394 4596 tranitem
1417 4533 1475 4596 den
1498 4533 1620 4616 Nydalo
1639 4534 1758 4597 kloster
1778 4534 1924 4617 anslagua
1937 4536 2074 4626 Bislops

398 4620 534 4702 tionden‚
556 4618 628 4682 med
647 4618 818 4702 befalin'mg
836 4629 887 4682 att
905 4618 947 4682 de
964 4619 1028 4680 deo
1045 4636 1168 4678 mmm:
1184 4615 1309 4698 inligen
1327 4618 1399 4680 ilice
1419 4615 1677 4703 Kyodelsmtssan
1698 4615 1839 4680 silemus.

1766 4726 1931 4786 maan

374 4871 627 4954 Bnnunxcrus
658 4863 723 4949 dei
746 4866 887 4977 gracia
917 4865 1160 4975 lincopensis
1182 4866 1402 4976 episcopus
1429 4861 1514 4947 dux
1552 4860 1744 4946 finlandie
1780 4864 2072 4957 Parrochianis

63 5094 67 5104 ,
174 5081 176 5086 ,
263 4987 452 5077 omnibus
489 4981 540 5064 de
578 4978 750 5062 alsidum
791 4975 1068 5081 mitrisbodom
1110 4975 1221 5070 sliri,
1264 4977 1494 5078 nesiobult.
1543 4975 1842 5059 Limandabult.
1883 4977 2071 5079 Minimo,

1812 5091 2007 5195 nevilsio,
