4317 5975
929 407 1229 508 *z-o6‘52
1342 449 1400 484 Β·

272 636 507 732 ‘decernet
534 644 793 726 directionem
823 619 1020 751 recipient
1061 655 1347 748 opportunam.
1405 633 1494 718 Hoc
1531 639 1651 720 etiam
1692 638 1734 720 iu
1763 639 1899 726 eisdem
1921 660 2033 742 nomin

212 836 216 842 ,
259 750 451 842 ¹Litteris
479 755 707 846 adiectovt
741 751 875 831 nullus
903 749 1189 831 inobedientiae
1232 768 1369 833 notam
1399 766 1439 830 et
1467 749 1684 832 Canonicae
1726 750 1881 837 ultionis
1905 765 2034 848 acrinu-

287 873 398 954 niam
426 871 553 951 vitare
579 865 831 960 desiderans,
859 859 1059 942 fallacium
1089 865 1392 945 excusationum
1422 860 1648 944 velamento
1677 889 1718 944 se
1749 865 1909 966 muniat,
1933 875 1982 954 vel
1999 905 2035 960 ex

287 978 584 1090 impedimentis
611 978 940 1084 itinerum,.quae
968 971 1134 1053 domino
1164 1002 1288 1082 praua
1318 976 1359 1054 in
1389 974 1561 1070 directa,
1590 975 1689 1053 etin
1711 975 1794 1052 vias
1818 977 2038 1094 planasaspe-

287 1121 332 1173 ra
359 1116 433 1171 sua
461 1088 754 1197 omnipotentia
784 1100 1055 1174 conuertens,
1084 1085 1301 1166 cessabunt
1346 1085 1500 1165 friuolae
1543 1083 1796 1191 allegationis
1840 1094 2039 1180 munimenta

285 1202 502 1308 conlingat,
533 1215 575 1280 vt
608 1214 743 1279 a'tam
772 1195 907 1276 Sancti
938 1196 1219 1302 prosecutione
1260 1199 1394 1304 operis
1422 1225 1464 1276 se
1509 1191 1726 1290 subducat,
1770 1195 1839 1278 sed
1866 1225 2039 1288 occurrant

283 1313 434 1421 singuli
462 1308 682 1415 voluntarii
709 1305 762 1388 ad
790 1306 832 1387 id
858 1303 971 1415 quod
999 1321 1040 1384 et
1068 1305 1217 1386 diuinae
1246 1309 1435 1416 congruit
1471 1306 1689 1403 voluntati,
1732 1325 1774 1387 et
1802 1301 1951 1394 salutem
1977 1323 2040 1399 aui·

285 1451 444 1515 murum
469 1451 516 1504 ac
546 1420 757 1500 utilitatem
782 1419 948 1525 respicit
975 1416 1239 1524 singulorum.
1269 1421 1466 1499 Caeterum
1495 1419 1590 1528 quia
1615 1419 1888 1525 multipliciter
1912 1426 2041 1534 expedit

284 1550 438 1616 uttam
468 1532 627 1614 celebre
655 1529 880 1610 Concilium
909 1544 978 1608 tua
1009 1544 1049 1607 et
1077 1527 1247 1608 aliorum
1277 1529 1579 1610 Catholicorum
1615 1530 1845 1638 Principum
1867 1533 2041 1620 decoretur

284 1646 520 1756 praesentia,
548 1664 592 1722 vt
618 1642 772 1722 salubri
799 1639 1036 1720 consilioet
1065 1639 1217 1719 auxilio
1246 1639 1458 1735 fulciatur,
1487 1640 1750 1721 Serenitatem
1771 1643 1928 1750 Regiam
1951 1675 2042 1755 roga·

233 1741 243 1772 ⁰
282 1786 373 1845 mus
399 1773 443 1836 ct
469 1755 679 1834 hortamur
708 1753 900 1833 attentius
929 1750 971 1828 in
1001 1753 1273 1831 recensionem
1302 1753 1377 1832 tihi
1398 1753 1682 1862 peccaminum
1711 1748 1933 1856 suadentes,
1969 1788 2042 1866 qua·

201 1890 205 1904 ’
283 1887 399 1959 tenus
427 1866 669 1974 praescriptis
698 1865 787 1943 loco
815 1878 857 1940 et
885 1861 1056 1940 termino
1086 1865 1126 1941 in
1156 1859 1294 1941 eodem
1324 1861 1509 1942 Concilio
1548 1879 1707 1968 captata
1736 1865 1892 1944 interim
1919 1867 1963 1947 ad
1986 1869 2043 1952 hoc

283 1970 590 2086 opportunitate
617 1973 778 2056 studeas
807 1972 1071 2080 personaliter
1099 1973 1308 2069 interesse,
1355 1975 1614 2054 meditatione
1660 1975 1830 2082 prouida
1862 1978 2044 2084 prudenter

282 2085 514 2184 attendens,
541 2086 653 2195 quod
683 2087 724 2165 in
756 2085 834 2166 hoc
863 2110 945 2164 nou
974 2083 1104 2162 solum
1142 2083 1258 2164 labor
1293 2082 1495 2194 quemad
1523 2102 1604 2164 tam
1639 2088 1781 2169 ¹saneti
1808 2103 1849 2165 et
1873 2089 1972 2176 utilis
1996 2120 2044 2172 ne·

213 2201 225 2211 ’
279 2199 384 2308 gotij
412 2200 706 2306 promotionem
734 2221 928 2289 assumes,
967 2191 1044 2272 tibi
1084 2193 1201 2274 cedet
1251 2196 1300 2277 ad
1344 2196 1551 2290 meritum,
1593 2222 1732 2275 verum
1761 2199 1882 2278 etiam
1907 2200 2043 2280 aliorun

280 2311 354 2420 qui
381 2308 433 2388 ad
468 2309 708 2388 veniendum
741 2306 792 2387 ad
823 2307 927 2385 idem
957 2303 1183 2386 Concilium
1213 2305 1408 2388 efficatius
1437 2324 1509 2386 tuo
1539 2303 1779 2389 inducentur
1807 2311 1996 2420 exemplo,
2016 2327 2045 2392 et

278 2419 541 2511 nilrilominus
569 2435 663 2501 rota
693 2435 761 2497 tua
791 2415 909 2496 nobis
937 2418 1087 2522 poteris
1116 2416 1347 2498 familiarius
1361 2421 1541 2528 aperire,
1575 2447 1664 2527 quae
1693 2419 1734 2498 in
1764 2422 1874 2502 omni
1902 2421 2044 2502 benene

246 2532 405 2628 ·›lentia
435 2530 605 2610 libenter
632 2527 683 2609 ad
711 2525 980 2610 exauditionis
1007 2528 1172 2632 gratiam
1195 2546 1394 2638 quantum
1422 2557 1514 2610 cum
1544 2531 1691 2609 Deoac
1712 2531 1896 2612 Ecclesiae
1925 2533 2044 2614 honore

142 2712 164 2746 ,-
280 2643 502 2750 poterimus
529 2639 795 2723 admittemus
824 2641 973 2718 Datum
1002 2638 1176 2720 Pictauis
1202 2639 1382 2722 secundo
1412 2637 1508 2720 Idus
1534 2643 1701 2750 Augusti
1724 2643 2044 2728 Pontificatusuo·

277 2751 661 2834 mmmm

238 3098 242 3103 ⁴
289 3035 459 3194 1593.
775 3039 780 3049 ’
898 3015 1057 3149 1308Ι
1095 3036 1143 3141 d.
1181 3038 1265 3149 '15
1317 3042 1441 3183 Aug.
1904 3041 2046 3147 Shara.

221 3240 226 3247 ’
360 3258 477 3340 Bishop'
495 3259 650 3319 Baracum
669 3256 679 3317 i
701 3254 800 3316 Siara
822 3259 906 3339 intyg
929 3278 980 3317 om
1004 3258 1217 3338 liirseljuingen
1240 3258 1276 3318 ol
1293 3257 1610 3342 Slara'Domlyrlas
1631 3261 1706 3339 gods
1727 3264 1735 3321 i
1758 3234 2046 3339 &tutassnnnnty

410 3342 472 3403 och
493 3357 666 3422 quarnerue
687 3342 697 3398 i
718 3338 850 3401 Ullerwi
883 3339 945 3401 och
974 3342 1136 3425 Brastcrp,
1168 3342 1328 3405 lavaremur
1360 3342 1457 3405 eudre
1491 3345 1566 3424 gods
1597 3346 1700 3406 blisrit
1733 3346 1862 3429 inlidptu
1883 3346 1939 3407 och
1960 3364 2043 3427 genam

409 3424 504 3505 laglig
526 3422 668 3503 skdtniug
689 3422 930 3504 Bislopsbordet
951 3423 1087 3503 tillagdo.

1824 3510 1897 3563 ΑΒ
1918 3528 1938 3561 e

385 3638 584 3721 Omnibus
612 3664 777 3746 presens
805 3640 998 3744 seriptum
1018 3640 1309 3737 cernentibus,
1346 3640 1387 3723 B.
1418 3640 1483 3724 dei
1513 3646 1644 3751 gracia
1674 3648 1872 3727 scarensis
1909 3645 2045 3752 Episco-

274 3775 373 3858 pus,
399 3748 577 3829 Salutem
613 3752 655 3829 iu
684 3748 849 3828 domino
878 3749 1179 3857 sempiternam,
1216 3752 1413 3831 Constare
1439 3758 1623 3836 volumus
1651 3758 1852 3837 uniuersis
1883 3784 1950 3865 per
1976 3780 2045 3862 pre·

272 3879 424 3957 sentes,
453 3891 528 3943 nos
557 3861 754 3967 recepisse
784 3888 860 3968 pro
889 3860 1007 3942 bonis
1035 3862 1199 3941 ecclesie
1228 3864 1342 3944 beate
1372 3864 1538 3973 virginis
1575 3873 1800 3975 scarisper
1832 3896 1905 3946 nos
1933 3864 2044 3945 vendi·

244 3974 342 4071 =tis,
371 3972 503 4081 primo
532 3972 696 4052 remoue
721 3972 1054 4072 *commutacionis
1083 3970 1186 4053 lactc
1215 3969 1264 4054 de
1293 3975 1484 4081 gutaulum
1512 4004 1602 4059 cum
1631 3978 1778 4059 illustri
1797 3980 1977 4087 principe
1989 3974 2045 4055 do·

268 4085 381 4181 minc
410 4109 559 4189 magno
586 4109 682 4189 rege
710 4080 879 4161 condam
906 4110 1107 4161 stveorum
1136 4080 1452 4193 quadringentas
1483 4092 1664 4171 marchas
1692 4089 1959 4185 denariorum,
1985 4114 2045 4195 pro

267 4196 378 4277 curia
408 4196 451 4274 in
476 4192 683 4301 synderby
712 4190 906 4271 ducentas
935 4192 1114 4276 marchas
1142 4194 1291 4285 denam,
1323 4223 1397 4305 pro
1427 4197 1660 4280 molendino
1689 4202 1729 4280 in
1759 4198 1933 4307 vllerwj.
1972 4188 2069 4278 ren'

269 4323 355 4399 tum
382 4304 526 4412 viginti
555 4304 739 4386 marchas
763 4300 923 4397 denam,
956 4304 1059 4383 Jtem
1104 4332 1179 4409 pro
1222 4306 1453 4388 molendino
1496 4310 1539 4389 in
1566 4310 1811 4419 hrazthorp,
1860 4310 2043 4417 sexaginta

266 4416 448 4512 marchas
476 4414 638 4508 denam,
663 4431 705 4495 et
733 4416 872 4494 cutum
903 4415 1171 4521 possessiones
1199 4415 1298 4495 alias
1326 4446 1404 4527 pro
1431 4447 1583 4502 summa
1614 4424 1783 4530 pecunie
1829 4436 2043 4511 memorata,

264 4552 369 4636 quas
394 4527 501 4608 dicte
529 4527 693 4607 ecclesie
720 4525 898 4637 scarensi
945 4552 1023 4603 vna
1066 4552 1160 4607 cum
1202 4524 1291 4634 alijs
1326 4530 1512 4615 omnibus
1555 4532 1875 4641 possessionibus
1920 4528 2042 4612 uostris

177 4718 184 4730 ,
265 4640 462 4745 empticijs
491 4638 722 4747 ubicunque
749 4636 858 4731 sitis,
885 4662 961 4739 pro
1004 4664 1137 4717 mensa
1170 4640 1389 4753 episcopali
1419 4669 1492 4748 per
1520 4650 1788 4748 scotaciouem
1829 4644 2040 4752 legittimam

264 4746 431 4831 humus
464 4751 679 4856 assignari,
720 4745 933 4831 Testamur
959 4747 1086 4827 eciam
1115 4764 1156 4827 et
1185 4743 1371 4831 volumus
1398 4755 1586 4835 omnibus
1629 4752 1839 4837 euidenter
1882 4755 2041 4842 elucere,

263 4887 403 4941 omnes
430 4862 702 4983 possessiones
726 4886 830 4971 quas
857 4852 1097 4955 emeramus,
1137 4856 1191 4939 dc
1224 4857 1776 4969 bonisecelesiejscar'ensis
1804 4884 1847 4951 et
1875 4893 1956 4950 uon
1979 4859 2038 4943 ali·

123 4976 129 4984 '
262 4971 375 5055 uude
400 4958 649 5083 conquisitas
677 4988 717 5077 ct
745 4986 900 5084 emptas
927 4996 1033 5083 esse,
1061 4970 1123 5052 Ne
1149 4967 1423 5091 lestussum?
1451 4963 1662 5086 preruissis'
1679 4974 1815 5090 aliqua
1859 4977 1979 5089 possit
2001 4972 2036 5052 iu
