4317 5975
740 366 747 387 “
992 425 1050 447 -
1160 382 1242 469 aso
1320 312 1411 445 ¹-

187 642 195 652 ·
255 644 258 650 ·
298 624 385 689 tare
413 606 854 708 institutusbonorum
884 602 1162 715 predictorum
1191 605 1266 713 ipsi
1295 603 1412 685 altari
1452 598 1712 683 attinenciuiu
1741 598 1894 710 plenam
1920 585 2046 693 et'liha

257 741 259 744 ·
297 718 580 800 ram-habebit
608 718 911 801 ordinacionem
939 716 1017 797 sub
1045 742 1202 797 summo
1232 717 1451 825 preposito.
1501 716 1566 794 Jta
1595 728 1728 793 tanmn
1757 712 1866 823 quud
1896 712 2047 802 debonis

298 828 583 925 inmobilibus,
611 829 796 938 edificijs,
825 856 895 909 seu
924 828 1247 909 estimaciouihus
1280 828 1435 936 absque
1467 824 1628 906 Domini
1656 822 1936 935 archiepiscopi
1967 831 2048 911 Lan.

297 939 434 1021 eleusis
460 958 502 1023 et
529 968 695 1023 suorum
722 966 997 1021 successorum
1033 940 1276 1021 auctoritate
1321 937 1442 1019 nichil
1472 937 1670 1031 alienent,
1699 937 1858 1045 penitus
1882 965 1948 1019 nec
1965 970 2048 1023 cuu-

298 1068 456 1144 mutent
486 1054 568 1157 Qui
595 1050 782 1133 sacerdos
824 1050 968 1134 diebus
1009 1050 1192 1163 singulis
1219 1050 1423 1131 celebrare
1465 1047 1585 1131 debet
1606 1049 1660 1148 in·
1685 1048 1797 1129 dicto
1841 1048 1947 1133 altari
1971 1054 2049 1134 salua

298 1165 510 1243 honestate
539 1161 674 1245 debita
704 1161 889 1245 videlicet
917 1164 961 1243 iu
988 1164 1172 1273 qualibet
1201 1163 1421 1243 Dominica.
1450 1162 1510 1241 De
1538 1176 1676 1241 sancta
1699 1160 1885 1255 trinitate,
1911 1167 2050 1271 excepti

167 1285 170 1292 “
299 1274 455 1356 diebus.
485 1274 640 1355 Natalis
669 1274 833 1355 domini.
864 1274 1026 1356 Pasche.
1056 1278 1321 1355 Pentecostes.
1352 1289 1392 1353 et
1419 1270 1723 1353 Festiuitatibus
1739 1270 1851 1350 beate
1877 1270 2050 1355 blericur-

180 1452 186 1460 .
299 1387 416 1495 ginis.
454 1388 646 1467 Omnium
676 1402 918 1467 sanctorum.
946 1390 1125 1465 omniurn
1154 1386 1452 1491 apostolorum,
1481 1412 1556 1467 nec
1585 1410 1679 1463 non.
1709 1382 1850 1462 111120r
1875 1384 2050 1467 Doctorum

300 1500 511 1577 beatorum
541 1498 742 1606 Gregorii.
771 1496 995 1603 Ambrosij..
1017 1498 1249 1603 Augustini.¹
1275 1516 1316 1579 et
1343 1496 1536 1597 leronimi
1564 1508 1606 1574 et
1636 1494 1740 1575 beati
1766 1494 1964 1602 Laurencij
1980 1524 2052 1577 uar-

299 1610 400 1689 ti'ris.
429 1609 625 1711 Qualibet
653 1612 778 1690 eciam
808 1607 984 1688 secunda
1015 1608 1109 1687 feria
1132 1608 1289 1711 Quarta
1318 1623 1359 1686 et
1387 1606 1508 1688 Sexta
1538 1603 1635 1695 feria
1673 1632 1749 1715 pro
1778 1602 1962 1687 defunctis
1983 1604 2052 1689 Ter·

299 1723 360 1800 cia
392 1719 488 1799 feria
520 1718 571 1800 de
601 1737 739 1801 sancto
769 1718 929 1809 Andrea
973 1718 1160 1828 apostolo
1203 1721 1356 1823 Quinta
1386 1718 1484 1799 feria
1514 1714 1564 1797 de
1592 1734 1734 1797 sancto
1776 1716 2054 1813 Laurentio',et

300 1830 486 1942 ‹ptiolibct
514 1832 692 1912 Sabbato
721 1834 782 1910 De
811 1831 926 1911 beata
956 1831 1080 1911 Maria
1111 1830 1279 1939 virgine.
1337 1832 1506 1912 Prouiso
1548 1826 1661 1937 quud
1691 1829 1730 1907 in
1761 1827 1940 1909 omnibus
1964 1830 2054 1908 missis

300 1944 491 2043 memoria
537 1942 642 2023 beati
685 1942 854 2050 Nicolaj.
900 1941 1190 2051 beatarumque
1233 1942 1357 2023 Maris
1396 1938 1629 2049 magdalene
1658 1941 1851 2021 Katerine
1877 1939 2054 2049 et‘blarga·

302 2070 389 2133 rete
418 2055 632 2159 virginum.
662 2055 832 2134 uicissim
862 2053 1072 2134 habeatur.
1109 2056 1284 2161 insuper
1326 2055 1520 2161 quociens
1548 2053 1589 2132 in
1619 2078 1697 2131 vua
1727 2051 1939 2159 septimana
1963 2048 2055 2131 dictu

303 2169 441 2245 uiissas
469 2164 672 2246 celebrare
700 2166 879 2247 omiserit
908 2164 978 2243 has
1007 2168 1048 2245 in
1080 2166 1287 2273 sequenti,
1316 2192 1384 2245 seta
1414 2164 1677 2273 sequentibus
1707 2164 1933 2271 septimanis
1958 2164 2055 2269 proxi·

291 2279 377 2356 'mis'
404 2302 477 2385 per
506 2303 547 2353 se
575 2276 637 2355 vel
669 2276 807 2371 aliurn,
851 2302 922 2355 seu
959 2276 1059 2354 alins
1102 2276 1292 2385 supplere
1327 2302 1406 2354 nou
1451 2276 1624 2356 omittat.
1666 2276 1739 2354 'Et
1768 2276 1801 2353 si
1830 2269 2057 2381 corporisdc·

301 2387 458 2469 bilitate
487 2386 550 2467 vel
580 2388 655 2467 alia
684 2416 803 2468 causa
832 2386 1069 2467 racionabili
1100 2386 1223 2467 fucrit
1252 2384 1498 2495 prepeditus.
1549 2388 1684 2467 Alium
1714 2384 1806 2467 loco
1835 2384 1893 2491 snj
1920 2384 1963 2463 ad
1987 2384 2056 2461 cele·

301 2496 504 2585 beandum
536 2498 668 2578 medio
696 2515 879 2607 tempore
907 2498 1137 2579 substituet.
1186 2496 1379 2579 Sacerdos
1407 2502 1529 2579 eciam
1560 2497 1608 2577 nd
1639 2496 1744 2609 jdcm
1784 2496 1905 2576 altare
1933 2493 2055 2603 deputa·

303 2630 369 2691 tus
397 2612 439 2688 in
468 2609 594 2689 choro
624 2610 779 2689 boreali
812 2612 918 2703 inter
946 2612 1162 2690 canonicos
1191 2600 1231 2689 et
1261 2610 1431 2689 vicarios
1471 2611 1631 2689 stallum
1675 2608 1820 2688 habeat
1849 2604 2054 2715 quemadmo-

163 2762 194 2779 υ
251 2760 254 2765 ·
304 2720 397 2799 dum
429 2721 602 2800 vicarius
629 2716 767 2800 altari's
796 2736 932 2799 sancte
961 2722 1085 2801 Marie
1115 2722 1294 2827 virginis,
1332 2718 1476 2803 ibidem
1509 2723 1547 2800 in
1565 2722 1690 2800 choro
1708 2718 1882 2800 australi.
1909 2735 1945 2797 et
1968 2718 2055 2796 hon·

304 2849 365 2912 ste
393 2831 562 2911 chorum
586 2830 746 2938 ingredj
775 2830 897 2911 debet
924 2832 1001 2912 sub
1031 2860 1159 2940 cappa
1189 2832 1513 2941 superpellicium
1558 2830 1710 2911 habens
1753 2858 1864 2914 more
1890 2828 2054 2913 canonico·

281 2972 394 3024 ·rum
422 2957 464 3022 et
491 2946 658 3024 chorum
687 2943 947 3054 frequentare
976 2942 1097 3025 dehet
1125 2945 1165 3024 in
1196 2944 1383 3025 omnihus
1425 2942 1790 3050 sollempnitatibus
1832 2944 1953 3026 tocius
1981 2938 2053 3020 anni.

304 3056 381 3136 Sed
412 3051 569 3137 missam
599 3052 750 3136 ibidem
778 3054 910 3136 dicere
939 3055 1161 3136 nullatinus
1199 3071 1393 3136 teneatur.
1448 3056 1598 3137 Horam
1629 3058 1753 3135 eciam
1784 3055 1923 3137 habeat
1948 3065 2055 3132 errtau

227 3254 230 3261 ,
303 3165 486 3277 qualibet
514 3166 580 3247 die
609 3169 766 3246 missam
795 3166 1029 3262 inchoandi,
1058 3169 1172 3246 saluo
1201 3165 1289 3273 jure
1318 3167 1496 3274 capituli.
1525 3167 1737 3246 scilicetvt
1765 3166 1874 3245 fruita
1892 3165 1990 3242 missa
2010 3159 2056 3238 ll·

305 3279 403 3355 taris
432 3276 548 3358 beate
576 3279 742 3384 virginis
786 3281 896 3358 iuxta
944 3278 1111 3358 chorum
1158 3278 1319 3358 inchoet
1358 3279 1511 3358 missam
1554 3306 1664 3358 suam
1709 3279 1771 3357 De
1800 3278 1938 3374 erinnis
1962 3287 2053 3354 auten

304 3388 543 3483 Fructibus,
571 3390 655 3467 siue
685 3388 952 3496 prouentibus
981 3389 1111 3470 eidem
1140 3389 1255 3468 altari
1294 3391 1487 3497 appositis
1516 3389 1652 3468 taliter
1681 3385 1970 3468 ordinacionem
1993 3407 2055 3492 pre

209 3543 217 3550 ·
306 3496 394 3580 uidi
423 3515 466 3586 vt
494 3527 545 3577 ex
578 3502 634 3580 eis
678 3503 859 3608 quinque
887 3500 1047 3580 marche
1078 3499 1214 3580 denar.
1259 3489 1367 3580 airino
1400 3499 1594 3612 ‚quolibet
1638 3497 1889 3580 deducentur
1916 3501 1952 3578 in
1979 3519 2055 3572 rsuu

305 3608 563 3692 oblacionum
594 3626 634 3690 et
663 3609 970 3689 elemosinarum
1000 3611 1259 3718 largicionem
1291 3613 1409 3718 plene
1435 3629 1475 3692 et
1504 3609 1673 3692 fideliter
1688 3611 1767 3692 hoc
1798 3607 1915 3690 modo
1939 3607 2056 3712 dispen-

176 3791 181 3802 .
243 3760 246 3767 ¹
306 3717 409 3800 saud
438 3780 448 3800 .
476 3782 484 3799 .
517 3783 526 3800 .
555 3722 598 3798 in
628 3719 1132 3804 dieanniuersarioobitus
1149 3722 1228 3830 mej
1245 3719 1471 3804 deduabus
1498 3723 1669 3804 marchis
1697 3739 1738 3802 et
1767 3719 1927 3802 dimidia·
1950 3716 2056 3812 dentur

74 3845 78 3854 '
201 3909 207 3914 .
306 3833 511 3911 canonicis
540 3832 611 3942 qui
642 3832 787 3940 vigilijs
815 3850 856 3914 et
887 3834 999 3912 misse
1034 3833 1290 3915 interfuerint
1319 3834 1479 3914 marcha
1511 3835 1665 3928 denam,
1695 3851 1736 3913 et
1764 3831 1925 3914 cuilibet
1950 3822 2056 3906 tricario

241 3982 245 3994 ·
306 3943 468 4051 vigillijs
501 3961 540 4023 et
569 3943 684 4022 misse
714 3941 905 4051 predictis
936 3947 1110 4052 presenti
1139 3946 1321 4056 quinque
1349 3944 1503 4026 denarii
1532 3943 1584 4024 ad
1613 3944 1821 4026 offerenda
1837 3946 1951 4024 eciam
1976 3933 2057 4016 diui·

305 4054 372 4134 dia
402 4054 559 4134 marcha
589 4053 798 4135 Fratribus
827 4051 1152 4163 predicatoribus
1180 4054 1320 4138 eodem
1349 4054 1414 4138 die
1443 4055 1493 4137 ad
1523 4058 1651 4164 pisces
1693 4086 1772 4137 vna
1802 4083 1871 4142 ora
1898 4054 2057 4138 denatat

301 4164 546 4245 tantundem
575 4165 783 4245 Fratribus
812 4167 1048 4248 minoribus.
1097 4165 1238 4277 Siquid
1266 4196 1365 4250 vero
1392 4169 1640 4274 superfuerit
1670 4167 1914 4278 pauperibus
1938 4155 2058 4243 seclari·

288 4277 384 4358 'bus
415 4294 616 4384 erogetur.
648 4279 708 4355 De
735 4276 918 4386 Reliquis
946 4295 1078 4358 autem
1117 4277 1278 4360 duabus
1319 4279 1492 4360 marchis
1520 4295 1560 4359 et
1589 4279 1754 4360 dimidia
1798 4275 1954 4386 siugulis
1978 4266 2057 4354 aurit

249 4452 254 4460 .
305 4388 373 4469 die
402 4389 584 4497 proxima
616 4403 707 4496 post
735 4390 1054 4469 anniuersarium
1086 4418 1236 4487 meum,
1266 4392 1343 4471 nisi
1372 4389 1495 4474 fuerit
1524 4393 1731 4472 Dominica
1762 4390 1824 4472 vel
1857 4389 1927 4468 alia
1954 4379 2055 4462 festiue

164 4494 170 4514 '
305 4499 411 4595 dies„
438 4527 489 4578 ex
517 4527 597 4608 qua
627 4501 838 4580 occasione
866 4501 909 4578 in
942 4519 1173 4610 sequentem
1210 4503 1346 4583 feriam
1375 4501 1587 4582 differatur
1628 4487 1938 4583 anniuersarium
1970 4486 2057 4611 pettit

237 4623 245 4639 “
307 4609 398 4716 mej.
425 4611 561 4690 matris
588 4611 724 4690 fratris
753 4627 965 4719 parentum
995 4627 1036 4692 et
1070 4610 1323 4694 familiarium
1368 4641 1545 4694 meorum
1577 4611 1628 4693 ad
1671 4641 1868 4694 summum
1895 4609 2056 4690 straten

243 4777 246 4783 .
307 4721 435 4820 choro
461 4720 736 4828 sollempniter
764 4750 856 4802 cum
886 4721 1035 4830 vigilijs
1057 4740 1099 4803 et
1114 4725 1228 4804 missa
1245 4726 1373 4808 teneri
1402 4724 1596 4834 coustituj
1611 4744 1650 4807 et
1665 4744 1861 4836 quantum
1887 4717 1932 4800 ad
1956 4729 2056 4798 suaet

307 4828 616 4914 distribuciones
645 4833 739 4913 volo
771 4832 954 4915 similiter
988 4832 1232 4945 dispensari,
1275 4839 1378 4918 sieut
1409 4837 1448 4916 in
1478 4835 1542 4920 die
1571 4837 1835 4945 auriiuersarij
1861 4829 1933 5021 mep’
1967 4841 2056 4955 suprt

1200 4959 1202 4966 ’
1678 4973 1681 4976 ·
1930 4965 1978 5020 eu
