<?xml version="1.0" encoding="UTF-8"?>
<!DOCTYPE html PUBLIC "-//W3C//DTD XHTML 1.0 Transitional//EN"
    "http://www.w3.org/TR/xhtml1/DTD/xhtml1-transitional.dtd">
<html xmlns="http://www.w3.org/1999/xhtml" xml:lang="en" lang="en">
 <head>
  <title>
</title>
<meta http-equiv="Content-Type" content="text/html;charset=utf-8" />
  <meta name='ocr-system' content='tesseract 3.04.00' />
  <meta name='ocr-capabilities' content='ocr_page ocr_carea ocr_par ocr_line ocrx_word'/>
</head>
<body>
  <div class='ocr_page' id='page_1' title='image "./svensktdiplomat01swegoog_0737.png"; bbox 0 0 4317 5975; ppageno 0'>
   <div class='ocr_carea' id='block_1_1' title="bbox 274 379 2044 1163">
    <p class='ocr_par' dir='ltr' id='par_1_1' title="bbox 274 379 2044 1163">
     <span class='ocr_line' id='line_1_1' title="bbox 964 379 1383 466; baseline -0.005 -18"><span class='ocrx_word' id='word_1_1' title='bbox 964 427 1018 448; x_wconf 92' lang='grc'><strong>...</strong></span> <span class='ocrx_word' id='word_1_2' title='bbox 1132 379 1213 466; x_wconf 72' lang='lat'><strong>550</strong></span> <span class='ocrx_word' id='word_1_3' title='bbox 1323 421 1383 446; x_wconf 66' lang='lat'><strong>..-</strong></span> 
     </span>
     <span class='ocr_line' id='line_1_2' title="bbox 277 597 2039 722; baseline -0.001 -29"><span class='ocrx_word' id='word_1_4' title='bbox 277 638 371 704; x_wconf 88' lang='lat' dir='ltr'><strong>nem</strong></span> <span class='ocrx_word' id='word_1_5' title='bbox 398 607 543 722; x_wconf 92' lang='lat' dir='ltr'><strong>populi</strong></span> <span class='ocrx_word' id='word_1_6' title='bbox 569 606 788 690; x_wconf 77' lang='lat' dir='ltr'><strong>christiani.</strong></span> <span class='ocrx_word' id='word_1_7' title='bbox 817 607 924 709; x_wconf 86' lang='lat' dir='ltr'><strong>Quia</strong></span> <span class='ocrx_word' id='word_1_8' title='bbox 952 630 1052 686; x_wconf 84' lang='lat' dir='ltr'><strong>uero</strong></span> <span class='ocrx_word' id='word_1_9' title='bbox 1081 605 1311 714; x_wconf 76' lang='lat' dir='ltr'><strong>prosecutio</strong></span> <span class='ocrx_word' id='word_1_10' title='bbox 1339 606 1441 688; x_wconf 85' lang='lat' dir='ltr'><strong>tanti</strong></span> <span class='ocrx_word' id='word_1_11' title='bbox 1503 603 1673 712; x_wconf 80' lang='lat' dir='ltr'><strong>copositi</strong></span> <span class='ocrx_word' id='word_1_12' title='bbox 1701 597 1879 712; x_wconf 80' lang='lat' dir='ltr'><strong>tempusa</strong></span> <span class='ocrx_word' id='word_1_13' title='bbox 1904 608 2039 721; x_wconf 75' lang='lat' dir='ltr'><strong>indiget,</strong></span> 
     </span>
     <span class='ocr_line' id='line_1_3' title="bbox 277 629 2041 815; baseline 0.001 -8"><span class='ocrx_word' id='word_1_14' title='bbox 277 740 325 807; x_wconf 90' lang='lat' dir='ltr'><strong>ut</strong></span> <span class='ocrx_word' id='word_1_15' title='bbox 352 721 573 804; x_wconf 90' lang='lat' dir='ltr'><strong>deductum</strong></span> <span class='ocrx_word' id='word_1_16' title='bbox 592 718 815 815; x_wconf 81' lang='lat' dir='ltr'><strong>maturius,</strong></span> <span class='ocrx_word' id='word_1_17' title='bbox 845 715 1002 798; x_wconf 74' lang='lat' dir='ltr'><strong>lucilius</strong></span> <span class='ocrx_word' id='word_1_18' title='bbox 1029 732 1196 798; x_wconf 84' lang='lat' dir='ltr'><strong>auctore</strong></span> <span class='ocrx_word' id='word_1_19' title='bbox 1233 715 1399 797; x_wconf 88' lang='lat' dir='ltr'><strong>domiuo</strong></span> <span class='ocrx_word' id='word_1_20' title='bbox 1441 629 1628 796; x_wconf 75' lang='lat' dir='ltr'><strong>ellectum</strong></span> <span class='ocrx_word' id='word_1_21' title='bbox 1677 712 1859 798; x_wconf 87' lang='lat' dir='ltr'><strong>debitum</strong></span> <span class='ocrx_word' id='word_1_22' title='bbox 1884 723 2041 808; x_wconf 85' lang='lat' dir='ltr'><strong>sortiatur</strong></span> 
     </span>
     <span class='ocr_line' id='line_1_4' title="bbox 274 824 2043 947; baseline 0 -31"><span class='ocrx_word' id='word_1_23' title='bbox 274 831 507 947; x_wconf 90' lang='lat' dir='ltr'><strong>predictum</strong></span> <span class='ocrx_word' id='word_1_24' title='bbox 538 848 697 940; x_wconf 89' lang='lat' dir='ltr'><strong>tempus</strong></span> <span class='ocrx_word' id='word_1_25' title='bbox 724 829 774 911; x_wconf 89' lang='lat' dir='ltr'><strong>ad</strong></span> <span class='ocrx_word' id='word_1_26' title='bbox 804 826 845 909; x_wconf 94' lang='lat' dir='ltr'><strong>id</strong></span> <span class='ocrx_word' id='word_1_27' title='bbox 873 825 1062 913; x_wconf 79' lang='lat' dir='ltr'><strong>duximus</strong></span> <span class='ocrx_word' id='word_1_28' title='bbox 1089 825 1140 910; x_wconf 91' lang='lat' dir='ltr'><strong>de</strong></span> <span class='ocrx_word' id='word_1_29' title='bbox 1200 825 1380 910; x_wconf 89' lang='lat' dir='ltr'><strong>tandum.</strong></span> <span class='ocrx_word' id='word_1_30' title='bbox 1415 826 1618 932; x_wconf 76' lang='lat' dir='ltr'><strong>Quocirca</strong></span> <span class='ocrx_word' id='word_1_31' title='bbox 1639 824 1690 940; x_wconf 73' lang='lat'><strong>⁴⁸)</strong></span> <span class='ocrx_word' id='word_1_32' title='bbox 1718 829 1956 911; x_wconf 74' lang='lat' dir='ltr'><strong>uniuersitati</strong></span> <span class='ocrx_word' id='word_1_33' title='bbox 1989 863 2043 918; x_wconf 86' lang='lat' dir='ltr'><strong>ua·</strong></span> 
     </span>
     <span class='ocr_line' id='line_1_5' title="bbox 277 855 2044 1052; baseline -0.001 -23"><span class='ocrx_word' id='word_1_34' title='bbox 277 965 361 1029; x_wconf 87' lang='lat' dir='ltr'><strong>stre</strong></span> <span class='ocrx_word' id='word_1_35' title='bbox 390 972 464 1052; x_wconf 85' lang='lat' dir='ltr'><strong>per</strong></span> <span class='ocrx_word' id='word_1_36' title='bbox 490 942 710 1051; x_wconf 88' lang='lat' dir='ltr'><strong>apostoliea</strong></span> <span class='ocrx_word' id='word_1_37' title='bbox 739 943 888 1048; x_wconf 88' lang='lat' dir='ltr'><strong>scripta</strong></span> <span class='ocrx_word' id='word_1_38' title='bbox 920 855 1197 1048; x_wconf 63' lang='lat' dir='ltr'><strong>precipiendii²</strong></span> <span class='ocrx_word' id='word_1_39' title='bbox 1217 936 1452 1020; x_wconf 82' lang='lat' dir='ltr'><strong>mandamus</strong></span> <span class='ocrx_word' id='word_1_40' title='bbox 1494 939 1688 1050; x_wconf 77' lang='lat' dir='ltr'><strong>quatinus</strong></span> <span class='ocrx_word' id='word_1_41' title='bbox 1727 965 1802 1020; x_wconf 92' lang='lat' dir='ltr'><strong>uos</strong></span> <span class='ocrx_word' id='word_1_42' title='bbox 1830 940 1961 1024; x_wconf 82' lang='lat' dir='ltr'><strong>iratres</strong></span> <span class='ocrx_word' id='word_1_43' title='bbox 1984 948 2044 1028; x_wconf 80' lang='lat' dir='ltr'><strong>Ar·</strong></span> 
     </span>
     <span class='ocr_line' id='line_1_6' title="bbox 279 1050 2043 1163; baseline -0.001 -23"><span class='ocrx_word' id='word_1_44' title='bbox 279 1057 533 1163; x_wconf 87' lang='lat' dir='ltr'><strong>chlepiscope</strong></span> <span class='ocrx_word' id='word_1_45' title='bbox 563 1114 611 1134; x_wconf 90' lang='lat'><strong>..</strong></span> <span class='ocrx_word' id='word_1_46' title='bbox 656 1051 926 1134; x_wconf 88' lang='lat' dir='ltr'><strong>Strauinensis</strong></span> <span class='ocrx_word' id='word_1_47' title='bbox 952 1067 1012 1130; x_wconf 78' lang='lat' dir='ltr'><strong>&#39;et</strong></span> <span class='ocrx_word' id='word_1_48' title='bbox 1048 1107 1059 1130; x_wconf 87' lang='grc'><strong>.</strong></span> <span class='ocrx_word' id='word_1_49' title='bbox 1097 1111 1106 1131; x_wconf 94' lang='grc'><strong>.</strong></span> <span class='ocrx_word' id='word_1_50' title='bbox 1144 1051 1407 1160; x_wconf 82' lang='lat' dir='ltr'><strong>Auguriensis</strong></span> <span class='ocrx_word' id='word_1_51' title='bbox 1452 1051 1644 1161; x_wconf 86' lang='lat' dir='ltr'><strong>Episcopi</strong></span> <span class='ocrx_word' id='word_1_52' title='bbox 1689 1050 1854 1160; x_wconf 89' lang='lat' dir='ltr'><strong>reliquis</strong></span> <span class='ocrx_word' id='word_1_53' title='bbox 1894 1069 2043 1138; x_wconf 86' lang='lat' dir='ltr'><strong>uestrum</strong></span> 
     </span>
    </p>
   </div>
   <div class='ocr_carea' id='block_1_2' title="bbox 277 1162 2047 1386">
    <p class='ocr_par' dir='ltr' id='par_1_2' title="bbox 277 1162 2047 1386">
     <span class='ocr_line' id='line_1_7' title="bbox 277 1162 2046 1278; baseline 0.001 -30"><span class='ocrx_word' id='word_1_54' title='bbox 277 1167 574 1278; x_wconf 87' lang='lat' dir='ltr'><strong>Episcoporum</strong></span> <span class='ocrx_word' id='word_1_55' title='bbox 604 1165 645 1245; x_wconf 90' lang='lat' dir='ltr'><strong>iu</strong></span> <span class='ocrx_word' id='word_1_56' title='bbox 674 1181 808 1243; x_wconf 88' lang='lat' dir='ltr'><strong>uestra</strong></span> <span class='ocrx_word' id='word_1_57' title='bbox 838 1163 1052 1244; x_wconf 88' lang='lat' dir='ltr'><strong>Prouincia</strong></span> <span class='ocrx_word' id='word_1_58' title='bbox 1081 1164 1381 1244; x_wconf 77' lang='lat' dir='ltr'><strong>remanentibus</strong></span> <span class='ocrx_word' id='word_1_59' title='bbox 1411 1162 1614 1272; x_wconf 88' lang='lat' dir='ltr'><strong>adeaque</strong></span> <span class='ocrx_word' id='word_1_60' title='bbox 1641 1163 1873 1244; x_wconf 88' lang='lat' dir='ltr'><strong>Pontilicale</strong></span> <span class='ocrx_word' id='word_1_61' title='bbox 1898 1163 2046 1250; x_wconf 85' lang='lat' dir='ltr'><strong>olticiuu</strong></span> 
     </span>
     <span class='ocr_line' id='line_1_8' title="bbox 278 1271 2047 1386; baseline -0.002 -25"><span class='ocrx_word' id='word_1_62' title='bbox 278 1281 450 1386; x_wconf 82' lang='lat' dir='ltr'><strong>exigunt</strong></span> <span class='ocrx_word' id='word_1_63' title='bbox 476 1292 555 1356; x_wconf 87' lang='lat' dir='ltr'><strong>tam</strong></span> <span class='ocrx_word' id='word_1_64' title='bbox 586 1275 626 1354; x_wconf 93' lang='lat' dir='ltr'><strong>in</strong></span> <span class='ocrx_word' id='word_1_65' title='bbox 658 1276 801 1356; x_wconf 85' lang='lat' dir='ltr'><strong>uestris</strong></span> <span class='ocrx_word' id='word_1_66' title='bbox 828 1303 950 1384; x_wconf 91' lang='lat' dir='ltr'><strong>quam</strong></span> <span class='ocrx_word' id='word_1_67' title='bbox 979 1273 1140 1353; x_wconf 88' lang='lat' dir='ltr'><strong>illorum</strong></span> <span class='ocrx_word' id='word_1_68' title='bbox 1171 1273 1278 1354; x_wconf 92' lang='lat' dir='ltr'><strong>dicte</strong></span> <span class='ocrx_word' id='word_1_69' title='bbox 1307 1275 1518 1354; x_wconf 87' lang='lat' dir='ltr'><strong>Prouincie</strong></span> <span class='ocrx_word' id='word_1_70' title='bbox 1546 1283 1620 1384; x_wconf 89' lang='lat' dir='ltr'><strong>qui</strong></span> <span class='ocrx_word' id='word_1_71' title='bbox 1641 1271 1692 1354; x_wconf 90' lang='lat' dir='ltr'><strong>ad</strong></span> <span class='ocrx_word' id='word_1_72' title='bbox 1715 1273 1935 1355; x_wconf 88' lang='lat' dir='ltr'><strong>huiusmodi</strong></span> <span class='ocrx_word' id='word_1_73' title='bbox 1961 1277 2047 1358; x_wconf 89' lang='lat' dir='ltr'><strong>Cou-</strong></span> 
     </span>
    </p>
   </div>
   <div class='ocr_carea' id='block_1_3' title="bbox 176 1383 2048 1495">
    <p class='ocr_par' dir='ltr' id='par_1_3' title="bbox 176 1383 2048 1495">
     <span class='ocr_line' id='line_1_9' title="bbox 176 1383 2048 1495; baseline -0.002 -23"><span class='ocrx_word' id='word_1_74' title='bbox 176 1465 181 1471; x_wconf 85' lang='lat'><em>.</em></span> <span class='ocrx_word' id='word_1_75' title='bbox 279 1390 416 1472; x_wconf 92' lang='lat' dir='ltr'><strong>cilium</strong></span> <span class='ocrx_word' id='word_1_76' title='bbox 446 1385 936 1476; x_wconf 77' lang='lat' dir='ltr'><strong>uniuersaleaccesserint</strong></span> <span class='ocrx_word' id='word_1_77' title='bbox 966 1383 1210 1466; x_wconf 87' lang='lat' dir='ltr'><strong>Ciuitatibus</strong></span> <span class='ocrx_word' id='word_1_78' title='bbox 1239 1401 1280 1466; x_wconf 87' lang='lat' dir='ltr'><strong>ct</strong></span> <span class='ocrx_word' id='word_1_79' title='bbox 1308 1384 1534 1467; x_wconf 90' lang='lat' dir='ltr'><strong>diocesibus</strong></span> <span class='ocrx_word' id='word_1_80' title='bbox 1563 1384 1784 1467; x_wconf 85' lang='lat' dir='ltr'><strong>exercenda</strong></span> <span class='ocrx_word' id='word_1_81' title='bbox 1814 1387 1920 1467; x_wconf 89' lang='lat' dir='ltr'><strong>omni</strong></span> <span class='ocrx_word' id='word_1_82' title='bbox 1947 1389 2048 1495; x_wconf 87' lang='lat' dir='ltr'><strong>negli-</strong></span> 
     </span>
    </p>
   </div>
   <div class='ocr_carea' id='block_1_4' title="bbox 278 1495 2051 1829">
    <p class='ocr_par' dir='ltr' id='par_1_4' title="bbox 278 1495 2051 1829">
     <span class='ocr_line' id='line_1_10' title="bbox 280 1495 2050 1611; baseline 0 -31"><span class='ocrx_word' id='word_1_83' title='bbox 280 1500 415 1611; x_wconf 87' lang='lat' dir='ltr'><strong>gentia</strong></span> <span class='ocrx_word' id='word_1_84' title='bbox 444 1498 620 1608; x_wconf 84' lang='lat' dir='ltr'><strong>relegata</strong></span> <span class='ocrx_word' id='word_1_85' title='bbox 649 1500 805 1579; x_wconf 91' lang='lat' dir='ltr'><strong>cunctis</strong></span> <span class='ocrx_word' id='word_1_86' title='bbox 835 1511 957 1606; x_wconf 90' lang='lat' dir='ltr'><strong>prout</strong></span> <span class='ocrx_word' id='word_1_87' title='bbox 985 1495 1077 1579; x_wconf 89' lang='lat' dir='ltr'><strong>talis</strong></span> <span class='ocrx_word' id='word_1_88' title='bbox 1110 1513 1151 1576; x_wconf 88' lang='lat' dir='ltr'><strong>et</strong></span> <span class='ocrx_word' id='word_1_89' title='bbox 1178 1495 1282 1576; x_wconf 90' lang='lat' dir='ltr'><strong>tanti</strong></span> <span class='ocrx_word' id='word_1_90' title='bbox 1311 1496 1461 1605; x_wconf 87' lang='lat' dir='ltr'><strong>negotij</strong></span> <span class='ocrx_word' id='word_1_91' title='bbox 1483 1495 1658 1608; x_wconf 90' lang='lat' dir='ltr'><strong>qualitas</strong></span> <span class='ocrx_word' id='word_1_92' title='bbox 1671 1496 1796 1605; x_wconf 76' lang='lat' dir='ltr'><strong>exigit</strong></span> <span class='ocrx_word' id='word_1_93' title='bbox 1812 1495 1999 1606; x_wconf 88' lang='lat' dir='ltr'><strong>dispositis</strong></span> <span class='ocrx_word' id='word_1_94' title='bbox 2020 1516 2050 1580; x_wconf 87' lang='lat' dir='ltr'><strong>et</strong></span> 
     </span>
     <span class='ocr_line' id='line_1_11' title="bbox 278 1605 2050 1722; baseline -0.001 -32"><span class='ocrx_word' id='word_1_95' title='bbox 278 1612 443 1722; x_wconf 84' lang='lat' dir='ltr'><strong>paratis,</strong></span> <span class='ocrx_word' id='word_1_96' title='bbox 471 1611 529 1689; x_wconf 92' lang='lat' dir='ltr'><strong>sic</strong></span> <span class='ocrx_word' id='word_1_97' title='bbox 557 1606 689 1689; x_wconf 89' lang='lat' dir='ltr'><strong>medio</strong></span> <span class='ocrx_word' id='word_1_98' title='bbox 717 1625 900 1718; x_wconf 86' lang='lat' dir='ltr'><strong>tempore</strong></span> <span class='ocrx_word' id='word_1_99' title='bbox 923 1607 1140 1714; x_wconf 87' lang='lat' dir='ltr'><strong>accingatis</strong></span> <span class='ocrx_word' id='word_1_100' title='bbox 1168 1605 1217 1688; x_wconf 90' lang='lat' dir='ltr'><strong>ad</strong></span> <span class='ocrx_word' id='word_1_101' title='bbox 1249 1608 1326 1687; x_wconf 85' lang='lat' dir='ltr'><strong>iter</strong></span> <span class='ocrx_word' id='word_1_102' title='bbox 1354 1607 1465 1718; x_wconf 91' lang='lat' dir='ltr'><strong>quod</strong></span> <span class='ocrx_word' id='word_1_103' title='bbox 1496 1611 1537 1689; x_wconf 93' lang='lat' dir='ltr'><strong>in</strong></span> <span class='ocrx_word' id='word_1_104' title='bbox 1568 1605 1793 1687; x_wconf 91' lang='lat' dir='ltr'><strong>huiusmodi</strong></span> <span class='ocrx_word' id='word_1_105' title='bbox 1809 1607 1964 1689; x_wconf 85' lang='lat' dir='ltr'><strong>decreto</strong></span> <span class='ocrx_word' id='word_1_106' title='bbox 1987 1626 2050 1689; x_wconf 88' lang='lat' dir='ltr'><strong>ter·</strong></span> 
     </span>
     <span class='ocr_line' id='line_1_12' title="bbox 280 1719 2051 1829; baseline -0.001 -26"><span class='ocrx_word' id='word_1_107' title='bbox 280 1725 394 1804; x_wconf 85' lang='lat' dir='ltr'><strong>nrino</strong></span> <span class='ocrx_word' id='word_1_108' title='bbox 422 1748 540 1829; x_wconf 89' lang='lat' dir='ltr'><strong>quem</strong></span> <span class='ocrx_word' id='word_1_109' title='bbox 571 1720 689 1799; x_wconf 91' lang='lat' dir='ltr'><strong>uobis</strong></span> <span class='ocrx_word' id='word_1_110' title='bbox 717 1738 759 1802; x_wconf 89' lang='lat' dir='ltr'><strong>et</strong></span> <span class='ocrx_word' id='word_1_111' title='bbox 786 1719 876 1828; x_wconf 89' lang='lat' dir='ltr'><strong>alijs</strong></span> <span class='ocrx_word' id='word_1_112' title='bbox 896 1720 1179 1828; x_wconf 87' lang='lat' dir='ltr'><strong>peremptorie,</strong></span> <span class='ocrx_word' id='word_1_113' title='bbox 1207 1723 1453 1828; x_wconf 77' lang='lat' dir='ltr'><strong>assignamus</strong></span> <span class='ocrx_word' id='word_1_114' title='bbox 1471 1720 1511 1800; x_wconf 90' lang='lat' dir='ltr'><strong>in</strong></span> <span class='ocrx_word' id='word_1_115' title='bbox 1527 1719 1733 1798; x_wconf 85' lang='lat' dir='ltr'><strong>viennensi</strong></span> <span class='ocrx_word' id='word_1_116' title='bbox 1754 1719 1926 1799; x_wconf 88' lang='lat' dir='ltr'><strong>Ciuitate</strong></span> <span class='ocrx_word' id='word_1_117' title='bbox 1940 1739 2051 1802; x_wconf 82' lang='lat' dir='ltr'><strong>nostro</strong></span> 
     </span>
    </p>
   </div>
   <div class='ocr_carea' id='block_1_5' title="bbox 168 1828 2051 1940">
    <p class='ocr_par' dir='ltr' id='par_1_5' title="bbox 168 1828 2051 1940">
     <span class='ocr_line' id='line_1_13' title="bbox 168 1828 2051 1940; baseline -0.001 -27"><span class='ocrx_word' id='word_1_118' title='bbox 168 1861 172 1866; x_wconf 89' lang='lat'>·</span> <span class='ocrx_word' id='word_1_119' title='bbox 279 1859 355 1913; x_wconf 91' lang='lat' dir='ltr'><strong>uos</strong></span> <span class='ocrx_word' id='word_1_120' title='bbox 383 1831 694 1939; x_wconf 72' lang='lat' dir='ltr'><strong>acrhiepiscopo</strong></span> <span class='ocrx_word' id='word_1_121' title='bbox 726 1846 767 1910; x_wconf 93' lang='lat' dir='ltr'><strong>et</strong></span> <span class='ocrx_word' id='word_1_122' title='bbox 796 1831 987 1938; x_wconf 83' lang='lat' dir='ltr'><strong>Episcopi</strong></span> <span class='ocrx_word' id='word_1_123' title='bbox 1008 1833 1194 1939; x_wconf 87' lang='lat' dir='ltr'><strong>superius</strong></span> <span class='ocrx_word' id='word_1_124' title='bbox 1209 1831 1405 1912; x_wconf 89' lang='lat' dir='ltr'><strong>nominati</strong></span> <span class='ocrx_word' id='word_1_125' title='bbox 1428 1828 1694 1940; x_wconf 81' lang='lat' dir='ltr'><strong>personaliter</strong></span> <span class='ocrx_word' id='word_1_126' title='bbox 1707 1855 1790 1926; x_wconf 85' lang='lat' dir='ltr'><strong>vos,</strong></span> <span class='ocrx_word' id='word_1_127' title='bbox 1822 1831 2051 1939; x_wconf 83' lang='lat' dir='ltr'><strong>neroalijre·</strong></span> 
     </span>
    </p>
   </div>
   <div class='ocr_carea' id='block_1_6' title="bbox 279 1941 2052 2608">
    <p class='ocr_par' dir='ltr' id='par_1_6' title="bbox 279 1941 2052 2608">
     <span class='ocr_line' id='line_1_14' title="bbox 281 1941 2052 2051; baseline 0.001 -28"><span class='ocrx_word' id='word_1_128' title='bbox 281 1960 489 2024; x_wconf 88' lang='lat' dir='ltr'><strong>manentes</strong></span> <span class='ocrx_word' id='word_1_129' title='bbox 518 1942 708 2050; x_wconf 87' lang='lat' dir='ltr'><strong>Episcopi</strong></span> <span class='ocrx_word' id='word_1_130' title='bbox 726 1941 864 2036; x_wconf 86' lang='lat' dir='ltr'><strong>Electi,</strong></span> <span class='ocrx_word' id='word_1_131' title='bbox 881 1941 1070 2037; x_wconf 70' lang='lat' dir='ltr'><strong>abbates,</strong></span> <span class='ocrx_word' id='word_1_132' title='bbox 1100 1943 1259 2022; x_wconf 81' lang='lat' dir='ltr'><strong>Priores</strong></span> <span class='ocrx_word' id='word_1_133' title='bbox 1283 1943 1435 2022; x_wconf 91' lang='lat' dir='ltr'><strong>Decani</strong></span> <span class='ocrx_word' id='word_1_134' title='bbox 1450 1942 1647 2049; x_wconf 81' lang='lat' dir='ltr'><strong>Propositi</strong></span> <span class='ocrx_word' id='word_1_135' title='bbox 1662 1941 1984 2051; x_wconf 79' lang='lat' dir='ltr'><strong>Archipresbiteri</strong></span> <span class='ocrx_word' id='word_1_136' title='bbox 1995 1947 2052 2024; x_wconf 79' lang='lat' dir='ltr'><strong>Ar·</strong></span> 
     </span>
     <span class='ocr_line' id='line_1_15' title="bbox 280 2045 2051 2162; baseline -0.002 -26"><span class='ocrx_word' id='word_1_137' title='bbox 280 2053 508 2136; x_wconf 89' lang='lat' dir='ltr'><strong>chidiaconi</strong></span> <span class='ocrx_word' id='word_1_138' title='bbox 523 2069 563 2134; x_wconf 93' lang='lat' dir='ltr'><strong>et</strong></span> <span class='ocrx_word' id='word_1_139' title='bbox 592 2054 807 2133; x_wconf 84' lang='lat' dir='ltr'><strong>Presbiteri</strong></span> <span class='ocrx_word' id='word_1_140' title='bbox 836 2053 1024 2161; x_wconf 85' lang='lat' dir='ltr'><strong>Capitulo</strong></span> <span class='ocrx_word' id='word_1_141' title='bbox 1055 2068 1097 2132; x_wconf 88' lang='lat' dir='ltr'><strong>et</strong></span> <span class='ocrx_word' id='word_1_142' title='bbox 1124 2053 1359 2133; x_wconf 88' lang='lat' dir='ltr'><strong>Conuentus</strong></span> <span class='ocrx_word' id='word_1_143' title='bbox 1376 2045 1450 2161; x_wconf 77' lang='lat' dir='ltr'><strong>per</strong></span> <span class='ocrx_word' id='word_1_144' title='bbox 1478 2049 1637 2134; x_wconf 89' lang='lat' dir='ltr'><strong>eosdem</strong></span> <span class='ocrx_word' id='word_1_145' title='bbox 1653 2052 1999 2162; x_wconf 83' lang='lat' dir='ltr'><strong>Arcbiepiscopum</strong></span> <span class='ocrx_word' id='word_1_146' title='bbox 2022 2069 2051 2132; x_wconf 85' lang='lat' dir='ltr'><strong>et</strong></span> 
     </span>
     <span class='ocr_line' id='line_1_16' title="bbox 280 2159 2051 2274; baseline -0.003 -27"><span class='ocrx_word' id='word_1_147' title='bbox 280 2167 505 2274; x_wconf 86' lang='lat' dir='ltr'><strong>Episcopus</strong></span> <span class='ocrx_word' id='word_1_148' title='bbox 533 2163 585 2244; x_wconf 73' lang='lat' dir='ltr'><strong>a&#39;d</strong></span> <span class='ocrx_word' id='word_1_149' title='bbox 614 2161 840 2272; x_wconf 86' lang='lat' dir='ltr'><strong>predictum</strong></span> <span class='ocrx_word' id='word_1_150' title='bbox 856 2164 1079 2244; x_wconf 88' lang='lat' dir='ltr'><strong>Concilium</strong></span> <span class='ocrx_word' id='word_1_151' title='bbox 1096 2189 1323 2243; x_wconf 88' lang='lat' dir='ltr'><strong>accessuros</strong></span> <span class='ocrx_word' id='word_1_152' title='bbox 1353 2166 1502 2274; x_wconf 92' lang='lat' dir='ltr'><strong>quibus</strong></span> <span class='ocrx_word' id='word_1_153' title='bbox 1529 2159 1581 2242; x_wconf 93' lang='lat' dir='ltr'><strong>ad</strong></span> <span class='ocrx_word' id='word_1_154' title='bbox 1609 2165 1743 2244; x_wconf 86' lang='lat' dir='ltr'><strong>omnia</strong></span> <span class='ocrx_word' id='word_1_155' title='bbox 1760 2192 1840 2272; x_wconf 89' lang='lat' dir='ltr'><strong>que</strong></span> <span class='ocrx_word' id='word_1_156' title='bbox 1870 2165 1910 2242; x_wconf 93' lang='lat' dir='ltr'><strong>in</strong></span> <span class='ocrx_word' id='word_1_157' title='bbox 1937 2163 2051 2254; x_wconf 85' lang='lat' dir='ltr'><strong>eodan</strong></span> 
     </span>
     <span class='ocr_line' id='line_1_17' title="bbox 279 2273 2052 2384; baseline -0.002 -26"><span class='ocrx_word' id='word_1_158' title='bbox 279 2277 463 2358; x_wconf 84' lang='lat' dir='ltr'><strong>Concilio</strong></span> <span class='ocrx_word' id='word_1_159' title='bbox 476 2291 704 2354; x_wconf 88' lang='lat' dir='ltr'><strong>statuentur</strong></span> <span class='ocrx_word' id='word_1_160' title='bbox 726 2275 825 2353; x_wconf 88' lang='lat' dir='ltr'><strong>fient</strong></span> <span class='ocrx_word' id='word_1_161' title='bbox 838 2293 878 2354; x_wconf 90' lang='lat' dir='ltr'><strong>et</strong></span> <span class='ocrx_word' id='word_1_162' title='bbox 893 2275 1192 2355; x_wconf 87' lang='lat' dir='ltr'><strong>ordinabuntur</strong></span> <span class='ocrx_word' id='word_1_163' title='bbox 1219 2291 1260 2354; x_wconf 90' lang='lat' dir='ltr'><strong>et</strong></span> <span class='ocrx_word' id='word_1_164' title='bbox 1290 2273 1438 2356; x_wconf 86' lang='lat' dir='ltr'><strong>luerint</strong></span> <span class='ocrx_word' id='word_1_165' title='bbox 1458 2290 1661 2384; x_wconf 88' lang='lat' dir='ltr'><strong>oportuna</strong></span> <span class='ocrx_word' id='word_1_166' title='bbox 1685 2273 1914 2356; x_wconf 85' lang='lat' dir='ltr'><strong>concedatis</strong></span> <span class='ocrx_word' id='word_1_167' title='bbox 1942 2275 2052 2382; x_wconf 89' lang='lat' dir='ltr'><strong>plena·</strong></span> 
     </span>
     <span class='ocr_line' id='line_1_18' title="bbox 279 2383 2050 2496; baseline -0.003 -28"><span class='ocrx_word' id='word_1_168' title='bbox 279 2389 382 2469; x_wconf 88' lang='lat' dir='ltr'><strong>riam</strong></span> <span class='ocrx_word' id='word_1_169' title='bbox 398 2401 635 2495; x_wconf 90' lang='lat' dir='ltr'><strong>potestatem</strong></span> <span class='ocrx_word' id='word_1_170' title='bbox 663 2385 714 2466; x_wconf 92' lang='lat' dir='ltr'><strong>de</strong></span> <span class='ocrx_word' id='word_1_171' title='bbox 742 2414 822 2496; x_wconf 91' lang='lat' dir='ltr'><strong>qua</strong></span> <span class='ocrx_word' id='word_1_172' title='bbox 851 2385 1100 2466; x_wconf 85' lang='lat' dir='ltr'><strong>sufficienter</strong></span> <span class='ocrx_word' id='word_1_173' title='bbox 1122 2403 1277 2466; x_wconf 90' lang='lat' dir='ltr'><strong>constet</strong></span> <span class='ocrx_word' id='word_1_174' title='bbox 1308 2413 1379 2494; x_wconf 88' lang='lat' dir='ltr'><strong>per</strong></span> <span class='ocrx_word' id='word_1_175' title='bbox 1407 2387 1568 2495; x_wconf 91' lang='lat' dir='ltr'><strong>publica</strong></span> <span class='ocrx_word' id='word_1_176' title='bbox 1586 2383 1828 2466; x_wconf 88' lang='lat' dir='ltr'><strong>documenta</strong></span> <span class='ocrx_word' id='word_1_177' title='bbox 1846 2386 2050 2492; x_wconf 87' lang='lat' dir='ltr'><strong>conspectui</strong></span> 
     </span>
     <span class='ocr_line' id='line_1_19' title="bbox 279 2495 2052 2608; baseline -0.002 -29"><span class='ocrx_word' id='word_1_178' title='bbox 279 2499 531 2608; x_wconf 88' lang='lat' dir='ltr'><strong>presentetis.</strong></span> <span class='ocrx_word' id='word_1_179' title='bbox 560 2495 684 2598; x_wconf 88' lang='lat' dir='ltr'><strong>Quod</strong></span> <span class='ocrx_word' id='word_1_180' title='bbox 713 2498 747 2578; x_wconf 86' lang='lat' dir='ltr'><strong>si</strong></span> <span class='ocrx_word' id='word_1_181' title='bbox 775 2495 942 2579; x_wconf 76' lang='lat' dir='ltr'><strong>forsitan</strong></span> <span class='ocrx_word' id='word_1_182' title='bbox 965 2499 1060 2604; x_wconf 85' lang='lat' dir='ltr'><strong>ipsis</strong></span> <span class='ocrx_word' id='word_1_183' title='bbox 1075 2498 1400 2606; x_wconf 86' lang='lat' dir='ltr'><strong>Arcbiepiscopis</strong></span> <span class='ocrx_word' id='word_1_184' title='bbox 1415 2515 1455 2578; x_wconf 90' lang='lat' dir='ltr'><strong>et</strong></span> <span class='ocrx_word' id='word_1_185' title='bbox 1471 2499 1683 2606; x_wconf 89' lang='lat' dir='ltr'><strong>Episcopis</strong></span> <span class='ocrx_word' id='word_1_186' title='bbox 1697 2499 1915 2600; x_wconf 88' lang='lat' dir='ltr'><strong>accessuris</strong></span> <span class='ocrx_word' id='word_1_187' title='bbox 1943 2498 2052 2576; x_wconf 91' lang='lat' dir='ltr'><strong>buius·</strong></span> 
     </span>
    </p>
   </div>
   <div class='ocr_carea' id='block_1_7' title="bbox 82 2607 2052 2829">
    <p class='ocr_par' dir='ltr' id='par_1_7' title="bbox 82 2607 2052 2829">
     <span class='ocr_line' id='line_1_20' title="bbox 82 2607 2052 2717; baseline -0.002 -28"><span class='ocrx_word' id='word_1_188' title='bbox 82 2617 88 2626; x_wconf 81' lang='grc'><em>“</em></span> <span class='ocrx_word' id='word_1_189' title='bbox 193 2672 196 2677; x_wconf 46' lang='grc'><strong><em>,</em></strong></span> <span class='ocrx_word' id='word_1_190' title='bbox 280 2607 389 2689; x_wconf 91' lang='lat' dir='ltr'><strong>modi</strong></span> <span class='ocrx_word' id='word_1_191' title='bbox 417 2608 628 2688; x_wconf 88' lang='lat' dir='ltr'><strong>nolueritis</strong></span> <span class='ocrx_word' id='word_1_192' title='bbox 654 2607 877 2688; x_wconf 87' lang='lat' dir='ltr'><strong>concedere</strong></span> <span class='ocrx_word' id='word_1_193' title='bbox 904 2625 1158 2717; x_wconf 86' lang='lat' dir='ltr'><strong>potestatem,</strong></span> <span class='ocrx_word' id='word_1_194' title='bbox 1185 2635 1234 2688; x_wconf 93' lang='lat' dir='ltr'><strong>eo</strong></span> <span class='ocrx_word' id='word_1_195' title='bbox 1262 2636 1356 2688; x_wconf 91' lang='lat' dir='ltr'><strong>casu</strong></span> <span class='ocrx_word' id='word_1_196' title='bbox 1387 2611 1546 2706; x_wconf 86' lang='lat' dir='ltr'><strong>uenire,</strong></span> <span class='ocrx_word' id='word_1_197' title='bbox 1573 2607 1636 2688; x_wconf 92' lang='lat' dir='ltr'><strong>uel</strong></span> <span class='ocrx_word' id='word_1_198' title='bbox 1665 2609 1766 2688; x_wconf 86' lang='lat' dir='ltr'><strong>alios</strong></span> <span class='ocrx_word' id='word_1_199' title='bbox 1794 2625 2052 2716; x_wconf 80' lang='lat' dir='ltr'><strong>procuratores</strong></span> 
     </span>
     <span class='ocr_line' id='line_1_21' title="bbox 211 2716 2051 2829; baseline -0.002 -29"><span class='ocrx_word' id='word_1_200' title='bbox 211 2727 215 2736; x_wconf 83' lang='lat'>&#39;</span> <span class='ocrx_word' id='word_1_201' title='bbox 280 2718 463 2829; x_wconf 82' lang='lat' dir='ltr'><strong>ydoneos</strong></span> <span class='ocrx_word' id='word_1_202' title='bbox 482 2747 582 2802; x_wconf 83' lang='lat' dir='ltr'><strong>cum</strong></span> <span class='ocrx_word' id='word_1_203' title='bbox 610 2734 808 2826; x_wconf 88' lang='lat' dir='ltr'><strong>potestate</strong></span> <span class='ocrx_word' id='word_1_204' title='bbox 835 2721 955 2801; x_wconf 82' lang='lat' dir='ltr'><strong>simili</strong></span> <span class='ocrx_word' id='word_1_205' title='bbox 983 2716 1034 2800; x_wconf 89' lang='lat' dir='ltr'><strong>ad</strong></span> <span class='ocrx_word' id='word_1_206' title='bbox 1061 2717 1165 2800; x_wconf 86' lang='lat' dir='ltr'><strong>idem</strong></span> <span class='ocrx_word' id='word_1_207' title='bbox 1201 2720 1441 2800; x_wconf 86' lang='lat' dir='ltr'><strong>Concilium·</strong></span> <span class='ocrx_word' id='word_1_208' title='bbox 1462 2719 1678 2800; x_wconf 90' lang='lat' dir='ltr'><strong>teneamini</strong></span> <span class='ocrx_word' id='word_1_209' title='bbox 1713 2719 1928 2804; x_wconf 86' lang='lat' dir='ltr'><strong>destinare.</strong></span> <span class='ocrx_word' id='word_1_210' title='bbox 1981 2718 2051 2798; x_wconf 92' lang='lat' dir='ltr'><strong>Non</strong></span> 
     </span>
    </p>
   </div>
   <div class='ocr_carea' id='block_1_8' title="bbox 279 2830 2054 3055">
    <p class='ocr_par' dir='ltr' id='par_1_8' title="bbox 279 2830 2054 3055">
     <span class='ocr_line' id='line_1_22' title="bbox 280 2830 2053 2941; baseline -0.002 -30"><span class='ocrx_word' id='word_1_211' title='bbox 280 2831 537 2913; x_wconf 89' lang='lat' dir='ltr'><strong>obstantibus</strong></span> <span class='ocrx_word' id='word_1_212' title='bbox 564 2830 814 2940; x_wconf 81' lang='lat' dir='ltr'><strong>quibuslibet</strong></span> <span class='ocrx_word' id='word_1_213' title='bbox 841 2830 1062 2940; x_wconf 83' lang='lat' dir='ltr'><strong>Priuiligijs</strong></span> <span class='ocrx_word' id='word_1_214' title='bbox 1078 2858 1147 2910; x_wconf 90' lang='lat' dir='ltr'><strong>seu</strong></span> <span class='ocrx_word' id='word_1_215' title='bbox 1164 2831 1437 2940; x_wconf 86' lang='lat' dir='ltr'><strong>Jndulgentijs</strong></span> <span class='ocrx_word' id='word_1_216' title='bbox 1465 2833 1790 2941; x_wconf 89' lang='lat' dir='ltr'><strong>quibuscumque</strong></span> <span class='ocrx_word' id='word_1_217' title='bbox 1807 2830 1982 2938; x_wconf 89' lang='lat' dir='ltr'><strong>personis</strong></span> <span class='ocrx_word' id='word_1_218' title='bbox 2005 2853 2053 2908; x_wconf 89' lang='lat' dir='ltr'><strong>or·</strong></span> 
     </span>
     <span class='ocr_line' id='line_1_23' title="bbox 279 2938 2054 3055; baseline -0.005 -29"><span class='ocrx_word' id='word_1_219' title='bbox 279 2938 385 3040; x_wconf 90' lang='lat' dir='ltr'><strong>dini,·</strong></span> <span class='ocrx_word' id='word_1_220' title='bbox 417 2940 605 3049; x_wconf 87' lang='lat' dir='ltr'><strong>dignitati</strong></span> <span class='ocrx_word' id='word_1_221' title='bbox 633 2969 706 3024; x_wconf 89' lang='lat' dir='ltr'><strong>seu</strong></span> <span class='ocrx_word' id='word_1_222' title='bbox 731 2941 915 3052; x_wconf 85' lang='lat' dir='ltr'><strong>Collegio</strong></span> <span class='ocrx_word' id='word_1_223' title='bbox 943 2943 1019 3025; x_wconf 87' lang='lat' dir='ltr'><strong>sub</strong></span> <span class='ocrx_word' id='word_1_224' title='bbox 1047 2971 1303 3055; x_wconf 91' lang='lat' dir='ltr'><strong>quacumque</strong></span> <span class='ocrx_word' id='word_1_225' title='bbox 1331 2942 1549 3025; x_wconf 85' lang='lat' dir='ltr'><strong>uerborum</strong></span> <span class='ocrx_word' id='word_1_226' title='bbox 1567 2941 1694 3023; x_wconf 85' lang='lat' dir='ltr'><strong>forma</strong></span> <span class='ocrx_word' id='word_1_227' title='bbox 1730 2941 1793 3022; x_wconf 89' lang='lat' dir='ltr'><strong>uel</strong></span> <span class='ocrx_word' id='word_1_228' title='bbox 1826 2941 2054 3051; x_wconf 77' lang='lat' dir='ltr'><strong>expressione</strong></span> 
     </span>
    </p>
   </div>
   <div class='ocr_carea' id='block_1_9' title="bbox 144 3050 2054 3247">
    <p class='ocr_par' dir='ltr' id='par_1_9' title="bbox 144 3050 2054 3247">
     <span class='ocr_line' id='line_1_24' title="bbox 144 3050 2054 3247; baseline -0.003 -112"><span class='ocrx_word' id='word_1_229' title='bbox 144 3159 147 3163; x_wconf 14' lang='grc' dir='ltr'>ι</span> <span class='ocrx_word' id='word_1_230' title='bbox 280 3051 514 3163; x_wconf 83' lang='lat' dir='ltr'><strong>apredicta</strong></span> <span class='ocrx_word' id='word_1_231' title='bbox 544 3050 636 3134; x_wconf 88' lang='lat' dir='ltr'><strong>sede</strong></span> <span class='ocrx_word' id='word_1_232' title='bbox 663 3056 860 3136; x_wconf 87' lang='lat' dir='ltr'><strong>concessis</strong></span> <span class='ocrx_word' id='word_1_233' title='bbox 890 3084 962 3164; x_wconf 88' lang='lat' dir='ltr'><strong>per</strong></span> <span class='ocrx_word' id='word_1_234' title='bbox 989 3083 1071 3247; x_wconf 83' lang='lat' dir='ltr'><strong>que</strong></span> <span class='ocrx_word' id='word_1_235' title='bbox 1113 3056 1241 3165; x_wconf 91' lang='lat' dir='ltr'><strong>possit</strong></span> <span class='ocrx_word' id='word_1_236' title='bbox 1272 3054 1440 3136; x_wconf 84' lang='lat' dir='ltr'><strong>allectus</strong></span> <span class='ocrx_word' id='word_1_237' title='bbox 1469 3056 1698 3136; x_wconf 89' lang='lat' dir='ltr'><strong>huiusmodi</strong></span> <span class='ocrx_word' id='word_1_238' title='bbox 1744 3054 1926 3135; x_wconf 88' lang='lat' dir='ltr'><strong>mandati</strong></span> <span class='ocrx_word' id='word_1_239' title='bbox 1953 3052 2054 3133; x_wconf 86' lang='lat' dir='ltr'><strong>nostri</strong></span> 
     </span>
    </p>
   </div>
   <div class='ocr_carea' id='block_1_10' title="bbox 279 3163 2054 3831">
    <p class='ocr_par' dir='ltr' id='par_1_10' title="bbox 279 3163 2054 3831">
     <span class='ocr_line' id='line_1_25' title="bbox 281 3163 2054 3279; baseline -0.003 -32"><span class='ocrx_word' id='word_1_240' title='bbox 281 3163 588 3279; x_wconf 85' lang='lat' dir='ltr'><strong>quomodolibet</strong></span> <span class='ocrx_word' id='word_1_241' title='bbox 615 3163 820 3273; x_wconf 86' lang='lat' dir='ltr'><strong>impediri,</strong></span> <span class='ocrx_word' id='word_1_242' title='bbox 850 3184 920 3247; x_wconf 91' lang='lat' dir='ltr'><strong>aut</strong></span> <span class='ocrx_word' id='word_1_243' title='bbox 957 3170 993 3247; x_wconf 88' lang='lat' dir='ltr'><strong>ei</strong></span> <span class='ocrx_word' id='word_1_244' title='bbox 1024 3195 1088 3246; x_wconf 89' lang='lat' dir='ltr'><strong>em</strong></span> <span class='ocrx_word' id='word_1_245' title='bbox 1125 3167 1166 3246; x_wconf 93' lang='lat' dir='ltr'><strong>in</strong></span> <span class='ocrx_word' id='word_1_246' title='bbox 1204 3165 1342 3277; x_wconf 92' lang='lat' dir='ltr'><strong>aliquo</strong></span> <span class='ocrx_word' id='word_1_247' title='bbox 1384 3168 1584 3272; x_wconf 86' lang='lat' dir='ltr'><strong>derogari.</strong></span> <span class='ocrx_word' id='word_1_248' title='bbox 1615 3165 1782 3245; x_wconf 85' lang='lat' dir='ltr'><strong>Jnterim</strong></span> <span class='ocrx_word' id='word_1_249' title='bbox 1813 3191 1975 3275; x_wconf 90' lang='lat' dir='ltr'><strong>quoque</strong></span> <span class='ocrx_word' id='word_1_250' title='bbox 2001 3190 2054 3271; x_wconf 86' lang='lat' dir='ltr'><strong>per</strong></span> 
     </span>
     <span class='ocr_line' id='line_1_26' title="bbox 279 3275 2052 3385; baseline -0.004 -27"><span class='ocrx_word' id='word_1_251' title='bbox 279 3304 355 3358; x_wconf 91' lang='lat' dir='ltr'><strong>uos</strong></span> <span class='ocrx_word' id='word_1_252' title='bbox 383 3292 426 3357; x_wconf 88' lang='lat' dir='ltr'><strong>et</strong></span> <span class='ocrx_word' id='word_1_253' title='bbox 454 3276 554 3356; x_wconf 91' lang='lat' dir='ltr'><strong>alios</strong></span> <span class='ocrx_word' id='word_1_254' title='bbox 583 3277 693 3355; x_wconf 90' lang='lat' dir='ltr'><strong>uiros</strong></span> <span class='ocrx_word' id='word_1_255' title='bbox 736 3278 958 3385; x_wconf 90' lang='lat' dir='ltr'><strong>prudentes</strong></span> <span class='ocrx_word' id='word_1_256' title='bbox 1001 3276 1123 3357; x_wconf 89' lang='lat' dir='ltr'><strong>deum</strong></span> <span class='ocrx_word' id='word_1_257' title='bbox 1166 3279 1351 3358; x_wconf 89' lang='lat' dir='ltr'><strong>timentes</strong></span> <span class='ocrx_word' id='word_1_258' title='bbox 1386 3297 1426 3360; x_wconf 88' lang='lat' dir='ltr'><strong>et</strong></span> <span class='ocrx_word' id='word_1_259' title='bbox 1469 3278 1664 3357; x_wconf 88' lang='lat' dir='ltr'><strong>babentes</strong></span> <span class='ocrx_word' id='word_1_260' title='bbox 1708 3276 1913 3385; x_wconf 89' lang='lat' dir='ltr'><strong>preocnlis</strong></span> <span class='ocrx_word' id='word_1_261' title='bbox 1948 3275 2052 3354; x_wconf 87' lang='lat' dir='ltr'><strong>onnia</strong></span> 
     </span>
     <span class='ocr_line' id='line_1_27' title="bbox 282 3387 2053 3497; baseline -0.002 -32"><span class='ocrx_word' id='word_1_262' title='bbox 282 3414 364 3497; x_wconf 91' lang='lat' dir='ltr'><strong>que</strong></span> <span class='ocrx_word' id='word_1_263' title='bbox 381 3387 653 3468; x_wconf 68' lang='lat' dir='ltr'><strong>&#39;correctionis</strong></span> <span class='ocrx_word' id='word_1_264' title='bbox 680 3403 721 3466; x_wconf 87' lang='lat' dir='ltr'><strong>et</strong></span> <span class='ocrx_word' id='word_1_265' title='bbox 750 3388 1048 3471; x_wconf 84' lang='lat' dir='ltr'><strong>reformationis</strong></span> <span class='ocrx_word' id='word_1_266' title='bbox 1076 3389 1209 3469; x_wconf 89' lang='lat' dir='ltr'><strong>limam</strong></span> <span class='ocrx_word' id='word_1_267' title='bbox 1248 3409 1472 3497; x_wconf 80' lang='lat' dir='ltr'><strong>exposcunt</strong></span> <span class='ocrx_word' id='word_1_268' title='bbox 1501 3390 1752 3497; x_wconf 88' lang='lat' dir='ltr'><strong>inquirentes</strong></span> <span class='ocrx_word' id='word_1_269' title='bbox 1779 3388 1991 3480; x_wconf 86' lang='lat' dir='ltr'><strong>subtiliter,</strong></span> <span class='ocrx_word' id='word_1_270' title='bbox 2024 3400 2053 3463; x_wconf 85' lang='lat' dir='ltr'><strong>ct</strong></span> 
     </span>
     <span class='ocr_line' id='line_1_28' title="bbox 281 3493 2053 3607; baseline -0.002 -30"><span class='ocrx_word' id='word_1_271' title='bbox 281 3496 580 3577; x_wconf 88' lang='lat' dir='ltr'><strong>conscribentes</strong></span> <span class='ocrx_word' id='word_1_272' title='bbox 609 3497 779 3578; x_wconf 79' lang='lat' dir='ltr'><strong>fideliter</strong></span> <span class='ocrx_word' id='word_1_273' title='bbox 807 3498 955 3579; x_wconf 88' lang='lat' dir='ltr'><strong>Eadem</strong></span> <span class='ocrx_word' id='word_1_274' title='bbox 985 3498 1035 3579; x_wconf 87' lang='lat' dir='ltr'><strong>ad</strong></span> <span class='ocrx_word' id='word_1_275' title='bbox 1054 3493 1191 3607; x_wconf 87' lang='lat' dir='ltr'><strong>ipsius</strong></span> <span class='ocrx_word' id='word_1_276' title='bbox 1220 3499 1392 3605; x_wconf 84' lang='lat' dir='ltr'><strong>Concilij</strong></span> <span class='ocrx_word' id='word_1_277' title='bbox 1422 3501 1603 3583; x_wconf 87' lang='lat' dir='ltr'><strong>notitiam</strong></span> <span class='ocrx_word' id='word_1_278' title='bbox 1632 3498 1819 3579; x_wconf 84' lang='lat' dir='ltr'><strong>delerant</strong></span> <span class='ocrx_word' id='word_1_279' title='bbox 1849 3515 1891 3579; x_wconf 86' lang='lat' dir='ltr'><strong>et</strong></span> <span class='ocrx_word' id='word_1_280' title='bbox 1921 3524 1987 3577; x_wconf 90' lang='lat' dir='ltr'><strong>nos</strong></span> <span class='ocrx_word' id='word_1_281' title='bbox 2010 3498 2053 3574; x_wconf 88' lang='lat' dir='ltr'><strong>ni·</strong></span> 
     </span>
     <span class='ocr_line' id='line_1_29' title="bbox 280 3606 2053 3719; baseline -0.001 -31"><span class='ocrx_word' id='word_1_282' title='bbox 280 3608 501 3688; x_wconf 90' lang='lat' dir='ltr'><strong>hilcminus</strong></span> <span class='ocrx_word' id='word_1_283' title='bbox 529 3607 654 3714; x_wconf 84' lang='lat' dir='ltr'><strong>uarijs</strong></span> <span class='ocrx_word' id='word_1_284' title='bbox 681 3606 809 3688; x_wconf 90' lang='lat' dir='ltr'><strong>modis</strong></span> <span class='ocrx_word' id='word_1_285' title='bbox 837 3624 877 3689; x_wconf 89' lang='lat' dir='ltr'><strong>et</strong></span> <span class='ocrx_word' id='word_1_286' title='bbox 906 3612 983 3719; x_wconf 82' lang='lat' dir='ltr'><strong>uijs</strong></span> <span class='ocrx_word' id='word_1_287' title='bbox 1011 3610 1137 3691; x_wconf 88' lang='lat' dir='ltr'><strong>solers</strong></span> <span class='ocrx_word' id='word_1_288' title='bbox 1164 3606 1341 3689; x_wconf 85' lang='lat' dir='ltr'><strong>studium</strong></span> <span class='ocrx_word' id='word_1_289' title='bbox 1371 3628 1411 3689; x_wconf 91' lang='lat' dir='ltr'><strong>et</strong></span> <span class='ocrx_word' id='word_1_290' title='bbox 1440 3612 1641 3691; x_wconf 84' lang='lat' dir='ltr'><strong>efficacem</strong></span> <span class='ocrx_word' id='word_1_291' title='bbox 1666 3638 1831 3717; x_wconf 89' lang='lat' dir='ltr'><strong>operam</strong></span> <span class='ocrx_word' id='word_1_292' title='bbox 1862 3608 1955 3688; x_wconf 83' lang='lat' dir='ltr'><strong>dare</strong></span> <span class='ocrx_word' id='word_1_293' title='bbox 1982 3631 2053 3715; x_wconf 84' lang='lat' dir='ltr'><strong>pm·</strong></span> 
     </span>
     <span class='ocr_line' id='line_1_30' title="bbox 279 3716 2052 3831; baseline -0.002 -33"><span class='ocrx_word' id='word_1_294' title='bbox 279 3719 470 3829; x_wconf 87' lang='lat' dir='ltr'><strong>ponimus</strong></span> <span class='ocrx_word' id='word_1_295' title='bbox 492 3733 538 3798; x_wconf 90' lang='lat' dir='ltr'><strong>ut</strong></span> <span class='ocrx_word' id='word_1_296' title='bbox 565 3722 698 3800; x_wconf 88' lang='lat' dir='ltr'><strong>omnia</strong></span> <span class='ocrx_word' id='word_1_297' title='bbox 726 3720 834 3826; x_wconf 85' lang='lat' dir='ltr'><strong>talis</strong></span> <span class='ocrx_word' id='word_1_298' title='bbox 851 3722 892 3800; x_wconf 93' lang='lat' dir='ltr'><strong>in</strong></span> <span class='ocrx_word' id='word_1_299' title='bbox 922 3748 1088 3802; x_wconf 79' lang='lat' dir='ltr'><strong>examen</strong></span> <span class='ocrx_word' id='word_1_300' title='bbox 1118 3716 1343 3801; x_wconf 88' lang='lat' dir='ltr'><strong>huiusmodi</strong></span> <span class='ocrx_word' id='word_1_301' title='bbox 1373 3719 1546 3802; x_wconf 90' lang='lat' dir='ltr'><strong>deducta</strong></span> <span class='ocrx_word' id='word_1_302' title='bbox 1577 3722 1748 3831; x_wconf 89' lang='lat' dir='ltr'><strong>Concilij</strong></span> <span class='ocrx_word' id='word_1_303' title='bbox 1790 3721 2052 3801; x_wconf 85' lang='lat' dir='ltr'><strong>correctionem</strong></span> 
     </span>
    </p>
   </div>
   <div class='ocr_carea' id='block_1_11' title="bbox 152 3828 2054 3939">
    <p class='ocr_par' dir='ltr' id='par_1_11' title="bbox 152 3828 2054 3939">
     <span class='ocr_line' id='line_1_31' title="bbox 152 3828 2054 3939; baseline -0.001 -29"><span class='ocrx_word' id='word_1_304' title='bbox 152 3932 156 3937; x_wconf 22' lang='grc'><em>’</em></span> <span class='ocrx_word' id='word_1_305' title='bbox 280 3846 321 3910; x_wconf 88' lang='lat' dir='ltr'><strong>et</strong></span> <span class='ocrx_word' id='word_1_306' title='bbox 348 3828 609 3911; x_wconf 88' lang='lat' dir='ltr'><strong>directionem</strong></span> <span class='ocrx_word' id='word_1_307' title='bbox 639 3832 836 3939; x_wconf 90' lang='lat' dir='ltr'><strong>recipiant</strong></span> <span class='ocrx_word' id='word_1_308' title='bbox 864 3851 1127 3939; x_wconf 79' lang='lat' dir='ltr'><strong>oportunam,</strong></span> <span class='ocrx_word' id='word_1_309' title='bbox 1159 3830 1304 3912; x_wconf 89' lang='lat' dir='ltr'><strong>Nullus</strong></span> <span class='ocrx_word' id='word_1_310' title='bbox 1331 3831 1603 3915; x_wconf 81' lang='lat' dir='ltr'><strong>inobedientia</strong></span> <span class='ocrx_word' id='word_1_311' title='bbox 1631 3850 1790 3926; x_wconf 88' lang='lat' dir='ltr'><strong>notam,</strong></span> <span class='ocrx_word' id='word_1_312' title='bbox 1819 3848 1863 3912; x_wconf 91' lang='lat' dir='ltr'><strong>et</strong></span> <span class='ocrx_word' id='word_1_313' title='bbox 1890 3832 2054 3912; x_wconf 82' lang='lat' dir='ltr'><strong>canonice</strong></span> 
     </span>
    </p>
   </div>
   <div class='ocr_carea' id='block_1_12' title="bbox 279 3941 2055 4274">
    <p class='ocr_par' dir='ltr' id='par_1_12' title="bbox 279 3941 2055 4274">
     <span class='ocr_line' id='line_1_32' title="bbox 280 3941 2054 4054; baseline -0.002 -34"><span class='ocrx_word' id='word_1_314' title='bbox 280 3941 448 4021; x_wconf 91' lang='lat' dir='ltr'><strong>ultionis</strong></span> <span class='ocrx_word' id='word_1_315' title='bbox 476 3942 736 4022; x_wconf 87' lang='lat' dir='ltr'><strong>acrimoniam</strong></span> <span class='ocrx_word' id='word_1_316' title='bbox 765 3946 894 4022; x_wconf 89' lang='lat' dir='ltr'><strong>uitare</strong></span> <span class='ocrx_word' id='word_1_317' title='bbox 922 3941 1152 4024; x_wconf 85' lang='lat' dir='ltr'><strong>desiderans</strong></span> <span class='ocrx_word' id='word_1_318' title='bbox 1189 3942 1392 4054; x_wconf 72' lang='lat' dir='ltr'><strong>fallacium</strong></span> <span class='ocrx_word' id='word_1_319' title='bbox 1435 3946 1739 4025; x_wconf 87' lang='lat' dir='ltr'><strong>excusationum</strong></span> <span class='ocrx_word' id='word_1_320' title='bbox 1784 3944 2002 4023; x_wconf 88' lang='lat' dir='ltr'><strong>uelamento</strong></span> <span class='ocrx_word' id='word_1_321' title='bbox 2023 3962 2054 4016; x_wconf 86' lang='lat' dir='ltr'><strong>se</strong></span> 
     </span>
     <span class='ocr_line' id='line_1_33' title="bbox 279 4050 2053 4164; baseline -0.003 -31"><span class='ocrx_word' id='word_1_322' title='bbox 279 4054 435 4133; x_wconf 87' lang='lat' dir='ltr'><strong>muniat</strong></span> <span class='ocrx_word' id='word_1_323' title='bbox 463 4050 528 4131; x_wconf 90' lang='lat' dir='ltr'><strong>uel</strong></span> <span class='ocrx_word' id='word_1_324' title='bbox 557 4080 605 4133; x_wconf 84' lang='lat' dir='ltr'><strong>ex</strong></span> <span class='ocrx_word' id='word_1_325' title='bbox 634 4050 928 4162; x_wconf 90' lang='lat' dir='ltr'><strong>impedimentis</strong></span> <span class='ocrx_word' id='word_1_326' title='bbox 957 4056 1241 4164; x_wconf 89' lang='lat' dir='ltr'><strong>itinerumque</strong></span> <span class='ocrx_word' id='word_1_327' title='bbox 1270 4053 1435 4135; x_wconf 87' lang='lat' dir='ltr'><strong>domino</strong></span> <span class='ocrx_word' id='word_1_328' title='bbox 1466 4084 1590 4163; x_wconf 89' lang='lat' dir='ltr'><strong>praua</strong></span> <span class='ocrx_word' id='word_1_329' title='bbox 1613 4056 1653 4136; x_wconf 93' lang='lat' dir='ltr'><strong>in</strong></span> <span class='ocrx_word' id='word_1_330' title='bbox 1670 4054 1823 4136; x_wconf 89' lang='lat' dir='ltr'><strong>directa</strong></span> <span class='ocrx_word' id='word_1_331' title='bbox 1855 4068 1903 4133; x_wconf 83' lang='lat' dir='ltr'><strong>et&#39;</strong></span> <span class='ocrx_word' id='word_1_332' title='bbox 1924 4056 1963 4133; x_wconf 90' lang='lat' dir='ltr'><strong>in</strong></span> <span class='ocrx_word' id='word_1_333' title='bbox 1988 4052 2053 4131; x_wconf 90' lang='lat' dir='ltr'><strong>uias</strong></span> 
     </span>
     <span class='ocr_line' id='line_1_34' title="bbox 281 4160 2055 4274; baseline -0.001 -33"><span class='ocrx_word' id='word_1_334' title='bbox 281 4162 423 4272; x_wconf 91' lang='lat' dir='ltr'><strong>planas</strong></span> <span class='ocrx_word' id='word_1_335' title='bbox 451 4190 590 4272; x_wconf 90' lang='lat' dir='ltr'><strong>aspera</strong></span> <span class='ocrx_word' id='word_1_336' title='bbox 620 4192 690 4244; x_wconf 89' lang='lat' dir='ltr'><strong>sua</strong></span> <span class='ocrx_word' id='word_1_337' title='bbox 731 4168 1024 4273; x_wconf 89' lang='lat' dir='ltr'><strong>omnipotentia</strong></span> <span class='ocrx_word' id='word_1_338' title='bbox 1067 4181 1331 4247; x_wconf 86' lang='lat' dir='ltr'><strong>conuertente</strong></span> <span class='ocrx_word' id='word_1_339' title='bbox 1373 4168 1589 4249; x_wconf 87' lang='lat' dir='ltr'><strong>cessabunt</strong></span> <span class='ocrx_word' id='word_1_340' title='bbox 1632 4165 1779 4246; x_wconf 87' lang='lat' dir='ltr'><strong>lriuole</strong></span> <span class='ocrx_word' id='word_1_341' title='bbox 1828 4160 2055 4274; x_wconf 85' lang='lat' dir='ltr'><strong>allegationis</strong></span> 
     </span>
    </p>
   </div>
   <div class='ocr_carea' id='block_1_13' title="bbox 215 4269 2052 4386">
    <p class='ocr_par' dir='ltr' id='par_1_13' title="bbox 215 4269 2052 4386">
     <span class='ocr_line' id='line_1_35' title="bbox 215 4269 2052 4386; baseline -0.001 -33"><span class='ocrx_word' id='word_1_342' title='bbox 215 4272 224 4281; x_wconf 80' lang='grc'><strong>’</strong></span> <span class='ocrx_word' id='word_1_343' title='bbox 280 4276 528 4355; x_wconf 85' lang='lat' dir='ltr'><strong>munimenta</strong></span> <span class='ocrx_word' id='word_1_344' title='bbox 557 4275 764 4383; x_wconf 86' lang='lat' dir='ltr'><strong>conlingat</strong></span> <span class='ocrx_word' id='word_1_345' title='bbox 792 4290 838 4354; x_wconf 91' lang='lat' dir='ltr'><strong>ut</strong></span> <span class='ocrx_word' id='word_1_346' title='bbox 865 4304 885 4355; x_wconf 91' lang='lat' dir='ltr'><strong>a</strong></span> <span class='ocrx_word' id='word_1_347' title='bbox 917 4294 993 4356; x_wconf 90' lang='lat' dir='ltr'><strong>tam</strong></span> <span class='ocrx_word' id='word_1_348' title='bbox 1024 4278 1152 4358; x_wconf 89' lang='lat' dir='ltr'><strong>sancti</strong></span> <span class='ocrx_word' id='word_1_349' title='bbox 1195 4278 1477 4385; x_wconf 87' lang='lat' dir='ltr'><strong>prosecutione</strong></span> <span class='ocrx_word' id='word_1_350' title='bbox 1504 4279 1639 4386; x_wconf 92' lang='lat' dir='ltr'><strong>operis</strong></span> <span class='ocrx_word' id='word_1_351' title='bbox 1679 4304 1721 4358; x_wconf 91' lang='lat' dir='ltr'><strong>se</strong></span> <span class='ocrx_word' id='word_1_352' title='bbox 1766 4277 1976 4371; x_wconf 89' lang='lat' dir='ltr'><strong>subducat,</strong></span> <span class='ocrx_word' id='word_1_353' title='bbox 2000 4269 2052 4351; x_wconf 84' lang='lat' dir='ltr'><strong>sed</strong></span> 
     </span>
    </p>
   </div>
   <div class='ocr_carea' id='block_1_14' title="bbox 42 4385 2054 4610">
    <p class='ocr_par' dir='ltr' id='par_1_14' title="bbox 42 4373 2054 4610">
     <span class='ocr_line' id='line_1_36' title="bbox 116 4385 2054 4500; baseline -0.002 -34.184"><span class='ocrx_word' id='word_1_354' title='bbox 116 4492 124 4500; x_wconf 17' lang='lat' dir='ltr'>x</span> <span class='ocrx_word' id='word_1_355' title='bbox 163 4394 169 4401; x_wconf 85' lang='grc'><em>’</em></span> <span class='ocrx_word' id='word_1_356' title='bbox 281 4387 650 4494; x_wconf 84' lang='lat' dir='ltr'><strong>occurant&#39;singuli</strong></span> <span class='ocrx_word' id='word_1_357' title='bbox 680 4385 916 4495; x_wconf 82' lang='lat' dir='ltr'><strong>&#39;uoluntarij</strong></span> <span class='ocrx_word' id='word_1_358' title='bbox 950 4390 999 4468; x_wconf 89' lang='lat' dir='ltr'><strong>ad</strong></span> <span class='ocrx_word' id='word_1_359' title='bbox 1029 4387 1072 4469; x_wconf 94' lang='lat' dir='ltr'><strong>id</strong></span> <span class='ocrx_word' id='word_1_360' title='bbox 1100 4386 1213 4499; x_wconf 92' lang='lat' dir='ltr'><strong>quod</strong></span> <span class='ocrx_word' id='word_1_361' title='bbox 1241 4404 1281 4467; x_wconf 92' lang='lat' dir='ltr'><strong>et</strong></span> <span class='ocrx_word' id='word_1_362' title='bbox 1310 4387 1446 4469; x_wconf 85' lang='lat' dir='ltr'><strong>diuina</strong></span> <span class='ocrx_word' id='word_1_363' title='bbox 1475 4394 1665 4498; x_wconf 84' lang='lat' dir='ltr'><strong>congruit</strong></span> <span class='ocrx_word' id='word_1_364' title='bbox 1694 4390 1916 4484; x_wconf 83' lang='lat' dir='ltr'><strong>uoluntati,</strong></span> <span class='ocrx_word' id='word_1_365' title='bbox 1948 4402 1985 4465; x_wconf 91' lang='lat' dir='ltr'><strong>et</strong></span> <span class='ocrx_word' id='word_1_366' title='bbox 2007 4406 2054 4461; x_wconf 85' lang='lat' dir='ltr'><strong>sa·</strong></span> 
     </span>
     <span class='ocr_line' id='line_1_37' title="bbox 42 4486 2054 4610; baseline -0.004 -32"><span class='ocrx_word' id='word_1_367' title='bbox 42 4497 43 4525; x_wconf 60' lang='lat'>¹</span> <span class='ocrx_word' id='word_1_368' title='bbox 242 4584 252 4597; x_wconf 25' lang='lat'>³</span> <span class='ocrx_word' id='word_1_369' title='bbox 283 4494 406 4578; x_wconf 87' lang='lat' dir='ltr'><strong>lutem</strong></span> <span class='ocrx_word' id='word_1_370' title='bbox 436 4498 657 4577; x_wconf 89' lang='lat' dir='ltr'><strong>animarum</strong></span> <span class='ocrx_word' id='word_1_371' title='bbox 686 4526 733 4577; x_wconf 91' lang='lat' dir='ltr'><strong>ac</strong></span> <span class='ocrx_word' id='word_1_372' title='bbox 768 4497 981 4579; x_wconf 88' lang='lat' dir='ltr'><strong>utilitatem</strong></span> <span class='ocrx_word' id='word_1_373' title='bbox 1012 4502 1176 4610; x_wconf 90' lang='lat' dir='ltr'><strong>respicit</strong></span> <span class='ocrx_word' id='word_1_374' title='bbox 1204 4496 1465 4609; x_wconf 87' lang='lat' dir='ltr'><strong>singulorum.</strong></span> <span class='ocrx_word' id='word_1_375' title='bbox 1522 4504 1672 4581; x_wconf 89' lang='lat' dir='ltr'><strong>Datum</strong></span> <span class='ocrx_word' id='word_1_376' title='bbox 1704 4502 1876 4609; x_wconf 89' lang='lat' dir='ltr'><strong>pictauis</strong></span> <span class='ocrx_word' id='word_1_377' title='bbox 1903 4486 2054 4579; x_wconf 84' lang='lat' dir='ltr'><strong>secundo</strong></span> 
     </span>
    </p>
   </div>
   <div class='ocr_carea' id='block_1_15' title="bbox 42 4951 46 4965">
    <p class='ocr_par' dir='ltr' id='par_1_15' title="bbox 42 4944 46 5222">
     <span class='ocr_line' id='line_1_38' title="bbox 42 4951 46 4965; baseline 0 -17"><span class='ocrx_word' id='word_1_378' title='bbox 42 4951 46 4965; x_wconf 79' lang='grc'><strong>,</strong></span> 
     </span>
    </p>
   </div>
   <div class='ocr_carea' id='block_1_16' title="bbox 145 4606 1352 4717">
    <p class='ocr_par' dir='ltr' id='par_1_16' title="bbox 145 4606 1352 4717">
     <span class='ocr_line' id='line_1_39' title="bbox 145 4606 1352 4717; baseline 0.005 -32"><span class='ocrx_word' id='word_1_379' title='bbox 145 4627 152 4640; x_wconf 68' lang='grc'><em>“</em></span> <span class='ocrx_word' id='word_1_380' title='bbox 280 4606 380 4688; x_wconf 85' lang='lat' dir='ltr'><strong>Jdus</strong></span> <span class='ocrx_word' id='word_1_381' title='bbox 408 4610 581 4717; x_wconf 87' lang='lat' dir='ltr'><strong>Augusti</strong></span> <span class='ocrx_word' id='word_1_382' title='bbox 608 4609 869 4691; x_wconf 86' lang='lat' dir='ltr'><strong>Pontificatus</strong></span> <span class='ocrx_word' id='word_1_383' title='bbox 897 4614 1026 4690; x_wconf 90' lang='lat' dir='ltr'><strong>nostri</strong></span> <span class='ocrx_word' id='word_1_384' title='bbox 1053 4620 1172 4695; x_wconf 80' lang='lat' dir='ltr'><strong>Anno</strong></span> <span class='ocrx_word' id='word_1_385' title='bbox 1200 4610 1352 4691; x_wconf 89' lang='lat' dir='ltr'><strong>Tertio.</strong></span> 
     </span>
    </p>
   </div>
   <div class='ocr_carea' id='block_1_17' title="bbox 411 4720 1948 4973">
    <p class='ocr_par' dir='ltr' id='par_1_17' title="bbox 411 4720 1948 4973">
     <span class='ocr_line' id='line_1_40' title="bbox 961 4720 1397 4803; baseline -0.011 -17"><span class='ocrx_word' id='word_1_386' title='bbox 961 4722 1008 4787; x_wconf 77' lang='lat' dir='ltr'><strong>Pe</strong></span> <span class='ocrx_word' id='word_1_387' title='bbox 1016 4722 1214 4803; x_wconf 75' lang='lat' dir='ltr'><strong>frdttsidan:</strong></span> <span class='ocrx_word' id='word_1_388' title='bbox 1240 4722 1268 4784; x_wconf 84' lang='lat' dir='ltr'>R</span> <span class='ocrx_word' id='word_1_389' title='bbox 1289 4720 1323 4781; x_wconf 88' lang='lat' dir='ltr'><strong>C.</strong></span> <span class='ocrx_word' id='word_1_390' title='bbox 1348 4720 1397 4783; x_wconf 84' lang='lat' dir='ltr'><strong>lvr.</strong></span> 
     </span>
     <span class='ocr_line' id='line_1_41' title="bbox 411 4797 1948 4889; baseline -0.001 -26"><span class='ocrx_word' id='word_1_391' title='bbox 411 4800 609 4864; x_wconf 65' lang='lat' dir='ltr'><strong>&amp;namacio</strong></span> <span class='ocrx_word' id='word_1_392' title='bbox 630 4800 752 4866; x_wconf 83' lang='lat' dir='ltr'><strong>concilii</strong></span> <span class='ocrx_word' id='word_1_393' title='bbox 775 4804 928 4885; x_wconf 72' lang='lat' dir='ltr'><strong>genuclis</strong></span> <span class='ocrx_word' id='word_1_394' title='bbox 946 4816 1058 4868; x_wconf 69' lang='lat' dir='ltr'><strong>motta</strong></span> <span class='ocrx_word' id='word_1_395' title='bbox 1077 4804 1272 4888; x_wconf 73' lang='lat' dir='ltr'><strong>Temptatios</strong></span> <span class='ocrx_word' id='word_1_396' title='bbox 1294 4814 1325 4865; x_wconf 82' lang='lat' dir='ltr'><strong>ct</strong></span> <span class='ocrx_word' id='word_1_397' title='bbox 1344 4823 1381 4865; x_wconf 78' lang='lat' dir='ltr'><strong>ex</strong></span> <span class='ocrx_word' id='word_1_398' title='bbox 1401 4804 1468 4867; x_wconf 83' lang='lat' dir='ltr'><strong>allis</strong></span> <span class='ocrx_word' id='word_1_399' title='bbox 1491 4806 1589 4867; x_wconf 78' lang='lat' dir='ltr'><strong>causis</strong></span> <span class='ocrx_word' id='word_1_400' title='bbox 1615 4804 1773 4887; x_wconf 45' lang='lat' dir='ltr'><strong>&amp;mentis</strong></span> <span class='ocrx_word' id='word_1_401' title='bbox 1794 4823 1876 4889; x_wconf 80' lang='lat' dir='ltr'><strong>pape</strong></span> <span class='ocrx_word' id='word_1_402' title='bbox 1896 4797 1948 4863; x_wconf 69' lang='lat' dir='ltr'><strong>N.</strong></span> 
     </span>
     <span class='ocr_line' id='line_1_42' title="bbox 836 4886 1518 4973; baseline -0.001 -23"><span class='ocrx_word' id='word_1_403' title='bbox 836 4888 1004 4971; x_wconf 81' lang='lat' dir='ltr'><strong>Blybullan</strong></span> <span class='ocrx_word' id='word_1_404' title='bbox 1025 4889 1143 4969; x_wconf 79' lang='lat' dir='ltr'><strong>btuger</strong></span> <span class='ocrx_word' id='word_1_405' title='bbox 1164 4888 1204 4973; x_wconf 77' lang='lat' dir='ltr'><strong>pa</strong></span> <span class='ocrx_word' id='word_1_406' title='bbox 1226 4886 1518 4969; x_wconf 76' lang='lat' dir='ltr'><strong>segelgarcssoo&#39;reu.</strong></span> 
     </span>
    </p>
   </div>
   <div class='ocr_carea' id='block_1_18' title="bbox 283 5028 819 5119">
    <p class='ocr_par' dir='ltr' id='par_1_18' title="bbox 283 5028 819 5119">
     <span class='ocr_line' id='line_1_43' title="bbox 283 5028 819 5119; baseline 0.006 -26"><span class='ocrx_word' id='word_1_407' title='bbox 283 5095 287 5103; x_wconf 73' lang='grc'><em>,</em></span> <span class='ocrx_word' id='word_1_408' title='bbox 315 5032 368 5114; x_wconf 73' lang='lat'><strong>42)</strong></span> <span class='ocrx_word' id='word_1_409' title='bbox 389 5028 482 5096; x_wconf 82' lang='lat' dir='ltr'><strong>Vnde</strong></span> <span class='ocrx_word' id='word_1_410' title='bbox 503 5028 562 5095; x_wconf 77' lang='lat' dir='ltr'><strong>&amp;a</strong></span> <span class='ocrx_word' id='word_1_411' title='bbox 582 5032 624 5095; x_wconf 78' lang='lat' dir='ltr'><strong>Se</strong></span> <span class='ocrx_word' id='word_1_412' title='bbox 642 5032 710 5096; x_wconf 71' lang='lat' dir='ltr'><strong>lto</strong></span> <span class='ocrx_word' id='word_1_413' title='bbox 733 5034 819 5119; x_wconf 81' lang='lat'><strong>¹⁵9²·</strong></span> 
     </span>
    </p>
   </div>
   <div class='ocr_carea' id='block_1_19' title="bbox 0 0 2173 5972">
    <p class='ocr_par' dir='ltr' id='par_1_19' title="bbox 0 0 2173 5972">
     <span class='ocr_line' id='line_1_44' title="bbox 0 0 2173 5972; baseline 0 0"><span class='ocrx_word' id='word_1_414' title='bbox 0 0 2173 5972; x_wconf 95' lang='lat' dir='ltr'><strong> </strong></span> 
     </span>
    </p>
   </div>
  </div>
 </body>
</html>
