4317 5975
829 390 1074 495 ...375
1188 437 1244 455 ..-

30 700 36 705 ,
127 608 224 693 dam
255 608 541 691 litterascerco
554 608 687 716 sigillo
714 608 940 717 sigillatas·
962 639 1098 693 coram
1122 614 1244 695 nobis
1273 613 1512 697 exhibuitet
1530 614 1782 725 pupplicauit
1805 660 1823 677 ·
1848 642 1930 695 non

127 722 295 803 viciatus
325 764 345 784 ·
366 746 450 801 non
499 722 739 803 cancellatas
754 723 856 813 -sed
881 747 887 767 ·
908 727 1017 803 omni
1061 726 1169 807 vicio
1208 746 1259 808 et.
1294 728 1522 835 suspicione
1566 726 1930 809 carentes-Teno-
2024 820 2028 827 ¹

127 864 221 915 rem
250 834 323 942 qui
351 832 534 941 sequitur
563 834 1111 917 continentes-Reuerendis
1139 844 1211 919 &u
1255 841 1307 918 Se
1334 840 1416 921 Nm
1446 844 1526 922 822
1554 841 1626 921 uolt
1654 840 1719 946 93.
1772 838 1931 943 Quibus

79 975 87 983 ’
124 944 321 1027 exhibitis
363 960 405 1023 et
454 941 668 1052 diligenter
712 946 1002 1053 inspectis-ad
1032 949 1271 1031 instanciam
1322 949 1492 1059 predicti
1523 952 1657 1030 fratris
1687 952 1932 1032 Roscii-cas

125 1056 345 1137 transcribi
383 1054 548 1135 fecimus
575 1053 626 1142 de
655 1057 782 1138 v'erbo
809 1056 862 1137 ad
891 1057 1095 1139 verbum·
1112 1061 1168 1143 nil
1198 1061 1338 1143 addito
1368 1063 1432 1143 nel
1464 1080 1702 1143 onusto-et
1731 1060 1858 1171 redigi
1891 1064 1931 1142 in

125 1169 235 1249 hanc
279 1167 514 1276 pupplicam
545 1170 843 1249 accionem-in
872 1174 986 1254 euius
1015 1172 1073 1251 rei
1103 1174 1374 1256 testimonium
1416 1174 1800 1281 sigillum'nostrnm
1840 1202 1931 1282 pre-

124 1279 311 1360 sentibus
340 1278 530 1359 duximus
544 1279 833 1389 apponendum
846 1324 865 1341 ·
886 1282 1033 1363 Datum
1050 1282 1207 1365 Lundis
1227 1330 1244 1347 ·
1261 1313 1369 1365 anno
1384 1282 1519 1367 domin
1523 1315 1537 1393 J
1562 1286 1744 1367 M‘Cctt
1775 1284 1932 1367 Tercio.

46 1462 57 1470 .
121 1392 225 1472 ΧΨ
258 1389 336 1472 kal.
369 1389 589 1501 februarii.
1191 1388 1196 1407 ‘

755 1499 875 1581 sigillet
896 1502 1075 1582 bortlallet,
1095 1524 1216 1575 remsan
1238 1524 1325 1587 quar.
1440 1526 1444 1537 ·

33 1641 37 1647 ¹
143 1724 310 1833 1381.
472 1813 480 1822 .
547 1858 552 1874 ι
752 1724 1001 1839 1303-d.
1055 1746 1121 1859 14
1171 1726 1321 1869 Febr.
1399 1822 1402 1830 ,
1622 1724 1934 1875 Linlrtiping.

213 1946 393 2008 Kanlleroe
415 1943 523 2021 Kanr,
546 1944 619 2007 lnoa
638 1900 822 2009 ocbionoas
841 1970 882 2011 m.
904 1946 935 2011 ll
954 1948 1152 2014 Vittnesbrel
1165 1974 1216 2014 om
1239 1962 1282 2012 att
1305 1952 1412 2033 utbytc
1434 1950 1472 2011 al
1487 1948 1602 2029 gtrden
1615 1947 1726 2011 Wreta
1750 1958 1815 2011 mot
1835 1949 1936 2009 Norr-
1984 1970 1994 1991 κ

262 2029 318 2101 ed,
348 2028 462 2089 mellan
484 2029 653 2091 Gndmund
679 2031 917 2093 Gudmundsson
950 2034 1011 2093 ocb
1032 2036 1241 2119 Domprostcn
1266 2032 1419 2097 Wimund
1441 2034 1451 2093 i
1474 2032 1664 2115 Linlnping,
1699 2030 1759 2093 och
1790 2052 1842 2094 om
1877 2032 1936 2093 deu

261 2113 408 2175 sedum-es
429 2110 616 2192 mellangill‚
640 2114 685 2177 till
707 2117 814 2177 stirne·
827 2114 918 2177 delen
938 2117 1046 2199 erlagd
1068 2119 1077 2178 i
1101 2120 1190 2181 biiter
1212 2120 1261 2181 liin
1282 2119 1340 2179 den
1363 2118 1456 2179 forre.
1684 2196 1708 2251 A
1736 2196 1753 2247 6
1778 2213 1792 2249 Ι

241 2331 450 2411 Vniuersis
478 2348 684 2440 presentes
712 2330 869 2413 litteras
897 2334 1158 2441 inspecturis,
1186 2336 1410 2429 nisurus,
1439 2336 1567 2427 lacu,
1598 2350 1646 2413 et
1673 2356 1833 2413 otacus
1869 2360 1935 2415 ca·
2002 2420 2006 2428 ,

127 2444 267 2537 nooici
297 2442 568 2550 lincolienses,
598 2471 644 2523 ac
673 2467 914 2525 annonarus
942 2463 983 2524 et
1009 2470 1215 2527 consunns
1244 2443 1422 2526 eiusdem
1459 2446 1652 2539 ciuitatis,
1695 2446 1862 2525 salntem
1894 2446 1936 2523 in

125 2557 308 2636 omnium
338 2554 561 2648 calcatore,
590 2553 845 2636 Constitutus
873 2558 914 2634 in
944 2561 1153 2663 presencia
1184 2574 1319 2636 nostra
1352 2558 1393 2636 in
1420 2559 1585 2637 ecclesia
1618 2555 1842 2663 lincopensi
1872 2557 1963 2635 die

126 2668 240 2748 beati
275 2666 491 2760 ualentiui,
529 2663 803 2746 Gudmundus
837 2669 1064 2773 gudmundi
1095 2668 1265 2749 condam
1311 2668 1416 2748 lilius
1459 2694 1593 2746 curam
1627 2666 1743 2745 nobis
1774 2667 1937 2775 puplice

128 2778 333 2859 fatebatur
363 2776 476 2887 qnod
507 2804 584 2885 pro
610 2782 930 2877 commutacione
959 2782 1164 2867 curiarum
1180 2808 1302 2890 quam
1318 2781 1412 2861 fecit
1430 2806 1519 2859 cum
1551 2777 1727 2871 domino,
1758 2778 1826 2857 W.
1846 2776 1958 2887 με(

103 2891 266 3000 posito
295 2890 522 2998 lincopensi
550 2888 792 2969 dimittendo
821 2892 948 2972 eidem
966 2890 1132 2971 domino
1161 2892 1240 2972 .W.
1271 2894 1423 2972 curiam
1455 2888 1601 2970 dictam
1631 2888 1815 2969 Wretbae
1844 2919 1935 2969 cnm
1970 2927 1977 2934 ·

129 3003 321 3083 omnibus
348 3003 430 3081 suis
459 3003 704 3098 attinenciis,
733 3019 773 3080 et
804 3003 1038 3112 recipiendo
1065 3005 1206 3084 sibiet
1236 3007 1317 3085 suis
1338 3001 1562 3083 ..heredibus
1605 3004 1759 3081 curiam
1789 2999 1936 3084 dictam

128 3115 340 3207 norretlre,
371 3113 560 3218 inanius
590 3113 908 3208 melioracionem
940 3114 1493 3222 leuauerathicsubscripta,
1525 3114 1654 3222 primo
1682 3142 1772 3194 ctam
1804 3115 1936 3216 dictus

127 3225 393 3332 gudmnndus
422 3225 499 3304 iuit
527 3221 577 3302 ud
606 3223 766 3304 karelos
801 3254 877 3333 pro
906 3229 1029 3336 uarijs
1057 3231 1139 3308 suis
1169 3228 1327 3322 usibus,
1357 3227 1445 3306 XV.
1476 3253 1627 3306 {narnus
1657 3225 1793 3304 derant.
1831 3227 1932 3305 Jtem

7 3368 14 3379 ·
130 3337 331 3444 ingimaro
359 3335 469 3415 dicto
499 3335 709 3414 herdlrono
739 3338 820 3417 ‚Vt
852 3365 1003 3418 marcas
1032 3338 1165 3420 denar.
1192 3341 1314 3419 'Jtem
1354 3365 1540 3447 gunnaro
1568 3365 1687 3445 quom
1719 3337 1808 3415 lesit
1838 3354 1938 3443 aput

130 3449 310 3542 karolus,
354 3475 473 3525 uuam
515 3451 666 3527 curiam
704 3450 743 3526 in
785 3450 998 3529 vesterwik
1028 3453 1163 3546 sitam,
1209 3451 1408 3532 ualentem
1452 3449 1576 3531 .Xlll.
1606 3475 1757 3527 marcas
1799 3447 1936 3530 derrar.

128 3564 236 3641 ltem
266 3558 403 3640 uillico
432 3559 474 3638 in
507 3558 770 3666 thiaeng'naby
790 3589 921 3671 quem
958 3562 1056 3643 lesit.
1086 3580 1271 3672 quartam
1298 3577 1457 3670 -pnr'tem
1489 3562 1645 3667 attungi
1676 3561 1715 3639 in
1747 3561 1937 3669 nyartha·

127 3673 199 3752 wi.
228 3699 349 3782 quem
384 3669 582 3777 byrgerus
627 3670 832 3780 liquidson
862 3675 959 3752 emit
989 3702 1065 3781 pro
1094 3675 1287 3756 .XX.llll.
1320 3703 1471 3754 marcas
1500 3671 1637 3752 denar.
1696 3673 1800 3750 item
1833 3671 1934 3752 .ΧΠ.
2057 3753 2065 3772 ,

84 3857 89 3864 .
132 3813 284 3864 marcas
317 3780 455 3862 denar.
484 3811 560 3889 pro
590 3781 757 3862 dimidio
785 3801 958 3890 attungo
988 3789 1028 3864 in
1057 3786 1315 3892 sconbyergh
1336 3813 1437 3893 quas
1455 3784 1604 3862 leuauit
1626 3781 1813 3862 dominus
1834 3783 1936 3862 lton·

130 3925 255 4004 gerus
284 3892 429 3973 ulfscn.
488 3897 590 3972 ltem
620 3892 787 4003 quando
824 3895 901 3973 suit
933 3901 1181 4004 proscriptus
1229 3923 1304 4002 pro·
1331 3894 1505 4006 quadam
1536 3895 1851 3998 transgressione
1882 3895 1936 3972 le·

130 4011 205 4118 gis,
234 4005 339 4087 dicta
371 4004 605 4108 thingsfrid,
636 4035 711 4113 pro
744 4008 830 4084 iure
859 4009 971 4114 regio
1003 4027 1044 4088 et
1073 4008 1349 4114 bosehiptnec
1378 4033 1459 4085 non
1482 4023 1522 4084 et
1553 4032 1628 4111 pro
1657 4006 1743 4084 inre
1767 4007 1936 4112 prouin-

106 4119 246 4215 ciali,
273 4114 540 4228 quadraginta
574 4127 726 4197 mareas
754 4117 892 4198 denar.
938 4120 1041 4198 Jtem
1071 4148 1146 4227 pro
1191 4116 1365 4199 secunda
1405 4117 1734 4227 presumpcione,-
1772 4117 1935 4196 domino

133 4230 341 4340 philippo,
385 4227 557 4308 Wlfson.
589 4257 712 4307 tartum
743 4257 863 4337 equm
892 4229 1093 4310 tralentem
1126 4229 1226 4310 .ΧΧ.
1258 4257 1421 4310 marcas.
1479 4231 1581 4309 ltem
1615 4224 1781 4338 quondo
1810 4228 1962 4306 tercio
2047 4275 2050 4282 .

134 4345 215 4422 luit
242 4343 513 4449 proscriptus.
548 4341 714 4420 iohanni
745 4339 980 4422 dictolraka
1041 4370 1129 4422 uem
1148 4343 1234 4424 lesit
1264 4342 1326 4423 .Il.
1357 4369 1520 4422 marcas.
1546 4357 1587 4418 et
1618 4344 1795 4446 prniure
1824 4340 1936 4444 regio

133 4470 176 4534 et
207 4453 434 4560 boschipte,
463 4449 554 4531 XX.
586 4480 746 4533 araarcas.
776 4455 879 4531 ltem
909 4479 1025 4560 pro.
1070 4455 1119 4538 ll.
1149 4456 1290 4534 thunir
1305 4451 1418 4533 ordei
1434 4479 1538 4562 qnos
1568 4451 1660 4531 fecit
1689 4450 1876 4530 seminari
1893 4451 1935 4529 in
2054 4457 2058 4466 '

137 4563 355 4645 norredum
386 4561 467 4643 ‚VL
499 4590 660 4643 marcas.
691 4566 791 4642 ltem
814 4591 890 4671 pro
918 4564 1116 4647 .xx.1111.
1148 4567 1290 4674 thymi·
1304 4565 1418 4644 ordei
1446 4589 1550 4674 quos
1566 4563 1716 4668 recepit
1734 4559 1935 4668 hegirstud

139 4676 245 4757 .XlI.
276 4703 439 4756 marcas.
470 4675 575 4753 item
604 4673 811 4756 dimidium
840 4690 1053 4785 attnngum
1084 4694 1123 4757 et
1154 4677 1361 4759 .Xll:mam
1394 4692 1547 4783 partem
1577 4673 1734 4780 attungi
1765 4675 1806 4751 in
1837 4670 1935 4754 lund

78 4815 81 4820 ·
137 4793 248 4870 iuxta
265 4787 567 4894 suthurcopiam
585 4815 661 4895 pro
691 4782 793 4868 .ΧΧ.
810 4815 973 4884 marcas.
1002 4792 1106 4869 ltem
1122 4792 1162 4869 in
1180 4805 1338 4898 promta
1364 4786 1532 4896 pecunia
1563 4783 1623 4865 X.
1638 4811 1801 4862 inurens.
1833 4785 1936 4864 item
2026 4793 2072 4886 f

137 4899 187 4981 ad
219 4898 539 4980 melioracionem
572 4899 683 4978 ctarie
711 4896 817 4980 dicte
841 4897 1108 5008 relrkioscogh
1137 4929 1259 5010 quam
1290 4899 1442 5006 recepit
1470 4893 1728 5005 gudmundus
1765 4921 1840 5003 pro
1867 4925 1937 4974 ou·

138 5014 194 5093 ria
226 5010 332 5092 dieta
364 5008 482 5108 lund,
512 5025 701 5119 quartam
728 5027 886 5118 partem
915 5015 1074 5121 attungi
1104 5015 1148 5092 in
1177 5009 1356 5101 wistorc
1400 5009 1473 5089 hec
1510 5024 1643 5090 autem
1670 5008 1805 5089 omnia
1834 5007 1937 5086 sicut
2026 5113 2029 5119 Ι
