4317 5975
808 464 869 499 v·-
974 422 1058 523 483
1171 464 1229 487 -·

112 658 230 753 pater
257 634 621 725 misericordiarum
648 638 704 726 ad
731 638 1031 751 indulgenciam
1066 642 1223 747 facilius
1272 640 1491 727 inclinetur
1531 641 1700 727 cuilibet
1742 644 1921 729 claustro

109 757 154 835 in
183 777 312 864 regno
339 753 490 835 swenie
516 782 567 835 ex
595 754 671 834 ista
701 768 817 861 parte
845 756 967 837 maris
995 756 1227 840 constituto
1246 756 1525 867 cuiuscunque
1567 753 1723 839 ordinis
1750 757 1921 839 confero

110 892 231 949 uuam
261 862 478 947 Marcham'
495 866 665 973 argenti.
694 879 737 945 ct
761 862 969 959 dimidiam
997 866 1201 951 Marchem
1231 868 1389 976 argenti
1417 867 1584 951 cuilibet
1611 866 1775 976 capitali
1803 870 1946 977 regnis

106 980 237 1061 eciam
261 976 480 1058 memorati.
508 978 612 1058 Jteur
640 975 816 1060 cuilibet¹
857 976 1033 1086 plebano
1073 994 1116 1061 et
1157 980 1322 1061 ecclesie
1358 980 1400 1060 in
1428 980 1544 1063 cuius
1586 974 1778 1089 parochia
1809 979 1918 1061 hona

108 1087 409 1200 patrimonialia
440 1086 590 1169 habere
623 1086 813 1171 dinoscor
841 1115 965 1171 unam
992 1090 1197 1173 blancham
1226 1088 1319 1199 lego
1362 1108 1522 1175 monete
1564 1090 1713 1172 usualis
1740 1091 1849 1171 inter
1876 1116 1920 1171 ae

106 1199 307 1313 equaliter
334 1196 606 1282 diuidendum.
635 1197 742 1283 Jtem
769 1198 938 1284 cuilibet
964 1202 1165 1311 armigero
1187 1225 1275 1283 meo
1303 1227 1430 1282 unum
1458 1230 1578 1311 equm
1605 1201 1775 1284 confero
1803 1200 1921 1293 cuius,

82 1309 331 1425 ‘predilecte
360 1338 466 1392 uxor
493 1336 579 1392 mea
609 1312 832 1422 conspiciat
861 1309 1096 1399 bonitatem.
1131 1315 1235 1395 Jtem
1263 1308 1457 1395 Harthica
1485 1312 1635 1401 famulo
1678 1340 1767 1393 meo
1795 1340 1916 1423 equm

108 1451 242 1507 meum
259 1421 432 1503 rubeum
461 1418 516 1503 do
544 1450 622 1531 pro
636 1422 729 1505 XX.
760 1424 932 1505 Maronia
965 1421 1222 1507 denariorum
1252 1424 1488 1534 appreciato
1518 1424 1668 1505 lamulo
1697 1448 1788 1506 meo
1815 1441 1918 1504 stee·
1972 1467 1975 1477 ·
2061 1474 2127 1544 ,χ

106 1563 172 1617 nae
199 1532 380 1644 gladium
408 1560 540 1615 meum
569 1534 746 1617 confero.
774 1534 911 1619 Ceteri
937 1551 1072 1617 autem
1100 1534 1260 1618 famulis
1287 1536 1385 1617 meis
1422 1533 1637 1617 cotidianis
1664 1534 1915 1616 remunerari

107 1646 393 1753 committimus
422 1642 643 1753 predilecte
670 1648 790 1729 uxori
817 1667 903 1729 mee
930 1662 972 1727 et
999 1646 1089 1755 alijs
1117 1646 1410 1758 eaequtoribus
1439 1647 1667 1729 testamenti
1694 1645 1823 1727 huius.
1852 1670 1915 1725 se·

85 1756 286 1858 ¹nundum
313 1756 633 1869 uniuscuiusque
673 1785 815 1842 eorum
834 1818 838 1830 „
857 1758 1107 1841 famulatum.
1163 1761 1266 1841 Jtem
1295 1757 1345 1840 de
1373 1758 1460 1841 XL.
1489 1756 1663 1841 biarchis
1692 1758 1786 1867 puri
1814 1782 1915 1866 quas

107 1868 206 1951 mihi
234 1866 360 1949 frater
387 1895 500 1950 meus
526 1866 757 1955 karissimus
785 1868 895 1952 lulco
918 1885 1083 1952 tenetur
1108 1868 1198 1953 XV.
1227 1900 1277 1953 ex
1305 1869 1452 1952 eisdem
1482 1869 1655 1952 Marcbia
1681 1869 1837 1977 deputo
1864 1864 1919 1947 ad

107 1977 430 2089 redempcionem
459 1982 589 2063 crucis
618 2012 704 2065 mee
731 1978 786 2076 ad
813 1999 962 2063 terram
990 1997 1172 2066 sanctam
1201 1982 1276 2063 ista
1297 1979 1536 2088 condicione
1560 1980 1773 2092 prehabita
1802 1976 1916 2089 quod
2054 2002 2065 2017 ‘

105 2084 245 2174 decem
282 2091 442 2172 marche
485 2079 866 2177 laborantt'dentur
894 2094 937 2174 in
966 2120 1163 2202 expensas
1190 2108 1235 2173 et
1259 2093 1443 2203 quinque
1470 2094 1514 2174 in
1541 2108 1647 2174 terra
1683 2106 1822 2172 sancta
1853 2088 1913 2170 of-

106 2201 304 2285 ferentur.
331 2201 412 2281 XX
439 2216 573 2283 autem
600 2206 785 2317 quinque
813 2204 996 2287 Marchas
1024 2207 1118 2313 puri
1146 2200 1327 2285 residuas
1361 2202 1495 2286 soluat
1529 2202 1750 2313 predilecte
1792 2201 1913 2279 uxori

104 2342 193 2397 mee
251 2314 442 2395 lenariter
469 2330 511 2396 et
539 2316 717 2422 perfecte
749 2342 824 2423 pro
850 2313 997 2399 debitis
1026 2315 1123 2398 meis
1151 2312 1414 2397 redimendis
1444 2316 1632 2396 Ceterum
1660 2312 1795 2394 debita
1824 2336 1911 2390 mea
2036 2314 2039 2323 '

104 2344 375 2536 persoluenda
403 2426 611 2510 committo
638 2424 859 2537 predilecte
894 2428 1074 2509 consorti
1103 2452 1188 2509 mee
1218 2424 1269 2507 de
1297 2454 1379 2537 qua
1414 2428 1538 2536 magis
1581 2420 1743 2506 confido
1770 2436 1812 2501 et
1840 2420 1910 2503 lra-

103 2538 272 2620 rissirnis
300 2534 497 2617 fratribus
525 2541 624 2621 meis
651 2538 807 2620 fulconi
836 2538 1043 2621 laurencio
1071 2553 1113 2619 et
1140 2535 1515 2647 bumgerodomino
1532 2563 1679 2645 magno
1704 2532 1911 2615 ltaarlsson

86 2645 453 2758 execuqutoribus
480 2648 606 2731 huius
630 2652 880 2747 testamenti,
909 2677 1085 2760 quorum
1114 2648 1244 2754 sigilla
1273 2677 1352 2729 una
1380 2676 1471 2732 cum
1503 2649 1672 2760 proprio
1714 2644 1911 2755 presenti-

35 2800 42 2807 ·
103 2760 185 2842 bus
205 2775 303 2842 aunt
329 2785 498 2861 annexa,
526 2764 674 2846 Datum
704 2774 813 2843 anno
841 2760 994 2843 domini
1024 2760 1261 2843 tttc⁰c⁰c⁰
1293 2761 1383 2841 vlt.

527 2994 530 3005 Ι
669 2903 742 2967 Alla
761 2903 784 2965 5
802 2902 923 2986 aiglllen
943 2903 1051 2984 horta,
1078 2922 1236 2968 remsorna
1256 2922 1344 2988 quar.

110 3269 284 3376 1525.
674 3304 678 3314 ’
839 3266 979 3411 1307
1028 3265 1179 3374 Odat

183 3446 387 3555 wasnaum
406 3488 445 3551 ai
459 3481 662 3570 sundathorp
681 3485 1143 3570 Testamentarlabaanordning
1164 3488 1202 3552 af
1218 3484 1491 3574 penningsummor
1512 3487 1562 3551 till
1582 3453 1769 3572 tyrtoroet
1781 3482 1908 3561 kloster,

241 3571 373 3634 haarvid
393 3572 539 3636 Al'vastra
564 3570 681 3633 kloster
701 3571 854 3640 ldmthtns
874 3591 927 3634 om
949 3570 1018 3653 jord
1039 3575 1049 3634 i
1071 3573 1213 3650 Haletem
1245 3571 1292 3635 till
1314 3582 1390 3658 pant
1410 3571 1460 3636 ldr
1491 3566 1531 3633 de
1551 3571 1599 3638 3ο,
1613 3569 1704 3635 mark
1725 3568 1908 3654 penningar‚
2006 3615 2008 3624 .

235 3673 303 3718 acm
324 3653 376 3717 nn
396 3654 470 3718 vald
490 3653 646 3738 gristplata
665 3654 677 3714 i
699 3653 827 3755 lrlcstret
847 3654 951 3719 blisrit
970 3658 1129 3737 anslagna,
1388 3700 1392 3708 ·
1652 3731 1687 3788 ἡ
1704 3733 1729 3788 3·
1746 3751 1774 3792 v·

211 3873 263 3953 Jn
286 3871 451 3954 nomine
481 3871 607 3980 patria
632 3884 675 3949 et
702 3870 775 3978 filij
801 3887 842 3951 et
879 3871 1046 3978 spiritus
1073 3871 1215 3952 sancti.
1245 3872 1395 3967 Amen,
1427 3870 1516 3978 Ego
1544 3890 1829 3952 wannsuanus
1857 3863 1908 3950 de

93 3979 376 4092 swndathorp
409 3979 668 4075 considerans
696 3979 810 4091 quod
838 3984 972 4062 omnia
1000 4009 1080 4092 que
1108 3982 1184 4065 sub
1224 3981 1313 4063 celo
1353 3996 1448 4062 sunt
1476 4009 1527 4061 ea
1555 3979 1705 4063 nichilo
1747 3974 1921 4061 condita·
1973 3991 1976 3998 '

94 4109 218 4191 suut,
247 4110 289 4175 et
321 4093 374 4177 ad
401 4121 513 4174 auam
543 4093 741 4200 originem
771 4093 946 4175 tendunt
959 4095 1183 4190 uniuersa,
1226 4110 1269 4175 et
1296 4093 1374 4174 hoc
1408 4091 1539 4173 solum
1567 4091 1618 4174 de
1647 4094 1768 4175 rebus
1796 4105 1908 4179 tran·
1952 4175 1960 4190 x
2018 4137 2022 4148 ‚

93 4205 256 4314 sitorijs
284 4221 378 4314 post
406 4203 527 4285 huius
553 4205 636 4285 vite
660 4205 875 4286 transitum
916 4233 1001 4286 non
1041 4207 1214 4288 transire
1256 4202 1481 4286 dinoscitur
1523 4201 1635 4314 quod
1663 4202 1715 4286 ad
1745 4201 1908 4312 pietatis

92 4314 419 4400 misericordiam
446 4331 659 4424 erogatur,
701 4312 804 4398 ldeo
831 4319 876 4398 in
904 4315 1238 4427 superbenedicte
1285 4316 1477 4398 trinitatis
1518 4314 1681 4398 nomine
1709 4313 1760 4399 de
1788 4311 1911 4393 rebus
2002 4359 2007 4371 ·

92 4429 202 4512 mihi
229 4427 357 4528 aben
382 4427 478 4511 licet
506 4428 707 4508 immerito
733 4427 955 4535 largissime
983 4431 1180 4511 concessis
1208 4443 1489 4510 testamentum
1510 4454 1641 4508 meum
1669 4423 1835 4508 condidi
1865 4421 1909 4501 in
1985 4487 1989 4520 ,

91 4541 213 4628 hunc
241 4536 426 4636 hrodum,
468 4540 521 4619 Jn
564 4538 705 4648 primis
734 4541 940 4624 monachis
981 4541 1145 4622 alvastri
1185 4538 1235 4622 ad
1278 4567 1382 4650 quos
1422 4536 1576 4618 diutina
1618 4535 1911 4619 deliberatione

88 4650 202 4736 anibi
230 4651 324 4759 eligi
351 4649 486 4732 locum
516 4648 725 4760 sepulture
753 4651 921 4732 confero
947 4649 1107 4733 XXX1¹²
1141 4679 1293 4733 marcas
1333 4649 1470 4731 denar.
1512 4650 1712 4731 currentis
1749 4661 1908 4728 monete

92 4761 291 4870 obligans
320 4789 396 4871 pro
423 4761 571 4844 eisdem
599 4760 761 4844 XXle·
795 4769 938 4845 marcis
975 4761 1194 4848 dimidium¹
1228 4764 1481 4846 octonarium
1524 4762 1642 4842 situm
1684 4763 1727 4842 in
1763 4759 1909 4843 calsta-

53 4871 224 4970 'dum4
251 4875 459 4982 assignans
486 4869 659 4954 eundem
688 4873 781 4956 loco
809 4875 991 4984 pignoris
1031 4873 1240 4958 monachia
1282 4875 1511 4955 memoratis
1551 4873 1798 4958 condicione.
1833 4870 1906 4980 talj

89 5000 148 5086 vt
174 4985 209 5066 si
237 5000 334 5067 ante
362 4983 508 5067 festum
536 4986 665 5066 sancti
693 4985 805 5093 olauj
833 4986 1017 5096 proxime
1045 5002 1261 5070 venturum
1290 4984 1345 5066 ab
1374 4983 1591 5068 heredibus
1628 4988 1726 5069 meis
1752 4984 1906 5070 redem·
1990 5071 1992 5079 ,
