<?xml version="1.0" encoding="UTF-8"?>
<!DOCTYPE html PUBLIC "-//W3C//DTD XHTML 1.0 Transitional//EN"
    "http://www.w3.org/TR/xhtml1/DTD/xhtml1-transitional.dtd">
<html xmlns="http://www.w3.org/1999/xhtml" xml:lang="en" lang="en">
 <head>
  <title>
</title>
<meta http-equiv="Content-Type" content="text/html;charset=utf-8" />
  <meta name='ocr-system' content='tesseract 3.04.00' />
  <meta name='ocr-capabilities' content='ocr_page ocr_carea ocr_par ocr_line ocrx_word'/>
</head>
<body>
  <div class='ocr_page' id='page_1' title='image "./svensktdiplomat01swegoog/svensktdiplomat01swegoog_0239.png"; bbox 0 0 4317 5975; ppageno 0'>
   <div class='ocr_carea' id='block_1_1' title="bbox 856 390 1355 473">
    <p class='ocr_par' dir='ltr' id='par_1_1' title="bbox 856 390 1355 473">
     <span class='ocr_line' id='line_1_1' title="bbox 856 390 1355 473; baseline 0.002 -2"><span class='ocrx_word' id='word_1_1' title='bbox 856 390 1355 473; x_wconf 73' lang='lat' dir='ltr'><strong>·-aass-·</strong></span> 
     </span>
    </p>
   </div>
   <div class='ocr_carea' id='block_1_2' title="bbox 136 561 2073 949">
    <p class='ocr_par' dir='ltr' id='par_1_2' title="bbox 136 561 2072 949">
     <span class='ocr_line' id='line_1_2' title="bbox 136 561 2072 721; baseline -0.002 -26"><span class='ocrx_word' id='word_1_2' title='bbox 136 694 140 702; x_wconf 77' lang='grc'><strong>,</strong></span> <span class='ocrx_word' id='word_1_3' title='bbox 260 561 490 697; x_wconf 84' lang='lat' dir='ltr'><strong>mandatum</strong></span> <span class='ocrx_word' id='word_1_4' title='bbox 536 613 848 695; x_wconf 81' lang='lat' dir='ltr'><strong>commiserimus</strong></span> <span class='ocrx_word' id='word_1_5' title='bbox 891 612 1086 720; x_wconf 79' lang='lat' dir='ltr'><strong>puniatur</strong></span> <span class='ocrx_word' id='word_1_6' title='bbox 1198 610 1237 701; x_wconf 90' lang='lat' dir='ltr'><strong>i</strong></span> <span class='ocrx_word' id='word_1_7' title='bbox 1258 636 1356 691; x_wconf 87' lang='lat' dir='ltr'><strong>vero</strong></span> <span class='ocrx_word' id='word_1_8' title='bbox 1396 609 1531 691; x_wconf 88' lang='lat' dir='ltr'><strong>bona</strong></span> <span class='ocrx_word' id='word_1_9' title='bbox 1546 605 1809 693; x_wconf 80' lang='lat' dir='ltr'><strong>ecclesiastica</strong></span> <span class='ocrx_word' id='word_1_10' title='bbox 1854 612 2072 721; x_wconf 68' lang='lat' dir='ltr'><strong>superflue</strong></span> 
     </span>
     <span class='ocr_line' id='line_1_3' title="bbox 214 719 2073 833; baseline -0.002 -25"><span class='ocrx_word' id='word_1_11' title='bbox 214 725 220 737; x_wconf 86' lang='grc'><strong>’</strong></span> <span class='ocrx_word' id='word_1_12' title='bbox 260 728 489 833; x_wconf 83' lang='lat' dir='ltr'><strong>eroganerit</strong></span> <span class='ocrx_word' id='word_1_13' title='bbox 517 744 558 807; x_wconf 87' lang='lat' dir='ltr'><strong>et</strong></span> <span class='ocrx_word' id='word_1_14' title='bbox 585 740 753 833; x_wconf 90' lang='lat' dir='ltr'><strong>propter</strong></span> <span class='ocrx_word' id='word_1_15' title='bbox 781 724 859 804; x_wconf 90' lang='lat' dir='ltr'><strong>hoc</strong></span> <span class='ocrx_word' id='word_1_16' title='bbox 888 721 1060 805; x_wconf 82' lang='lat' dir='ltr'><strong>fundum</strong></span> <span class='ocrx_word' id='word_1_17' title='bbox 1084 752 1152 805; x_wconf 90' lang='lat' dir='ltr'><strong>ecc</strong></span> <span class='ocrx_word' id='word_1_18' title='bbox 1170 719 1490 804; x_wconf 87' lang='lat' dir='ltr'><strong>ceiereddiderit</strong></span> <span class='ocrx_word' id='word_1_19' title='bbox 1518 719 1741 805; x_wconf 88' lang='lat' dir='ltr'><strong>desolatum</strong></span> <span class='ocrx_word' id='word_1_20' title='bbox 1769 739 1989 832; x_wconf 85' lang='lat' dir='ltr'><strong>tamquam</strong></span> <span class='ocrx_word' id='word_1_21' title='bbox 2012 724 2073 806; x_wconf 90' lang='lat' dir='ltr'><strong>di·</strong></span> 
     </span>
     <span class='ocr_line' id='line_1_4' title="bbox 261 835 928 949; baseline -0.002 -33"><span class='ocrx_word' id='word_1_22' title='bbox 261 836 462 949; x_wconf 77' lang='lat' dir='ltr'><strong>lapidator</strong></span> <span class='ocrx_word' id='word_1_23' title='bbox 491 835 693 919; x_wconf 88' lang='lat' dir='ltr'><strong>bonorum</strong></span> <span class='ocrx_word' id='word_1_24' title='bbox 721 836 928 945; x_wconf 79' lang='lat' dir='ltr'><strong>puniatur</strong></span> 
     </span>
    </p>
   </div>
   <div class='ocr_carea' id='block_1_3' title="bbox 135 1108 2159 4926">
    <p class='ocr_par' dir='ltr' id='par_1_3' title="bbox 400 1108 2074 1235">
     <span class='ocr_line' id='line_1_5' title="bbox 400 1108 2074 1235; baseline -0.003 -25"><span class='ocrx_word' id='word_1_25' title='bbox 400 1108 603 1235; x_wconf 79' lang='lat' dir='ltr'><strong>Super</strong></span> <span class='ocrx_word' id='word_1_26' title='bbox 591 1122 835 1209; x_wconf 87' lang='lat' dir='ltr'><strong>reiuniorum</strong></span> <span class='ocrx_word' id='word_1_27' title='bbox 879 1122 1168 1205; x_wconf 88' lang='lat' dir='ltr'><strong>obseruacione</strong></span> <span class='ocrx_word' id='word_1_28' title='bbox 1211 1123 1331 1203; x_wconf 86' lang='lat' dir='ltr'><strong>talem</strong></span> <span class='ocrx_word' id='word_1_29' title='bbox 1380 1120 1566 1227; x_wconf 81' lang='lat' dir='ltr'><strong>fecimus</strong></span> <span class='ocrx_word' id='word_1_30' title='bbox 1588 1119 1911 1204; x_wconf 77' lang='lat' dir='ltr'><strong>decimacionem</strong></span> <span class='ocrx_word' id='word_1_31' title='bbox 1960 1137 2006 1202; x_wconf 86' lang='lat' dir='ltr'><strong>vt</strong></span> <span class='ocrx_word' id='word_1_32' title='bbox 2033 1126 2074 1205; x_wconf 89' lang='lat' dir='ltr'><strong>in</strong></span> 
     </span>
    </p>

    <p class='ocr_par' dir='ltr' id='par_1_4' title="bbox 175 1212 2076 1367">
     <span class='ocr_line' id='line_1_6' title="bbox 175 1212 2076 1367; baseline 0.001 -51"><span class='ocrx_word' id='word_1_33' title='bbox 175 1279 177 1290; x_wconf 91' lang='lat'><em>·</em></span> <span class='ocrx_word' id='word_1_34' title='bbox 261 1249 469 1367; x_wconf 81' lang='lat' dir='ltr'><strong>posterum</strong></span> <span class='ocrx_word' id='word_1_35' title='bbox 508 1264 601 1317; x_wconf 92' lang='lat' dir='ltr'><strong>cum</strong></span> <span class='ocrx_word' id='word_1_36' title='bbox 630 1236 775 1318; x_wconf 85' lang='lat' dir='ltr'><strong>festum</strong></span> <span class='ocrx_word' id='word_1_37' title='bbox 804 1231 970 1346; x_wconf 88' lang='lat' dir='ltr'><strong>aliquod</strong></span> <span class='ocrx_word' id='word_1_38' title='bbox 986 1236 1176 1363; x_wconf 32' lang='lat' dir='ltr'><strong>&#39;vigiliam</strong></span> <span class='ocrx_word' id='word_1_39' title='bbox 1205 1232 1361 1314; x_wconf 87' lang='lat' dir='ltr'><strong>habens</strong></span> <span class='ocrx_word' id='word_1_40' title='bbox 1383 1212 1666 1315; x_wconf 83' lang='lat' dir='ltr'><strong>ieiunabilem</strong></span> <span class='ocrx_word' id='word_1_41' title='bbox 1654 1230 1773 1313; x_wconf 86' lang='lat' dir='ltr'><strong>rndie</strong></span> <span class='ocrx_word' id='word_1_42' title='bbox 1797 1233 1898 1313; x_wconf 89' lang='lat' dir='ltr'><strong>lune</strong></span> <span class='ocrx_word' id='word_1_43' title='bbox 1931 1260 2076 1317; x_wconf 87' lang='lat' dir='ltr'><strong>euene-</strong></span> 
     </span>
    </p>

    <p class='ocr_par' dir='ltr' id='par_1_5' title="bbox 149 1343 2159 1793">
     <span class='ocr_line' id='line_1_7' title="bbox 149 1343 2159 1473; baseline 0 -45"><span class='ocrx_word' id='word_1_44' title='bbox 149 1406 180 1427; x_wconf 70' lang='grc'><strong>.,</strong></span> <span class='ocrx_word' id='word_1_45' title='bbox 260 1350 317 1428; x_wconf 92' lang='lat' dir='ltr'><strong>rit</strong></span> <span class='ocrx_word' id='word_1_46' title='bbox 358 1350 401 1428; x_wconf 88' lang='lat' dir='ltr'><strong>in</strong></span> <span class='ocrx_word' id='word_1_47' title='bbox 443 1347 616 1429; x_wconf 90' lang='lat' dir='ltr'><strong>sabbato</strong></span> <span class='ocrx_word' id='word_1_48' title='bbox 669 1344 957 1456; x_wconf 84' lang='lat' dir='ltr'><strong>precedenti</strong></span> <span class='ocrx_word' id='word_1_49' title='bbox 945 1347 1138 1426; x_wconf 88' lang='lat' dir='ltr'><strong>reiunium</strong></span> <span class='ocrx_word' id='word_1_50' title='bbox 1190 1343 1289 1426; x_wconf 90' lang='lat' dir='ltr'><strong>iliud</strong></span> <span class='ocrx_word' id='word_1_51' title='bbox 1333 1345 1422 1443; x_wconf 84' lang='lat' dir='ltr'><strong>fiat,</strong></span> <span class='ocrx_word' id='word_1_52' title='bbox 1471 1346 1577 1425; x_wconf 87' lang='lat' dir='ltr'><strong>sicut</strong></span> <span class='ocrx_word' id='word_1_53' title='bbox 1618 1346 1705 1425; x_wconf 91' lang='lat' dir='ltr'><strong>iura</strong></span> <span class='ocrx_word' id='word_1_54' title='bbox 1753 1345 1831 1425; x_wconf 90' lang='lat' dir='ltr'><strong>hoc</strong></span> <span class='ocrx_word' id='word_1_55' title='bbox 1879 1345 2092 1473; x_wconf 76' lang='lat' dir='ltr'><strong>mandare.</strong></span> <span class='ocrx_word' id='word_1_56' title='bbox 2157 1378 2159 1385; x_wconf 55' lang='lat'><strong><em>⁴</em></strong></span> 
     </span>
     <span class='ocr_line' id='line_1_8' title="bbox 263 1456 2075 1567; baseline -0.001 -25"><span class='ocrx_word' id='word_1_57' title='bbox 263 1457 453 1542; x_wconf 82' lang='lat' dir='ltr'><strong>ridentur</strong></span> <span class='ocrx_word' id='word_1_58' title='bbox 481 1457 552 1539; x_wconf 89' lang='lat' dir='ltr'><strong>sed</strong></span> <span class='ocrx_word' id='word_1_59' title='bbox 581 1475 750 1567; x_wconf 88' lang='lat' dir='ltr'><strong>propter</strong></span> <span class='ocrx_word' id='word_1_60' title='bbox 792 1458 1017 1567; x_wconf 86' lang='lat' dir='ltr'><strong>penitencie</strong></span> <span class='ocrx_word' id='word_1_61' title='bbox 1059 1457 1391 1539; x_wconf 90' lang='lat' dir='ltr'><strong>consuetudinem</strong></span> <span class='ocrx_word' id='word_1_62' title='bbox 1435 1456 1636 1537; x_wconf 88' lang='lat' dir='ltr'><strong>aieiunio</strong></span> <span class='ocrx_word' id='word_1_63' title='bbox 1678 1474 1856 1537; x_wconf 90' lang='lat' dir='ltr'><strong>cessetur</strong></span> <span class='ocrx_word' id='word_1_64' title='bbox 1910 1458 1953 1535; x_wconf 87' lang='lat' dir='ltr'><strong>in</strong></span> <span class='ocrx_word' id='word_1_65' title='bbox 1999 1456 2075 1540; x_wconf 91' lang='lat' dir='ltr'><strong>boc</strong></span> 
     </span>
     <span class='ocr_line' id='line_1_9' title="bbox 262 1566 2072 1699; baseline -0.002 -47"><span class='ocrx_word' id='word_1_66' title='bbox 262 1597 377 1670; x_wconf 84' lang='lat' dir='ltr'><strong>casu,</strong></span> <span class='ocrx_word' id='word_1_67' title='bbox 406 1572 455 1654; x_wconf 90' lang='lat' dir='ltr'><strong>ad</strong></span> <span class='ocrx_word' id='word_1_68' title='bbox 486 1571 640 1677; x_wconf 83' lang='lat' dir='ltr'><strong>vigilias</strong></span> <span class='ocrx_word' id='word_1_69' title='bbox 682 1586 818 1651; x_wconf 88' lang='lat' dir='ltr'><strong>autem</strong></span> <span class='ocrx_word' id='word_1_70' title='bbox 847 1570 889 1648; x_wconf 89' lang='lat' dir='ltr'><strong>iu</strong></span> <span class='ocrx_word' id='word_1_71' title='bbox 918 1596 1021 1677; x_wconf 87' lang='lat' dir='ltr'><strong>pane</strong></span> <span class='ocrx_word' id='word_1_72' title='bbox 1049 1573 1090 1650; x_wconf 86' lang='lat'>&amp;</span> <span class='ocrx_word' id='word_1_73' title='bbox 1118 1597 1245 1699; x_wconf 39' lang='lat' dir='ltr'><strong>aqua·</strong></span> <span class='ocrx_word' id='word_1_74' title='bbox 1252 1596 1321 1649; x_wconf 91' lang='lat' dir='ltr'><strong>seu</strong></span> <span class='ocrx_word' id='word_1_75' title='bbox 1352 1567 1393 1646; x_wconf 91' lang='lat' dir='ltr'><strong>in</strong></span> <span class='ocrx_word' id='word_1_76' title='bbox 1424 1568 1604 1675; x_wconf 90' lang='lat' dir='ltr'><strong>piscibus</strong></span> <span class='ocrx_word' id='word_1_77' title='bbox 1645 1566 1884 1649; x_wconf 86' lang='lat' dir='ltr'><strong>ieiunandas</strong></span> <span class='ocrx_word' id='word_1_78' title='bbox 1914 1568 1977 1669; x_wconf 78' lang='lat' dir='ltr'><strong>iili</strong></span> <span class='ocrx_word' id='word_1_79' title='bbox 2011 1596 2072 1650; x_wconf 92' lang='lat' dir='ltr'><strong>so·</strong></span> 
     </span>
     <span class='ocr_line' id='line_1_10' title="bbox 263 1672 2123 1793; baseline -0.001 -31"><span class='ocrx_word' id='word_1_80' title='bbox 263 1685 348 1763; x_wconf 93' lang='lat' dir='ltr'><strong>lum</strong></span> <span class='ocrx_word' id='word_1_81' title='bbox 391 1678 555 1773; x_wconf 83' lang='lat' dir='ltr'><strong>ecclesie</strong></span> <span class='ocrx_word' id='word_1_82' title='bbox 582 1697 779 1790; x_wconf 87' lang='lat' dir='ltr'><strong>precepto</strong></span> <span class='ocrx_word' id='word_1_83' title='bbox 807 1680 1081 1789; x_wconf 85' lang='lat' dir='ltr'><strong>astringantur</strong></span> <span class='ocrx_word' id='word_1_84' title='bbox 1119 1682 1193 1793; x_wconf 90' lang='lat' dir='ltr'><strong>qui</strong></span> <span class='ocrx_word' id='word_1_85' title='bbox 1233 1681 1275 1759; x_wconf 88' lang='lat' dir='ltr'><strong>in</strong></span> <span class='ocrx_word' id='word_1_86' title='bbox 1315 1680 1475 1763; x_wconf 76' lang='lat' dir='ltr'><strong>XVIII·</strong></span> <span class='ocrx_word' id='word_1_87' title='bbox 1507 1708 1616 1760; x_wconf 89' lang='lat' dir='ltr'><strong>anno</strong></span> <span class='ocrx_word' id='word_1_88' title='bbox 1659 1706 1731 1759; x_wconf 89' lang='lat' dir='ltr'><strong>sue</strong></span> <span class='ocrx_word' id='word_1_89' title='bbox 1765 1682 1889 1761; x_wconf 87' lang='lat' dir='ltr'><strong>etatis</strong></span> <span class='ocrx_word' id='word_1_90' title='bbox 1921 1679 2073 1763; x_wconf 86' lang='lat' dir='ltr'><strong>fuerint</strong></span> <span class='ocrx_word' id='word_1_91' title='bbox 2118 1672 2123 1683; x_wconf 82' lang='grc'><strong>’</strong></span> 
     </span>
    </p>

    <p class='ocr_par' dir='ltr' id='par_1_6' title="bbox 157 1794 486 1877">
     <span class='ocr_line' id='line_1_11' title="bbox 157 1794 486 1877; baseline -0.009 0"><span class='ocrx_word' id='word_1_92' title='bbox 157 1794 161 1802; x_wconf 73' lang='grc'><strong>’</strong></span> <span class='ocrx_word' id='word_1_93' title='bbox 192 1860 196 1869; x_wconf 88' lang='grc'><em>.</em></span> <span class='ocrx_word' id='word_1_94' title='bbox 263 1796 486 1877; x_wconf 88' lang='lat' dir='ltr'><strong>constituti</strong></span> 
     </span>
    </p>

    <p class='ocr_par' dir='ltr' id='par_1_7' title="bbox 344 1868 2069 2035">
     <span class='ocr_line' id='line_1_12' title="bbox 344 1868 2069 2035; baseline -0.001 -46.98"><span class='ocrx_word' id='word_1_95' title='bbox 344 1903 746 1988; x_wconf 88' lang='lat' dir='ltr'><strong>Considerantes</strong></span> <span class='ocrx_word' id='word_1_96' title='bbox 734 1932 901 2013; x_wconf 83' lang='lat' dir='ltr'><strong>rnsuper</strong></span> <span class='ocrx_word' id='word_1_97' title='bbox 929 1901 1040 2014; x_wconf 91' lang='lat' dir='ltr'><strong>quod</strong></span> <span class='ocrx_word' id='word_1_98' title='bbox 1068 1932 1118 1987; x_wconf 84' lang='lat' dir='ltr'><strong>ex</strong></span> <span class='ocrx_word' id='word_1_99' title='bbox 1155 1868 1364 2035; x_wconf 84' lang='lat' dir='ltr'><strong>prohibito</strong></span> <span class='ocrx_word' id='word_1_100' title='bbox 1391 1921 1498 1986; x_wconf 91' lang='lat' dir='ltr'><strong>terre</strong></span> <span class='ocrx_word' id='word_1_101' title='bbox 1527 1903 1766 1984; x_wconf 87' lang='lat' dir='ltr'><strong>laboricio</strong></span> <span class='ocrx_word' id='word_1_102' title='bbox 1752 1934 1795 1985; x_wconf 85' lang='lat' dir='ltr'><strong>ru</strong></span> <span class='ocrx_word' id='word_1_103' title='bbox 1823 1904 2069 2015; x_wconf 82' lang='lat' dir='ltr'><strong>quibusdam</strong></span> 
     </span>
    </p>

    <p class='ocr_par' dir='ltr' id='par_1_8' title="bbox 181 2010 2157 2461">
     <span class='ocr_line' id='line_1_13' title="bbox 181 2010 2071 2126; baseline -0.002 -27"><span class='ocrx_word' id='word_1_104' title='bbox 181 2010 185 2029; x_wconf 75' lang='grc'><em>’</em></span> <span class='ocrx_word' id='word_1_105' title='bbox 264 2018 381 2101; x_wconf 83' lang='lat' dir='ltr'><strong>festis</strong></span> <span class='ocrx_word' id='word_1_106' title='bbox 405 2033 637 2098; x_wconf 86' lang='lat' dir='ltr'><strong>sanctorum</strong></span> <span class='ocrx_word' id='word_1_107' title='bbox 666 2022 705 2097; x_wconf 86' lang='lat'>&amp;</span> <span class='ocrx_word' id='word_1_108' title='bbox 733 2018 880 2126; x_wconf 87' lang='lat' dir='ltr'><strong>vigiliis</strong></span> <span class='ocrx_word' id='word_1_109' title='bbox 908 2015 984 2097; x_wconf 93' lang='lat' dir='ltr'><strong>sub</strong></span> <span class='ocrx_word' id='word_1_110' title='bbox 1015 2044 1117 2124; x_wconf 83' lang='lat' dir='ltr'><strong>pena</strong></span> <span class='ocrx_word' id='word_1_111' title='bbox 1148 2017 1379 2125; x_wconf 88' lang='lat' dir='ltr'><strong>pecuniaria</strong></span> <span class='ocrx_word' id='word_1_112' title='bbox 1420 2014 1544 2095; x_wconf 86' lang='lat' dir='ltr'><strong>multa</strong></span> <span class='ocrx_word' id='word_1_113' title='bbox 1574 2013 1863 2125; x_wconf 83' lang='lat' dir='ltr'><strong>dampna&amp;</strong></span> <span class='ocrx_word' id='word_1_114' title='bbox 1850 2044 2071 2097; x_wconf 75' lang='lat' dir='ltr'><strong>incommo-</strong></span> 
     </span>
     <span class='ocr_line' id='line_1_14' title="bbox 265 2126 2070 2235; baseline -0.001 -23"><span class='ocrx_word' id='word_1_115' title='bbox 265 2126 318 2212; x_wconf 88' lang='lat' dir='ltr'><strong>da</strong></span> <span class='ocrx_word' id='word_1_116' title='bbox 346 2130 488 2211; x_wconf 89' lang='lat' dir='ltr'><strong>incolis</strong></span> <span class='ocrx_word' id='word_1_117' title='bbox 516 2144 624 2211; x_wconf 88' lang='lat' dir='ltr'><strong>terre</strong></span> <span class='ocrx_word' id='word_1_118' title='bbox 654 2144 790 2208; x_wconf 89' lang='lat' dir='ltr'><strong>nostre</strong></span> <span class='ocrx_word' id='word_1_119' title='bbox 820 2147 1106 2235; x_wconf 88' lang='lat' dir='ltr'><strong>peruenerant,</strong></span> <span class='ocrx_word' id='word_1_120' title='bbox 1139 2126 1425 2235; x_wconf 82' lang='lat' dir='ltr'><strong>indulgemus</strong></span> <span class='ocrx_word' id='word_1_121' title='bbox 1414 2157 1457 2208; x_wconf 89' lang='grc' dir='ltr'><strong>ιιι</strong></span> <span class='ocrx_word' id='word_1_122' title='bbox 1486 2142 1691 2234; x_wconf 90' lang='lat' dir='ltr'><strong>posterum</strong></span> <span class='ocrx_word' id='word_1_123' title='bbox 1721 2142 1766 2205; x_wconf 86' lang='lat' dir='ltr'><strong>vt</strong></span> <span class='ocrx_word' id='word_1_124' title='bbox 1787 2126 2034 2215; x_wconf 86' lang='lat' dir='ltr'><strong>homines</strong></span> <span class='ocrx_word' id='word_1_125' title='bbox 1998 2158 2070 2210; x_wconf 89' lang='lat' dir='ltr'><strong>crr-</strong></span> 
     </span>
     <span class='ocr_line' id='line_1_15' title="bbox 243 2228 2157 2351; baseline -0.001 -28"><span class='ocrx_word' id='word_1_126' title='bbox 243 2228 313 2323; x_wconf 53' lang='lat' dir='ltr'><strong>⁸ca</strong></span> <span class='ocrx_word' id='word_1_127' title='bbox 337 2259 443 2323; x_wconf 91' lang='lat' dir='ltr'><strong>terre</strong></span> <span class='ocrx_word' id='word_1_128' title='bbox 459 2240 670 2322; x_wconf 88' lang='lat' dir='ltr'><strong>culturam</strong></span> <span class='ocrx_word' id='word_1_129' title='bbox 698 2236 861 2351; x_wconf 79' lang='lat' dir='ltr'><strong>arando.</strong></span> <span class='ocrx_word' id='word_1_130' title='bbox 884 2238 1131 2320; x_wconf 89' lang='lat' dir='ltr'><strong>seminando</strong></span> <span class='ocrx_word' id='word_1_131' title='bbox 1164 2240 1371 2338; x_wconf 88' lang='lat' dir='ltr'><strong>metend0‚</strong></span> <span class='ocrx_word' id='word_1_132' title='bbox 1400 2238 1646 2344; x_wconf 84' lang='lat' dir='ltr'><strong>colligendo,</strong></span> <span class='ocrx_word' id='word_1_133' title='bbox 1675 2267 1735 2318; x_wconf 90' lang='lat' dir='ltr'><strong>ac</strong></span> <span class='ocrx_word' id='word_1_134' title='bbox 1750 2235 2069 2349; x_wconf 84' lang='lat' dir='ltr'><strong>lenum&amp;sege-</strong></span> <span class='ocrx_word' id='word_1_135' title='bbox 2156 2301 2157 2344; x_wconf 58' lang='lat'><em>3</em></span> 
     </span>
     <span class='ocr_line' id='line_1_16' title="bbox 265 2348 2157 2461; baseline -0.001 -28"><span class='ocrx_word' id='word_1_136' title='bbox 265 2370 326 2433; x_wconf 92' lang='lat' dir='ltr'><strong>tes</strong></span> <span class='ocrx_word' id='word_1_137' title='bbox 360 2350 584 2449; x_wconf 88' lang='lat' dir='ltr'><strong>inferendo,</strong></span> <span class='ocrx_word' id='word_1_138' title='bbox 612 2352 849 2431; x_wconf 88' lang='lat' dir='ltr'><strong>necessitate</strong></span> <span class='ocrx_word' id='word_1_139' title='bbox 879 2352 1062 2459; x_wconf 82' lang='lat' dir='ltr'><strong>exigente</strong></span> <span class='ocrx_word' id='word_1_140' title='bbox 1091 2348 1278 2431; x_wconf 88' lang='lat' dir='ltr'><strong>laborare</strong></span> <span class='ocrx_word' id='word_1_141' title='bbox 1307 2301 1668 2431; x_wconf 85' lang='lat' dir='ltr'><strong>volenteslicencia</strong></span> <span class='ocrx_word' id='word_1_142' title='bbox 1697 2378 1719 2429; x_wconf 90' lang='lat' dir='ltr'><strong>a</strong></span> <span class='ocrx_word' id='word_1_143' title='bbox 1749 2377 1825 2431; x_wconf 91' lang='lat' dir='ltr'><strong>suo</strong></span> <span class='ocrx_word' id='word_1_144' title='bbox 1842 2350 2068 2461; x_wconf 82' lang='lat' dir='ltr'><strong>presbitero</strong></span> <span class='ocrx_word' id='word_1_145' title='bbox 2104 2450 2107 2460; x_wconf 24' lang='grc'>1</span> <span class='ocrx_word' id='word_1_146' title='bbox 2156 2365 2157 2374; x_wconf 70' lang='lat'>‘</span> 
     </span>
    </p>

    <p class='ocr_par' dir='ltr' id='par_1_9' title="bbox 204 2460 2157 2592">
     <span class='ocr_line' id='line_1_17' title="bbox 204 2460 2157 2592; baseline -0.001 -49"><span class='ocrx_word' id='word_1_147' title='bbox 204 2504 231 2551; x_wconf 61' lang='grc' dir='ltr'>ῃ</span> <span class='ocrx_word' id='word_1_148' title='bbox 266 2463 490 2575; x_wconf 85' lang='lat' dir='ltr'><strong>parochiali</strong></span> <span class='ocrx_word' id='word_1_149' title='bbox 517 2461 711 2592; x_wconf 84' lang='lat' dir='ltr'><strong>requisita</strong></span> <span class='ocrx_word' id='word_1_150' title='bbox 739 2466 779 2541; x_wconf 71' lang='lat'><strong>8&lt;</strong></span> <span class='ocrx_word' id='word_1_151' title='bbox 807 2479 974 2569; x_wconf 90' lang='lat' dir='ltr'><strong>optenta</strong></span> <span class='ocrx_word' id='word_1_152' title='bbox 1004 2460 1157 2571; x_wconf 90' lang='lat' dir='ltr'><strong>absque</strong></span> <span class='ocrx_word' id='word_1_153' title='bbox 1187 2488 1291 2569; x_wconf 83' lang='lat' dir='ltr'><strong>pena</strong></span> <span class='ocrx_word' id='word_1_154' title='bbox 1327 2461 1557 2570; x_wconf 87' lang='lat' dir='ltr'><strong>pecuniaria</strong></span> <span class='ocrx_word' id='word_1_155' title='bbox 1589 2488 1670 2571; x_wconf 94' lang='lat' dir='ltr'><strong>que</strong></span> <span class='ocrx_word' id='word_1_156' title='bbox 1698 2461 1795 2569; x_wconf 86' lang='lat' dir='ltr'><strong>ipsis</strong></span> <span class='ocrx_word' id='word_1_157' title='bbox 1826 2464 1868 2541; x_wconf 90' lang='lat' dir='ltr'><strong>in</strong></span> <span class='ocrx_word' id='word_1_158' title='bbox 1908 2464 2065 2570; x_wconf 88' lang='lat' dir='ltr'><strong>premis·</strong></span> <span class='ocrx_word' id='word_1_159' title='bbox 2155 2482 2157 2500; x_wconf 63' lang='lat'><strong><em>³</em></strong></span> 
     </span>
    </p>

    <p class='ocr_par' dir='ltr' id='par_1_10' title="bbox 167 2571 2156 2682">
     <span class='ocr_line' id='line_1_18' title="bbox 167 2571 2156 2682; baseline -0.002 -26"><span class='ocrx_word' id='word_1_160' title='bbox 167 2597 174 2611; x_wconf 66' lang='lat'>‘</span> <span class='ocrx_word' id='word_1_161' title='bbox 267 2578 320 2657; x_wconf 88' lang='lat' dir='ltr'><strong>sis</strong></span> <span class='ocrx_word' id='word_1_162' title='bbox 349 2576 607 2656; x_wconf 88' lang='lat' dir='ltr'><strong>consueuerit</strong></span> <span class='ocrx_word' id='word_1_163' title='bbox 632 2574 774 2679; x_wconf 90' lang='lat' dir='ltr'><strong>inponi</strong></span> <span class='ocrx_word' id='word_1_164' title='bbox 818 2572 936 2653; x_wconf 89' lang='lat' dir='ltr'><strong>liberi</strong></span> <span class='ocrx_word' id='word_1_165' title='bbox 979 2572 1139 2654; x_wconf 81' lang='lat' dir='ltr'><strong>valeant</strong></span> <span class='ocrx_word' id='word_1_166' title='bbox 1166 2576 1347 2682; x_wconf 84' lang='lat' dir='ltr'><strong>operari,</strong></span> <span class='ocrx_word' id='word_1_167' title='bbox 1389 2576 1453 2653; x_wconf 88' lang='lat' dir='ltr'><strong>Jta</strong></span> <span class='ocrx_word' id='word_1_168' title='bbox 1496 2588 1631 2652; x_wconf 90' lang='lat' dir='ltr'><strong>tamen</strong></span> <span class='ocrx_word' id='word_1_169' title='bbox 1662 2571 1906 2652; x_wconf 89' lang='lat' dir='ltr'><strong>laboricium</strong></span> <span class='ocrx_word' id='word_1_170' title='bbox 1936 2574 2066 2654; x_wconf 89' lang='lat' dir='ltr'><strong>huius·</strong></span> <span class='ocrx_word' id='word_1_171' title='bbox 2155 2581 2156 2586; x_wconf 75' lang='grc'>’</span> 
     </span>
    </p>

    <p class='ocr_par' dir='ltr' id='par_1_11' title="bbox 135 2680 2156 3018">
     <span class='ocr_line' id='line_1_19' title="bbox 135 2680 2063 2795; baseline -0.002 -27"><span class='ocrx_word' id='word_1_172' title='bbox 135 2714 139 2721; x_wconf 84' lang='grc'><strong>’</strong></span> <span class='ocrx_word' id='word_1_173' title='bbox 266 2684 417 2793; x_wconf 90' lang='lat' dir='ltr'><strong>modi</strong></span> <span class='ocrx_word' id='word_1_174' title='bbox 406 2715 446 2765; x_wconf 89' lang='grc' dir='ltr'><strong>ιιι</strong></span> <span class='ocrx_word' id='word_1_175' title='bbox 478 2684 679 2795; x_wconf 87' lang='lat' dir='ltr'><strong>premissis</strong></span> <span class='ocrx_word' id='word_1_176' title='bbox 711 2680 905 2765; x_wconf 85' lang='lat' dir='ltr'><strong>iaciendis</strong></span> <span class='ocrx_word' id='word_1_177' title='bbox 934 2683 1097 2765; x_wconf 90' lang='lat' dir='ltr'><strong>licitum</strong></span> <span class='ocrx_word' id='word_1_178' title='bbox 1118 2712 1203 2764; x_wconf 89' lang='lat' dir='ltr'><strong>esse</strong></span> <span class='ocrx_word' id='word_1_179' title='bbox 1232 2685 1416 2767; x_wconf 83' lang='lat' dir='ltr'><strong>volumus</strong></span> <span class='ocrx_word' id='word_1_180' title='bbox 1439 2702 1483 2766; x_wconf 85' lang='lat' dir='ltr'><strong>rt</strong></span> <span class='ocrx_word' id='word_1_181' title='bbox 1510 2699 1623 2764; x_wconf 82' lang='lat' dir='ltr'><strong>extra</strong></span> <span class='ocrx_word' id='word_1_182' title='bbox 1647 2682 1930 2767; x_wconf 90' lang='lat' dir='ltr'><strong>huiuscemodi</strong></span> <span class='ocrx_word' id='word_1_183' title='bbox 1961 2685 2063 2766; x_wconf 88' lang='lat' dir='ltr'><strong>labo·</strong></span> 
     </span>
     <span class='ocr_line' id='line_1_20' title="bbox 267 2780 2156 2927; baseline -0.002 -48"><span class='ocrx_word' id='word_1_184' title='bbox 267 2798 365 2879; x_wconf 88' lang='lat' dir='ltr'><strong>ricia</strong></span> <span class='ocrx_word' id='word_1_185' title='bbox 396 2795 445 2877; x_wconf 93' lang='lat' dir='ltr'><strong>ad</strong></span> <span class='ocrx_word' id='word_1_186' title='bbox 486 2796 601 2878; x_wconf 89' lang='lat' dir='ltr'><strong>alios</strong></span> <span class='ocrx_word' id='word_1_187' title='bbox 615 2792 893 2927; x_wconf 86' lang='lat' dir='ltr'><strong>quoscumque</strong></span> <span class='ocrx_word' id='word_1_188' title='bbox 931 2780 1091 2876; x_wconf 87' lang='lat' dir='ltr'><strong>labores</strong></span> <span class='ocrx_word' id='word_1_189' title='bbox 1120 2824 1161 2874; x_wconf 91' lang='lat' dir='ltr'><strong>se</strong></span> <span class='ocrx_word' id='word_1_190' title='bbox 1190 2794 1268 2876; x_wconf 91' lang='lat' dir='ltr'><strong>iliis</strong></span> <span class='ocrx_word' id='word_1_191' title='bbox 1288 2796 1581 2924; x_wconf 90' lang='lat' dir='ltr'><strong>temporibus</strong></span> <span class='ocrx_word' id='word_1_192' title='bbox 1569 2822 1725 2903; x_wconf 89' lang='lat' dir='ltr'><strong>mpune</strong></span> <span class='ocrx_word' id='word_1_193' title='bbox 1749 2823 1833 2875; x_wconf 91' lang='lat' dir='ltr'><strong>non</strong></span> <span class='ocrx_word' id='word_1_194' title='bbox 1850 2790 2064 2876; x_wconf 84' lang='lat' dir='ltr'><strong>extendant</strong></span> <span class='ocrx_word' id='word_1_195' title='bbox 2155 2825 2156 2862; x_wconf 74' lang='lat'>³</span> 
     </span>
     <span class='ocr_line' id='line_1_21' title="bbox 267 2897 2128 3018; baseline -0.002 -28"><span class='ocrx_word' id='word_1_196' title='bbox 267 2908 451 3014; x_wconf 89' lang='lat' dir='ltr'><strong>Quod</strong></span> <span class='ocrx_word' id='word_1_197' title='bbox 420 2938 453 2989; x_wconf 79' lang='grc' dir='ltr'><strong>ιι</strong></span> <span class='ocrx_word' id='word_1_198' title='bbox 482 2908 650 2991; x_wconf 88' lang='lat' dir='ltr'><strong>fecerint</strong></span> <span class='ocrx_word' id='word_1_199' title='bbox 677 2934 748 2988; x_wconf 91' lang='lat' dir='ltr'><strong>seu</strong></span> <span class='ocrx_word' id='word_1_200' title='bbox 777 2911 901 2989; x_wconf 87' lang='lat' dir='ltr'><strong>eciam</strong></span> <span class='ocrx_word' id='word_1_201' title='bbox 930 2910 963 2988; x_wconf 93' lang='lat' dir='ltr'><strong>si</strong></span> <span class='ocrx_word' id='word_1_202' title='bbox 991 2908 1035 2988; x_wconf 88' lang='lat' dir='ltr'><strong>in</strong></span> <span class='ocrx_word' id='word_1_203' title='bbox 1064 2897 1260 2989; x_wconf 85' lang='lat' dir='ltr'><strong>laboricio</strong></span> <span class='ocrx_word' id='word_1_204' title='bbox 1290 2923 1397 2988; x_wconf 90' lang='lat' dir='ltr'><strong>terre</strong></span> <span class='ocrx_word' id='word_1_205' title='bbox 1418 2908 1458 2988; x_wconf 88' lang='lat' dir='ltr'><strong>in</strong></span> <span class='ocrx_word' id='word_1_206' title='bbox 1490 2906 1691 3018; x_wconf 85' lang='lat' dir='ltr'><strong>premissis</strong></span> <span class='ocrx_word' id='word_1_207' title='bbox 1719 2906 1881 2989; x_wconf 86' lang='lat' dir='ltr'><strong>casibus</strong></span> <span class='ocrx_word' id='word_1_208' title='bbox 1911 2908 2064 2990; x_wconf 90' lang='lat' dir='ltr'><strong>indulto</strong></span> <span class='ocrx_word' id='word_1_209' title='bbox 2115 2983 2128 3001; x_wconf 79' lang='grc'><em>,</em></span> 
     </span>
    </p>

    <p class='ocr_par' dir='ltr' id='par_1_12' title="bbox 143 3018 2156 4468">
     <span class='ocr_line' id='line_1_22' title="bbox 228 3018 2060 3150; baseline 0 -50"><span class='ocrx_word' id='word_1_210' title='bbox 228 3035 235 3052; x_wconf 78' lang='grc'><strong><em>·</em></strong></span> <span class='ocrx_word' id='word_1_211' title='bbox 267 3021 475 3150; x_wconf 83' lang='lat' dir='ltr'><strong>licenciam</strong></span> <span class='ocrx_word' id='word_1_212' title='bbox 505 3049 526 3100; x_wconf 88' lang='lat' dir='ltr'><strong>a</strong></span> <span class='ocrx_word' id='word_1_213' title='bbox 555 3047 629 3100; x_wconf 92' lang='lat' dir='ltr'><strong>suo</strong></span> <span class='ocrx_word' id='word_1_214' title='bbox 657 3018 885 3127; x_wconf 89' lang='lat' dir='ltr'><strong>presbitero</strong></span> <span class='ocrx_word' id='word_1_215' title='bbox 915 3019 1138 3150; x_wconf 84' lang='lat' dir='ltr'><strong>parochiali</strong></span> <span class='ocrx_word' id='word_1_216' title='bbox 1165 3019 1372 3127; x_wconf 86' lang='lat' dir='ltr'><strong>requirere</strong></span> <span class='ocrx_word' id='word_1_217' title='bbox 1399 3022 1686 3101; x_wconf 86' lang='lat' dir='ltr'><strong>contemserint</strong></span> <span class='ocrx_word' id='word_1_218' title='bbox 1715 3024 1755 3103; x_wconf 86' lang='lat'>&amp;</span> <span class='ocrx_word' id='word_1_219' title='bbox 1781 3019 1938 3100; x_wconf 85' lang='lat' dir='ltr'><strong>babere</strong></span> <span class='ocrx_word' id='word_1_220' title='bbox 1968 3047 2060 3128; x_wconf 87' lang='lat' dir='ltr'><strong>pena</strong></span> 
     </span>
     <span class='ocr_line' id='line_1_23' title="bbox 268 3125 2156 3258; baseline -0.002 -45"><span class='ocrx_word' id='word_1_221' title='bbox 268 3131 499 3244; x_wconf 88' lang='lat' dir='ltr'><strong>pecuniaria</strong></span> <span class='ocrx_word' id='word_1_222' title='bbox 528 3157 605 3240; x_wconf 91' lang='lat' dir='ltr'><strong>pro</strong></span> <span class='ocrx_word' id='word_1_223' title='bbox 633 3146 872 3256; x_wconf 87' lang='lat' dir='ltr'><strong>contemptu</strong></span> <span class='ocrx_word' id='word_1_224' title='bbox 900 3146 1024 3258; x_wconf 88' lang='lat' dir='ltr'><strong>prout</strong></span> <span class='ocrx_word' id='word_1_225' title='bbox 1054 3129 1139 3208; x_wconf 88' lang='lat' dir='ltr'><strong>lieri</strong></span> <span class='ocrx_word' id='word_1_226' title='bbox 1170 3133 1380 3212; x_wconf 88' lang='lat' dir='ltr'><strong>consueuit</strong></span> <span class='ocrx_word' id='word_1_227' title='bbox 1396 3133 1622 3240; x_wconf 87' lang='lat' dir='ltr'><strong>puniantur</strong></span> <span class='ocrx_word' id='word_1_228' title='bbox 1642 3132 1694 3210; x_wconf 80' lang='lat' dir='ltr'><strong>in</strong></span> <span class='ocrx_word' id='word_1_229' title='bbox 1709 3125 2061 3211; x_wconf 86' lang='lat' dir='ltr'><strong>dominicisautem</strong></span> <span class='ocrx_word' id='word_1_230' title='bbox 2153 3165 2156 3177; x_wconf 92' lang='lat'><em>·</em></span> 
     </span>
     <span class='ocr_line' id='line_1_24' title="bbox 269 3230 2156 3348; baseline -0.003 -23.068"><span class='ocrx_word' id='word_1_231' title='bbox 269 3243 458 3326; x_wconf 90' lang='lat' dir='ltr'><strong>omnibus</strong></span> <span class='ocrx_word' id='word_1_232' title='bbox 485 3243 549 3322; x_wconf 85' lang='lat' dir='ltr'><strong>rel</strong></span> <span class='ocrx_word' id='word_1_233' title='bbox 578 3240 864 3322; x_wconf 84' lang='lat' dir='ltr'><strong>iestiuitatibus</strong></span> <span class='ocrx_word' id='word_1_234' title='bbox 908 3241 1128 3348; x_wconf 82' lang='lat' dir='ltr'><strong>precipuis,</strong></span> <span class='ocrx_word' id='word_1_235' title='bbox 1171 3256 1215 3320; x_wconf 91' lang='lat' dir='ltr'><strong>vt</strong></span> <span class='ocrx_word' id='word_1_236' title='bbox 1245 3257 1341 3348; x_wconf 87' lang='lat' dir='ltr'><strong>puta</strong></span> <span class='ocrx_word' id='word_1_237' title='bbox 1379 3241 1628 3325; x_wconf 79' lang='lat' dir='ltr'><strong>exaltacione</strong></span> <span class='ocrx_word' id='word_1_238' title='bbox 1670 3245 1801 3322; x_wconf 89' lang='lat' dir='ltr'><strong>crucis</strong></span> <span class='ocrx_word' id='word_1_239' title='bbox 1841 3242 2059 3324; x_wconf 83' lang='lat' dir='ltr'><strong>festiuitati·</strong></span> <span class='ocrx_word' id='word_1_240' title='bbox 2148 3230 2156 3249; x_wconf 73' lang='lat'>&#39;</span> 
     </span>
     <span class='ocr_line' id='line_1_25' title="bbox 267 3347 2155 3461; baseline -0.001 -25"><span class='ocrx_word' id='word_1_241' title='bbox 267 3355 346 3436; x_wconf 90' lang='lat' dir='ltr'><strong>bus</strong></span> <span class='ocrx_word' id='word_1_242' title='bbox 398 3355 511 3433; x_wconf 89' lang='lat' dir='ltr'><strong>beate</strong></span> <span class='ocrx_word' id='word_1_243' title='bbox 562 3353 752 3461; x_wconf 83' lang='lat' dir='ltr'><strong>virginis,</strong></span> <span class='ocrx_word' id='word_1_244' title='bbox 796 3351 995 3434; x_wconf 88' lang='lat' dir='ltr'><strong>michaelis</strong></span> <span class='ocrx_word' id='word_1_245' title='bbox 1039 3349 1266 3458; x_wconf 84' lang='lat' dir='ltr'><strong>archangeli</strong></span> <span class='ocrx_word' id='word_1_246' title='bbox 1308 3355 1532 3436; x_wconf 87' lang='lat' dir='ltr'><strong>natiuitatis</strong></span> <span class='ocrx_word' id='word_1_247' title='bbox 1582 3355 1715 3437; x_wconf 89' lang='lat' dir='ltr'><strong>beati</strong></span> <span class='ocrx_word' id='word_1_248' title='bbox 1736 3353 1929 3460; x_wconf 86' lang='lat' dir='ltr'><strong>johannis</strong></span> <span class='ocrx_word' id='word_1_249' title='bbox 1970 3347 2059 3459; x_wconf 77' lang='lat' dir='ltr'><strong>hap·</strong></span> <span class='ocrx_word' id='word_1_250' title='bbox 2150 3389 2155 3455; x_wconf 81' lang='grc'>;</span> 
     </span>
     <span class='ocr_line' id='line_1_26' title="bbox 268 3460 2155 3572; baseline -0.002 -27"><span class='ocrx_word' id='word_1_251' title='bbox 268 3467 362 3545; x_wconf 76' lang='lat' dir='ltr'><strong>tiele</strong></span> <span class='ocrx_word' id='word_1_252' title='bbox 410 3464 515 3572; x_wconf 91' lang='lat' dir='ltr'><strong>petri</strong></span> <span class='ocrx_word' id='word_1_253' title='bbox 545 3469 585 3544; x_wconf 88' lang='grc' dir='ltr'><strong>8ι</strong></span> <span class='ocrx_word' id='word_1_254' title='bbox 614 3463 722 3572; x_wconf 90' lang='lat' dir='ltr'><strong>pauli</strong></span> <span class='ocrx_word' id='word_1_255' title='bbox 764 3464 1056 3572; x_wconf 84' lang='lat' dir='ltr'><strong>apostolorum,</strong></span> <span class='ocrx_word' id='word_1_256' title='bbox 1101 3461 1294 3546; x_wconf 89' lang='lat' dir='ltr'><strong>laurencii</strong></span> <span class='ocrx_word' id='word_1_257' title='bbox 1336 3465 1433 3546; x_wconf 90' lang='lat' dir='ltr'><strong>erici</strong></span> <span class='ocrx_word' id='word_1_258' title='bbox 1475 3471 1515 3546; x_wconf 80' lang='grc' dir='ltr'><strong>8ι</strong></span> <span class='ocrx_word' id='word_1_259' title='bbox 1542 3465 1653 3545; x_wconf 88' lang='lat' dir='ltr'><strong>olaui</strong></span> <span class='ocrx_word' id='word_1_260' title='bbox 1696 3465 1908 3549; x_wconf 88' lang='lat' dir='ltr'><strong>martirum</strong></span> <span class='ocrx_word' id='word_1_261' title='bbox 1937 3463 2059 3547; x_wconf 85' lang='lat' dir='ltr'><strong>&amp;die</strong></span> <span class='ocrx_word' id='word_1_262' title='bbox 2148 3460 2155 3555; x_wconf 54' lang='lat' dir='ltr'>ss</span> 
     </span>
     <span class='ocr_line' id='line_1_27' title="bbox 269 3560 2154 3665; baseline -0.002 -8"><span class='ocrx_word' id='word_1_263' title='bbox 269 3573 538 3657; x_wconf 86' lang='lat' dir='ltr'><strong>dedicacionis</strong></span> <span class='ocrx_word' id='word_1_264' title='bbox 566 3605 586 3656; x_wconf 92' lang='lat' dir='ltr'><strong>a</strong></span> <span class='ocrx_word' id='word_1_265' title='bbox 616 3574 822 3657; x_wconf 87' lang='lat' dir='ltr'><strong>laboribus</strong></span> <span class='ocrx_word' id='word_1_266' title='bbox 851 3575 1039 3655; x_wconf 89' lang='lat' dir='ltr'><strong>omnibus</strong></span> <span class='ocrx_word' id='word_1_267' title='bbox 1068 3593 1111 3655; x_wconf 85' lang='lat' dir='ltr'><strong>rt</strong></span> <span class='ocrx_word' id='word_1_268' title='bbox 1139 3564 1376 3656; x_wconf 90' lang='lat' dir='ltr'><strong>consuetum</strong></span> <span class='ocrx_word' id='word_1_269' title='bbox 1393 3576 1700 3659; x_wconf 89' lang='lat' dir='ltr'><strong>estccssandum</strong></span> <span class='ocrx_word' id='word_1_270' title='bbox 1718 3577 1803 3656; x_wconf 84' lang='lat' dir='ltr'><strong>fore</strong></span> <span class='ocrx_word' id='word_1_271' title='bbox 1822 3560 2057 3658; x_wconf 82' lang='lat' dir='ltr'><strong>arandamus</strong></span> <span class='ocrx_word' id='word_1_272' title='bbox 2145 3578 2154 3665; x_wconf 75' lang='grc' dir='ltr'><strong>,ζ</strong></span> 
     </span>
     <span class='ocr_line' id='line_1_28' title="bbox 370 3680 2154 3797; baseline -0.001 -31"><span class='ocrx_word' id='word_1_273' title='bbox 370 3687 473 3766; x_wconf 84' lang='lat' dir='ltr'><strong>item</strong></span> <span class='ocrx_word' id='word_1_274' title='bbox 490 3686 724 3768; x_wconf 87' lang='lat' dir='ltr'><strong>mandamus</strong></span> <span class='ocrx_word' id='word_1_275' title='bbox 740 3701 783 3764; x_wconf 92' lang='lat' dir='ltr'><strong>vt</strong></span> <span class='ocrx_word' id='word_1_276' title='bbox 797 3688 1010 3797; x_wconf 86' lang='lat' dir='ltr'><strong>presbiteri</strong></span> <span class='ocrx_word' id='word_1_277' title='bbox 1024 3686 1128 3765; x_wconf 89' lang='lat' dir='ltr'><strong>diem</strong></span> <span class='ocrx_word' id='word_1_278' title='bbox 1144 3687 1249 3766; x_wconf 91' lang='lat' dir='ltr'><strong>beati</strong></span> <span class='ocrx_word' id='word_1_279' title='bbox 1268 3685 1458 3768; x_wconf 88' lang='lat' dir='ltr'><strong>dominici</strong></span> <span class='ocrx_word' id='word_1_280' title='bbox 1475 3685 1525 3768; x_wconf 91' lang='lat' dir='ltr'><strong>de</strong></span> <span class='ocrx_word' id='word_1_281' title='bbox 1541 3688 1686 3769; x_wconf 75' lang='lat' dir='ltr'><strong>officiis</strong></span> <span class='ocrx_word' id='word_1_282' title='bbox 1701 3687 1902 3768; x_wconf 85' lang='lat' dir='ltr'><strong>celebrem</strong></span> <span class='ocrx_word' id='word_1_283' title='bbox 1920 3687 2057 3767; x_wconf 84' lang='lat' dir='ltr'><strong>babere</strong></span> <span class='ocrx_word' id='word_1_284' title='bbox 2148 3680 2154 3746; x_wconf 71' lang='lat' dir='ltr'><strong>l</strong></span> 
     </span>
     <span class='ocr_line' id='line_1_29' title="bbox 144 3797 2153 3929; baseline -0.004 -50"><span class='ocrx_word' id='word_1_285' title='bbox 144 3849 148 3856; x_wconf 88' lang='lat'>·</span> <span class='ocrx_word' id='word_1_286' title='bbox 271 3813 484 3912; x_wconf 76' lang='lat' dir='ltr'><strong>teneantur</strong></span> <span class='ocrx_word' id='word_1_287' title='bbox 528 3827 575 3879; x_wconf 89' lang='lat' dir='ltr'><strong>ac</strong></span> <span class='ocrx_word' id='word_1_288' title='bbox 614 3798 760 3879; x_wconf 83' lang='lat' dir='ltr'><strong>festum</strong></span> <span class='ocrx_word' id='word_1_289' title='bbox 803 3797 1033 3878; x_wconf 86' lang='lat' dir='ltr'><strong>eiusdem</strong></span> <span class='ocrx_word' id='word_1_290' title='bbox 1022 3825 1063 3876; x_wconf 89' lang='grc' dir='ltr'><strong>ιιι</strong></span> <span class='ocrx_word' id='word_1_291' title='bbox 1108 3797 1308 3887; x_wconf 89' lang='lat' dir='ltr'><strong>dominica</strong></span> <span class='ocrx_word' id='word_1_292' title='bbox 1355 3797 1587 3908; x_wconf 89' lang='lat' dir='ltr'><strong>precedenti</strong></span> <span class='ocrx_word' id='word_1_293' title='bbox 1629 3826 1765 3880; x_wconf 88' lang='lat' dir='ltr'><strong>coram</strong></span> <span class='ocrx_word' id='word_1_294' title='bbox 1808 3797 2057 3911; x_wconf 87' lang='lat' dir='ltr'><strong>parochianis</strong></span> <span class='ocrx_word' id='word_1_295' title='bbox 2149 3812 2153 3929; x_wconf 59' lang='lat' dir='ltr'>J</span> 
     </span>
     <span class='ocr_line' id='line_1_30' title="bbox 143 3903 1520 4015; baseline 0 -25"><span class='ocrx_word' id='word_1_296' title='bbox 143 3997 148 4005; x_wconf 59' lang='grc'><strong>,</strong></span> <span class='ocrx_word' id='word_1_297' title='bbox 270 3903 351 3990; x_wconf 82' lang='lat' dir='ltr'><strong>suis</strong></span> <span class='ocrx_word' id='word_1_298' title='bbox 380 3926 424 3990; x_wconf 90' lang='lat' dir='ltr'><strong>vt</strong></span> <span class='ocrx_word' id='word_1_299' title='bbox 454 3911 576 3991; x_wconf 89' lang='lat' dir='ltr'><strong>moris</strong></span> <span class='ocrx_word' id='word_1_300' title='bbox 605 3926 664 3991; x_wconf 90' lang='lat' dir='ltr'><strong>est</strong></span> <span class='ocrx_word' id='word_1_301' title='bbox 692 3905 742 3988; x_wconf 92' lang='lat' dir='ltr'><strong>de</strong></span> <span class='ocrx_word' id='word_1_302' title='bbox 770 3909 857 3989; x_wconf 90' lang='lat' dir='ltr'><strong>aliis</strong></span> <span class='ocrx_word' id='word_1_303' title='bbox 885 3908 995 3989; x_wconf 85' lang='lat' dir='ltr'><strong>festis</strong></span> <span class='ocrx_word' id='word_1_304' title='bbox 1026 3907 1234 4015; x_wconf 86' lang='lat' dir='ltr'><strong>publicent</strong></span> <span class='ocrx_word' id='word_1_305' title='bbox 1263 3911 1520 3992; x_wconf 80' lang='lat' dir='ltr'><strong>&amp;indicent</strong></span> 
     </span>
     <span class='ocr_line' id='line_1_31' title="bbox 382 4019 2053 4130; baseline -0.004 -29"><span class='ocrx_word' id='word_1_306' title='bbox 382 4023 485 4101; x_wconf 91' lang='lat' dir='ltr'><strong>Jtem</strong></span> <span class='ocrx_word' id='word_1_307' title='bbox 513 4019 797 4101; x_wconf 87' lang='lat' dir='ltr'><strong>mandamus</strong></span> <span class='ocrx_word' id='word_1_308' title='bbox 784 4050 825 4101; x_wconf 88' lang='grc' dir='ltr'><strong>ιιι</strong></span> <span class='ocrx_word' id='word_1_309' title='bbox 856 4020 1044 4103; x_wconf 90' lang='lat' dir='ltr'><strong>omnibus</strong></span> <span class='ocrx_word' id='word_1_310' title='bbox 1091 4021 1264 4101; x_wconf 88' lang='lat' dir='ltr'><strong>ecclesiis</strong></span> <span class='ocrx_word' id='word_1_311' title='bbox 1311 4020 1483 4130; x_wconf 89' lang='lat' dir='ltr'><strong>lapidem</strong></span> <span class='ocrx_word' id='word_1_312' title='bbox 1527 4036 1805 4102; x_wconf 88' lang='lat' dir='ltr'><strong>consecratum</strong></span> <span class='ocrx_word' id='word_1_313' title='bbox 1851 4023 1905 4102; x_wconf 89' lang='lat' dir='ltr'><strong>ita</strong></span> <span class='ocrx_word' id='word_1_314' title='bbox 1942 4019 2053 4099; x_wconf 89' lang='lat' dir='ltr'><strong>latum</strong></span> 
     </span>
     <span class='ocr_line' id='line_1_32' title="bbox 269 4120 1870 4242; baseline -0.001 -31"><span class='ocrx_word' id='word_1_315' title='bbox 269 4120 411 4212; x_wconf 87' lang='lat' dir='ltr'><strong>heberi</strong></span> <span class='ocrx_word' id='word_1_316' title='bbox 441 4146 484 4212; x_wconf 91' lang='lat' dir='ltr'><strong>vt</strong></span> <span class='ocrx_word' id='word_1_317' title='bbox 511 4133 681 4213; x_wconf 89' lang='lat' dir='ltr'><strong>hostie</strong></span> <span class='ocrx_word' id='word_1_318' title='bbox 669 4162 711 4214; x_wconf 90' lang='grc' dir='ltr'><strong>ιιι</strong></span> <span class='ocrx_word' id='word_1_319' title='bbox 741 4128 804 4212; x_wconf 90' lang='lat' dir='ltr'><strong>die</strong></span> <span class='ocrx_word' id='word_1_320' title='bbox 835 4133 979 4242; x_wconf 88' lang='lat' dir='ltr'><strong>pasche</strong></span> <span class='ocrx_word' id='word_1_321' title='bbox 1008 4129 1281 4212; x_wconf 87' lang='lat' dir='ltr'><strong>consecrando</strong></span> <span class='ocrx_word' id='word_1_322' title='bbox 1309 4163 1400 4214; x_wconf 92' lang='lat' dir='ltr'><strong>cum</strong></span> <span class='ocrx_word' id='word_1_323' title='bbox 1430 4132 1573 4213; x_wconf 88' lang='lat' dir='ltr'><strong>calice</strong></span> <span class='ocrx_word' id='word_1_324' title='bbox 1582 4133 1672 4240; x_wconf 90' lang='lat' dir='ltr'><strong>capi</strong></span> <span class='ocrx_word' id='word_1_325' title='bbox 1702 4136 1870 4240; x_wconf 89' lang='lat' dir='ltr'><strong>possint.</strong></span> 
     </span>
     <span class='ocr_line' id='line_1_33' title="bbox 379 4238 2051 4373; baseline -0.005 -49.935"><span class='ocrx_word' id='word_1_326' title='bbox 379 4238 493 4323; x_wconf 89' lang='lat' dir='ltr'><strong>Jtem</strong></span> <span class='ocrx_word' id='word_1_327' title='bbox 538 4243 801 4373; x_wconf 82' lang='lat' dir='ltr'><strong>probibemus</strong></span> <span class='ocrx_word' id='word_1_328' title='bbox 832 4245 999 4354; x_wconf 90' lang='lat' dir='ltr'><strong>nequis</strong></span> <span class='ocrx_word' id='word_1_329' title='bbox 1038 4243 1354 4351; x_wconf 88' lang='lat' dir='ltr'><strong>presbiterorum</strong></span> <span class='ocrx_word' id='word_1_330' title='bbox 1398 4245 1523 4326; x_wconf 89' lang='lat' dir='ltr'><strong>libros</strong></span> <span class='ocrx_word' id='word_1_331' title='bbox 1546 4242 1674 4324; x_wconf 89' lang='lat' dir='ltr'><strong>scribi</strong></span> <span class='ocrx_word' id='word_1_332' title='bbox 1703 4243 1766 4326; x_wconf 90' lang='lat' dir='ltr'><strong>vel</strong></span> <span class='ocrx_word' id='word_1_333' title='bbox 1794 4245 1873 4325; x_wconf 89' lang='lat' dir='ltr'><strong>alia</strong></span> <span class='ocrx_word' id='word_1_334' title='bbox 1901 4239 2051 4325; x_wconf 86' lang='lat' dir='ltr'><strong>ecclesie</strong></span> 
     </span>
     <span class='ocr_line' id='line_1_34' title="bbox 270 4349 2153 4496; baseline -0.003 -64"><span class='ocrx_word' id='word_1_335' title='bbox 270 4349 505 4434; x_wconf 83' lang='lat' dir='ltr'><strong>ornamenta</strong></span> <span class='ocrx_word' id='word_1_336' title='bbox 548 4357 774 4472; x_wconf 82' lang='lat' dir='ltr'><strong>comparari</strong></span> <span class='ocrx_word' id='word_1_337' title='bbox 816 4355 957 4452; x_wconf 83' lang='lat' dir='ltr'><strong>faciat,</strong></span> <span class='ocrx_word' id='word_1_338' title='bbox 1006 4354 1158 4464; x_wconf 88' lang='lat' dir='ltr'><strong>absque</strong></span> <span class='ocrx_word' id='word_1_339' title='bbox 1197 4357 1494 4496; x_wconf 86' lang='lat' dir='ltr'><strong>prepositorum</strong></span> <span class='ocrx_word' id='word_1_340' title='bbox 1522 4382 1688 4434; x_wconf 87' lang='lat' dir='ltr'><strong>suorum</strong></span> <span class='ocrx_word' id='word_1_341' title='bbox 1731 4354 2051 4468; x_wconf 84' lang='lat' dir='ltr'><strong>requisicione&amp;</strong></span> <span class='ocrx_word' id='word_1_342' title='bbox 2148 4372 2153 4383; x_wconf 87' lang='grc'><strong><em>·</em></strong></span> 
     </span>
    </p>

    <p class='ocr_par' dir='ltr' id='par_1_13' title="bbox 170 4458 982 4575">
     <span class='ocr_line' id='line_1_35' title="bbox 170 4458 982 4575; baseline 0.007 -33"><span class='ocrx_word' id='word_1_343' title='bbox 170 4509 175 4517; x_wconf 84' lang='grc'><strong><em>·</em></strong></span> <span class='ocrx_word' id='word_1_344' title='bbox 271 4458 444 4546; x_wconf 87' lang='lat' dir='ltr'><strong>licencia</strong></span> <span class='ocrx_word' id='word_1_345' title='bbox 468 4465 641 4575; x_wconf 88' lang='lat' dir='ltr'><strong>speciali.</strong></span> <span class='ocrx_word' id='word_1_346' title='bbox 980 4537 982 4548; x_wconf 92' lang='lat'><em>.</em></span> 
     </span>
    </p>

    <p class='ocr_par' dir='ltr' id='par_1_14' title="bbox 273 4538 2154 4909">
     <span class='ocr_line' id='line_1_36' title="bbox 404 4538 2153 4709; baseline -0.004 -53"><span class='ocrx_word' id='word_1_347' title='bbox 404 4578 508 4678; x_wconf 87' lang='lat' dir='ltr'><strong>Jtem</strong></span> <span class='ocrx_word' id='word_1_348' title='bbox 552 4576 811 4684; x_wconf 90' lang='lat' dir='ltr'><strong>prohibemus</strong></span> <span class='ocrx_word' id='word_1_349' title='bbox 854 4604 905 4657; x_wconf 89' lang='lat' dir='ltr'><strong>ne</strong></span> <span class='ocrx_word' id='word_1_350' title='bbox 941 4577 1033 4688; x_wconf 90' lang='lat' dir='ltr'><strong>quis</strong></span> <span class='ocrx_word' id='word_1_351' title='bbox 1075 4538 1406 4709; x_wconf 86' lang='lat' dir='ltr'><strong>presbiterorum</strong></span> <span class='ocrx_word' id='word_1_352' title='bbox 1421 4577 1707 4687; x_wconf 83' lang='lat' dir='ltr'><strong>parochianum</strong></span> <span class='ocrx_word' id='word_1_353' title='bbox 1737 4605 1852 4659; x_wconf 89' lang='lat' dir='ltr'><strong>suum</strong></span> <span class='ocrx_word' id='word_1_354' title='bbox 1896 4568 2050 4696; x_wconf 86' lang='lat' dir='ltr'><strong>quemli·</strong></span> <span class='ocrx_word' id='word_1_355' title='bbox 2152 4606 2153 4649; x_wconf 67' lang='lat' dir='ltr'><em>z</em></span> 
     </span>
     <span class='ocr_line' id='line_1_37' title="bbox 273 4607 2154 4799; baseline -0.002 -34"><span class='ocrx_word' id='word_1_356' title='bbox 273 4685 344 4766; x_wconf 91' lang='lat' dir='ltr'><strong>bet</strong></span> <span class='ocrx_word' id='word_1_357' title='bbox 385 4673 437 4768; x_wconf 90' lang='lat' dir='ltr'><strong>ab</strong></span> <span class='ocrx_word' id='word_1_358' title='bbox 476 4607 645 4770; x_wconf 73' lang='lat' dir='ltr'><strong>eccipesia</strong></span> <span class='ocrx_word' id='word_1_359' title='bbox 688 4683 891 4788; x_wconf 86' lang='lat' dir='ltr'><strong>eliminare</strong></span> <span class='ocrx_word' id='word_1_360' title='bbox 928 4704 1132 4797; x_wconf 88' lang='lat' dir='ltr'><strong>presumat</strong></span> <span class='ocrx_word' id='word_1_361' title='bbox 1169 4687 1239 4770; x_wconf 87' lang='lat' dir='ltr'><strong>vel</strong></span> <span class='ocrx_word' id='word_1_362' title='bbox 1268 4718 1291 4770; x_wconf 90' lang='lat' dir='ltr'><strong>a</strong></span> <span class='ocrx_word' id='word_1_363' title='bbox 1320 4683 1470 4770; x_wconf 87' lang='lat' dir='ltr'><strong>diuinis</strong></span> <span class='ocrx_word' id='word_1_364' title='bbox 1498 4685 1770 4799; x_wconf 84' lang='lat' dir='ltr'><strong>suspendere,</strong></span> <span class='ocrx_word' id='word_1_365' title='bbox 1813 4691 1962 4799; x_wconf 85' lang='lat' dir='ltr'><strong>absque</strong></span> <span class='ocrx_word' id='word_1_366' title='bbox 1995 4679 2049 4761; x_wconf 80' lang='lat' dir='ltr'><strong>sui</strong></span> <span class='ocrx_word' id='word_1_367' title='bbox 2148 4708 2154 4759; x_wconf 61' lang='lat'><strong>¹,</strong></span> 
     </span>
     <span class='ocr_line' id='line_1_38' title="bbox 273 4781 2152 4926; baseline 0.004 -50"><span class='ocrx_word' id='word_1_368' title='bbox 273 4799 469 4909; x_wconf 88' lang='lat' dir='ltr'><strong>prepositi</strong></span> <span class='ocrx_word' id='word_1_369' title='bbox 498 4797 661 4926; x_wconf 80' lang='lat' dir='ltr'><strong>licencia</strong></span> <span class='ocrx_word' id='word_1_370' title='bbox 693 4805 732 4881; x_wconf 74' lang='lat'><strong>8&lt;</strong></span> <span class='ocrx_word' id='word_1_371' title='bbox 762 4781 951 4882; x_wconf 82' lang='lat' dir='ltr'><strong>mandato</strong></span> <span class='ocrx_word' id='word_1_372' title='bbox 978 4827 1181 4909; x_wconf 84' lang='lat' dir='ltr'><strong>expresso</strong></span> <span class='ocrx_word' id='word_1_373' title='bbox 2151 4832 2152 4839; x_wconf 53' lang='lat'>¹</span> 
     </span>
    </p>
   </div>
   <div class='ocr_carea' id='block_1_4' title="bbox 0 0 2179 5975">
    <p class='ocr_par' dir='ltr' id='par_1_15' title="bbox 0 0 2179 5975">
     <span class='ocr_line' id='line_1_39' title="bbox 0 0 2179 5975; baseline 0 0"><span class='ocrx_word' id='word_1_374' title='bbox 0 0 2179 5975; x_wconf 95' lang='lat' dir='ltr'><strong> </strong></span> 
     </span>
    </p>
   </div>
  </div>
 </body>
</html>
