4317 5975
833 443 890 463 -
986 398 1055 505 ,as
1155 438 1224 466 1-
1265 482 1287 516 „

138 638 247 718 tetur,
275 616 475 700 Omnibus
509 644 603 699 uere
647 617 985 726 penitentibus&
1014 618 1208 701 confessis
1279 620 1321 700 ui
1361 614 1414 700 ad
1452 618 1581 727 ipsam
1623 608 1842 702 Ecclesiam
1883 621 1938 701 in·

137 734 234 814 lestis
262 730 511 838 subscriptis,
539 729 728 811 videlicet
756 733 799 810 in
815 728 880 810 die
902 747 943 813 et
968 648 1527 812 anniuersariodcdicacionis
1542 728 1668 838 ipsius
1682 730 1859 829 ecclesie,
1875 730 1928 811 Jn

135 845 234 925 festis
263 844 510 939 Natiuitatis,
530 842 872 939 Resurrectionis,
901 844 1158 925 Ascensionis
1192 844 1369 939 Domini,
1399 846 1672 938 Pentecostes,
1709 839 1855 921 Sancte
1887 846 1928 923 St
1964 876 1968 883 ¹

133 951 333 1037 indiuiduo
362 953 584 1050 Trinitatis,
614 956 813 1064 Perpetua
842 954 1023 1063 Virginis
1056 956 1201 1052 Marie,
1239 953 1443 1034 Michaelis
1478 952 1743 1060 Archangeli,
1779 953 1929 1033 lohan-

133 1068 187 1147 nis
214 1064 404 1173 Baptista,
432 1066 721 1174 Apostolorum
751 1067 861 1147 Petri
889 1072 928 1147 &
955 1067 1081 1166 Pauli,
1110 1065 1306 1171 lobannis
1332 1066 1606 1173 ewangeliste,
1642 1064 1858 1173 Laurencij
1886 1081 1928 1145 et
2003 1146 2006 1151 ,

133 1178 346 1284 Vincencij,
376 1178 598 1257 Martirum.
627 1178 846 1259 Beatorum
875 1178 1198 1275 ‘Confessorum,
1241 1174 1449 1258 Benedicti
1477 1182 1518 1258 8<
1545 1172 1760 1274 Bernardi,
1801 1176 1928 1258 Marie

19 1296 21 1329 ¹
130 1285 375 1396 magdalfflre,
404 1306 445 1369 et
474 1288 690 1369 Scolastice
725 1291 940 1398 virginum,
970 1292 1164 1371 Omnium
1193 1305 1429 1378 sanctorum¹
1454 1296 1495 1368 e't
1532 1315 1608 1396 per
1634 1288 1812 1368 Octauas
1840 1315 1928 1368 om-

115 1404 232 1483 nium
261 1399 609 1508 sollempnitatum
637 1399 923 1509 predictarum,
956 1430 1076 1483 causa
1105 1401 1341 1481 deuocionis
1370 1400 1623 1495 accesserint,
1659 1398 1726 1478 uel
1762 1426 1927 1480 manum

128 1514 379 1621 porrexerint
407 1512 657 1608 adiutricem,
686 1512 771 1593 Nos
806 1510 856 1593 de
900 1514 1192 1623 omnipotentis
1234 1510 1301 1592 dei
1343 1509 1617 1591 misericordia
1645 1510 1927 1595 &beatorum

128 1624 412 1732 Apostolorum
441 1624 550 1705 Petri
578 1640 618 1703 et
647 1624 761 1703 Pauli
777 1628 1017 1705 auctoritate
1046 1625 1197 1721 confisi,
1227 1652 1346 1731 vuam
1375 1619 1689 1729 Quadragenam
1713 1622 1926 1703 annissin-

128 1736 222 1845 gulis
251 1734 515 1816 deiniuncta
545 1734 621 1815 sibi
652 1737 893 1843 penitencia,
923 1734 1144 1817 dummodo
1180 1761 1398 1827 consensus
1428 1739 1467 1814 &
1496 1732 1688 1814 uoluntas
1724 1729 1926 1815 diocesani
1962 1800 1973 1817 .

128 1850 348 1941 accesserit,
379 1844 690 1927 misericorditer
711 1846 946 1929 relaxamus.
975 1850 1027 1929 Jn
1055 1848 1171 1929 cuius
1199 1847 1259 1929 rei
1288 1846 1562 1926 testimonium
1589 1860 1814 1954 presentem
1852 1874 1926 1955 pa·

28 1979 32 2012 ³
127 1961 247 2067 ginam
285 1954 564 2065 sigilliuostri
606 1958 825 2037 munimine
867 1958 1054 2042 duximus
1097 1955 1380 2040 roborandam.
1438 1958 1586 2037 Datum
1630 1955 1761 2037 Scaris
1804 1960 1925 2038 Anno

126 2072 295 2167 Domini,
328 2070 551 2167 lllillesimo,
579 2071 865 2150 Ducentesimo
898 2072 1158 2181 Octogesimo
1188 2072 1320 2152 Nono.
1351 2071 1404 2149 Jn
1431 2068 1658 2149 Natiuitate
1686 2067 1808 2148 Beate
1840 2060 1924 2151 v‘ir·
1971 2127 1975 2136 -

127 2183 228 2289 ginis.
1544 2204 1548 2212 ·

456 2318 587 2402 sigillet,
610 2320 771 2405 blngcnde
792 2324 803 2385 i
823 2322 909 2387 hvita
930 2322 991 2387 ocb
1012 2324 1115 2389 bruna
1136 2323 1253 2403 tredar,
1272 2330 1308 2385 dr
1329 2322 1425 2405 negot
1444 2320 1583 2385 sladadt.

134 2725 294 2829 1005.
708 2726 877 2872 1289.
920 2727 969 2834 a.
1018 2730 1092 2835 25
1137 2728 1267 2835 nov.
1752 2722 1920 2827 Luna.
1989 2673 1994 2686 ’
2048 2660 2054 2667 ’

193 2942 430 3006 Dom·Prosteu
451 2943 461 3004 i
484 2940 586 3022 Lund,
608 2940 752 3010 Tunoors
774 2946 979 3026 Testamenta,
1007 2945 1225 3010 innchlllande
1256 2946 1363 3030 analag
1396 2946 1434 3009 af
1457 2943 1637 3029 sastigbetcr
1672 2939 1722 3004 till
1753 2940 1920 3006 undcrball

239 3027 285 3124 ¹ef
304 3037 347 3088 ett
368 3027 466 3089 altare
487 3027 497 3087 i
519 3028 735 3112 Domlryrlran,
758 3029 807 3091 till
829 3031 1076 3114 archegangelse,
1099 3053 1140 3093 m.
1162 3053 1206 3093 m·
1635 3104 1697 3163 B‘r
1726 3108 1773 3162 3ss

244 3247 544 3352 Testamentum
574 3253 771 3359 prepositi
803 3235 964 3358 trugoti
987 3257 1029 3332 in
1056 3279 1133 3359 quo
1162 3267 1219 3329 est
1235 3248 1442 3350 standario
1470 3249 1616 3329 altaris
1651 3249 1787 3356 basma
1808 3250 1919 3328 cuius
2025 3312 2027 3315 .
2114 3265 2139 3284 “’

305 3365 561 3467 presentacio
582 3363 800 3469 pertinebit
829 3365 885 3443 ad
906 3362 1121 3466 fabricam
1157 3359 1217 3440 Et
1252 3366 1334 3441 eius
1370 3365 1690 3468 anniuersarium
1724 3357 1918 3439 tenebitur

311 3469 360 3548 de
389 3469 496 3550 bonis
523 3475 571 3560 io¹
592 3473 755 3578 sandby.
790 3504 795 3514 ¹
1164 3507 1166 3512 ·

162 3672 165 3678 .
220 3612 274 3689 Jn
305 3612 468 3692 nomine
498 3612 623 3720 patris
651 3629 691 3693 et
720 3613 790 3699 lilii
819 3630 860 3694 et
886 3615 1053 3724 spiritus
1080 3613 1211 3695 sancti
1239 3617 1379 3695 Amen.
1410 3613 1498 3720 Ego
1527 3610 1715 3720 magister
1750 3608 1916 3690 Taceo·

119 3745 186 3802 ‘rus
219 3725 454 3831 prepositus
491 3722 710 3806 lundensis.
755 3754 876 3808 sanus
904 3742 1038 3806 mente
1068 3743 1108 3806 et
1135 3753 1308 3835 corpore
1343 3725 1486 3805 horam
1522 3724 1663 3804 m'ortis
1699 3719 1916 3802 ineuitabi-
2012 3739 2016 3746 “

118 3831 186 3911 lam
213 3861 297 3942 que
327 3835 449 3916 mebi
477 3837 602 3941 magis
625 3865 677 3918 ac
705 3841 842 3946 magis.
879 3836 1023 3917 diebus
1057 3866 1131 3917 suo
1168 3867 1290 3918 cursu
1325 3834 1655 3944 pretereuntibus
1681 3833 1916 3942 ,appropin-

117 3962 217 4053 quat.
248 3947 329 4054 piis
357 3945 549 4055 operibus
578 3965 693 4028 caute
721 3951 889 4058 cupiens
917 3951 1143 4057 preuenire.
1174 3951 1216 4028 in
1244 3947 1354 4028 hunc
1398 3944 1563 4028 modum
1605 3973 1738 4026 meum
1778 3941 1915 4025 condo
2042 4031 2045 4036 ,

116 4072 405 4140 testamentum.
435 4058 546 4165 Lego
576 4060 702 4166 igitur
739 4061 782 4140 in
812 4061 951 4169 primis
980 4058 1031 4140 ad
1061 4059 1189 4141 altare
1214 4088 1289 4169 per
1317 4089 1380 4140 me
1408 4074 1686 4140 constructum
1716 4057 1757 4135 in
1787 4054 1915 4136 eccle·

116 4168 171 4276 sia¹
192 4166 305 4264 beati
335 4169 529 4250 laurencii
558 4170 692 4251 lundis
722 4172 764 4252 in
792 4171 989 4253 honorem
1018 4190 1156 4254 sancte
1184 4172 1308 4253 marie
1335 4171 1503 4279 virginis
1530 4187 1572 4252 et
1600 4168 1710 4249 beati
1725 4167 1914 4277 johannis

93 4269 369 4386 'ewangeliste
397 4299 437 4363 et
464 4298 601 4362 sancte
638 4281 832 4364 katerine.
870 4285 984 4364 iuxta
1021 4282 1133 4394 quod
1168 4311 1295 4380 meam
1333 4284 1438 4390 eligo
1474 4281 1734 4394 sepulturam.
1779 4280 1913 4360 omnia
1982 4349 1987 4357 .
2122 4293 2127 4303 '

114 4386 334 4473 bona-mea
363 4393 404 4474 in
428 4409 538 4486 astra
568 4394 769 4488 otherslef
799 4424 922 4504 quam
958 4397 1037 4478 emi
1066 4393 1117 4478 de
1144 4393 1316 4476 domino
1360 4393 1494 4476 allone
1539 4391 1765 4504 presbitero
1815 4419 1908 4472 cum

113 4501 296 4582 omnibus
326 4504 544 4587 mobilibus
572 4521 612 4588 et
641 4503 914 4588 immobilibus
959 4505 1013 4588 ad
1041 4507 1431 4618 mepertinentibu's
1459 4507 1503 4588 in
1518 4503 1668 4588 cadem.
1698 4506 1803 4587 Jtem
1827 4519 1912 4586 tres

114 4613 239 4718 curias
270 4642 376 4696 meas
405 4619 447 4698 in
475 4618 638 4726 rasrytb
666 4619 709 4698 in
746 4618 939 4727 parochia
968 4621 1166 4730 aespingae.
1209 4648 1301 4702 cum
1340 4617 1533 4700 omnibus
1562 4617 1655 4700 suis.
1691 4615 1912 4698 mobilibus

113 4735 150 4802 et
175 4725 463 4833 immobilibus.
490 4730 565 4820 sub
594 4729 673 4816 boc
700 4728 821 4811 modo
859 4731 1022 4816 scilicet.
1066 4749 1111 4814 vt
1146 4733 1348 4843 presbiter
1382 4731 1459 4843 qui
1493 4731 1626 4840 ipsum
1661 4729 1786 4812 altare
1821 4726 1911 4808 ofli-

115 4834 277 4952 tiauerit
306 4868 382 4948 pro
409 4861 602 4951 tempore.
632 4839 814 4924 redditus
843 4869 893 4949 ex
920 4845 1001 4924 iam
1029 4841 1148 4929 dictis
1181 4845 1299 4928 bonis
1335 4846 1633 4952 proueniantes.
1663 4837 1790 4924 libere
1817 4865 1911 4948 per·
2048 4838 2052 4842 ’
2123 4915 2129 4925 ,

117 4947 234 5056 cipiet
265 4954 484 5038 aunuatim.
520 4969 689 5067 excepta
717 4981 799 5040 vna
827 4955 912 5062 sola
940 4957 1116 5042 marcha.
1143 4986 1278 5070 quam·
1300 4954 1353 5044 ad
1381 4949 1573 5040 ornatum
1599 4953 1742 5040 altaris
1765 4977 1909 5060 supra·
2007 5051 2012 5055 .
2070 5038 2073 5044 .
2116 4963 2134 4982 ··
