4317 5975
689 382 899 456 ’-,
984 350 1063 449 4631
1177 353 1235 416 -’·

119 556 226 677 stare
255 569 441 672 volumtas
468 567 681 650 euidenter
709 594 782 650 nos
804 570 963 664 litteras
992 570 1232 669 venerabilis
1264 570 1388 678 patris
1420 566 1573 653 domini
1603 571 1665 653 .Η.
1693 569 1758 653 dei
1787 575 1920 680 gracia

119 680 328 791 quondam
359 681 601 791 lincopensis
628 682 808 790 episcopi
837 676 921 763 non
949 710 1057 761 rasas
1088 710 1171 762 non
1200 681 1369 762 abolitas
1397 684 1530 762 necin
1550 682 1685 792 aliqua
1714 686 1774 764 sui
1805 684 1921 789 parte

119 795 286 873 viciatas
316 782 460 875 vidisse
490 793 540 873 in.
561 793 643 872 hec.
663 789 786 871 verba
817 792 877 873 .Η.
907 791 972 872 dei
999 795 1135 899 gracia
1163 798 1233 876 &c
1277 795 1328 874 Sc
1344 795 1604 899 fdregdcncle
1632 794 1714 875 Ν.·ο
1743 796 1836 891 664.
1867 799 1919 875 Jn

41 916 45 923 ’
119 907 235 987 cuius
264 906 323 1013 rei
351 904 624 985 testimonium
669 901 843 1006 sigillum
874 898 1056 983 nostrum
1091 905 1345 1012 presentibus
1382 920 1441 983 est
1478 932 1713 1016 appensum.
1771 906 1918 987 Datu'rn
1953 984 1963 1001 ,

105 1016 256 1126 ,δτοὺγ
275 1006 393 1125 'anno
423 1014 575 1097 domini
604 1013 645 1095 M
673 1014 775 1095 CCC
804 1014 950 1123 quinto
980 1012 1109 1122 pridie
1137 1044 1231 1095 non.
1264 1016 1505 1097 nouembris.
1774 1026 1775 1031 ‘

131 1435 300 1612 maa.
522 1420 526 1425 ’
730 1436 915 1592 '1305
961 1436 1009 1543 a.
1063 1438 1135 1552 16
1180 1437 1304 1542 nov.
1406 1491 1411 1501 ·
1621 1412 1624 1421 ’
1716 1396 1920 1545 sarissa.
2045 1594 2051 1603 Ι

202 1636 356 1719 soniam
378 1655 558 1719 Btdnnssors
579 1656 665 1739 intyg
687 1676 738 1719 om
761 1657 814 1719 det
836 1659 874 1720 af
890 1658 967 1722 lianc
988 1680 1042 1721 son
1064 1660 1140 1721 Lars
1162 1658 1207 1720 till
1230 1659 1273 1719 sin
1299 1656 1408 1717 hustru
1441 1656 1594 1736 lugeborg
1615 1655 1697 1736 gisna
1722 1659 1920 1739 morgengdl·

255 1739 394 1821 vogodss
410 1739 481 1802 med
502 1740 733 1803 hesrammande
755 1742 791 1803 as
808 1741 874 1804 dese
895 1744 1010 1827 belopp
1031 1741 1051 1803 5
1071 1742 1213 1805 orestand
1236 1744 1244 1801 i
1267 1740 1412 1822 Hargby,
1446 1740 1543 1801 under
1565 1739 1734 1801 laststa'llda
1756 1742 1869 1803 vilior.

1668 1854 1703 1910 A.
1721 1856 1745 1909 6.
1763 1873 1787 1910 a.

232 1995 351 2071 Anno
380 1988 533 2069 domini
560 1990 644 2074 .M·.
674 1991 810 2075 CCC⁰.
836 1992 907 2075 Ψ.
935 1976 1067 2084 XVI‘,
1109 1986 1268 2070 kalend.
1314 1988 1536 2070 decembris
1583 1990 1671 2096 Ego
1713 1992 1920 2073 Jonnrmns

41 2094 48 2103 ’
121 2104 343 2186 u10une50rt
368 2100 412 2207 jn
441 2102 886 2210 presencia‚Nobilium
916 2105 1031 2211 regni
1058 2102 1324 2191 Domitiorum
1345 2098 1923 2209 PetriRagnvaldsonetphi·
1984 2143 2007 2195 ,-

121 2216 223 2322 lippi
254 2213 407 2321 legiferi
448 2212 750 2293 sutlrcrmannie
786 2214 843 2293 sic
872 2215 1080 2322 protestor
1112 2216 1314 2291 racionem
1357 2211 1591 2291 donacionis
1621 2228 1788 2319 propter
1817 2242 1922 2323 nup·

121 2327 202 2407 cias
230 2350 281 2405 ex
309 2342 423 2433 parte
453 2322 650 2432 laurencij
679 2324 752 2431 filij
782 2327 858 2404 mei
876 2352 970 2417 ‘esse
998 2324 1157 2419 factam,
1174 2323 1361 2403 videlicet
1393 2321 1454 2403 .V.
1483 2348 1555 2402 ore
1570 2338 1676 2401 terre
1698 2325 1738 2402 in
1761 2322 1922 2431 Hargh-
1968 2362 1971 2369 ⁴

123 2435 179 2534 bir
207 2435 357 2518 dantur
383 2436 499 2517 vxori
536 2462 606 2515 sne
650 2434 859 2544 jngiburgi
902 2437 944 2517 in
987 2433 1251 2517 donacionem
1296 2434 1537 2541 nupciarum
1565 2430 1618 2511 ad
1648 2433 1723 2512 hoc
1753 2434 1922 2516 fratrum

121 2548 247 2655 ipsius
270 2545 466 2653 laurencii
494 2546 706 2627 accedente
734 2572 950 2642 consensu,
985 2573 1030 2625 ea
1061 2545 1159 2627 dnm
1187 2560 1298 2635 taxat
1326 2543 1576 2638 condicione,
1605 2558 1650 2621 vt
1677 2548 1711 2622 si
1740 2545 1921 2653 predicta
2013 2582 2015 2590 ¹

122 2658 357 2766 ingiburgis
387 2658 572 2735 maritum
600 2685 715 2737 suum
745 2658 895 2737 dictum
925 2658 1195 2753 laurencium,
1222 2654 1494 2763 superuixerit
1521 2656 1607 2734 sine
1636 2658 1859 2763 propagine
1876 2658 1922 2736 li·

121 2766 312 2849 berorum
342 2765 562 2875 predictam
589 2786 738 2849 terram
768 2769 808 2847 in
837 2768 1009 2876 Hargbit
1037 2769 1220 2876 optineat
1262 2768 1352 2874 jure
1388 2781 1595 2873 perpetuo·
1620 2765 1919 2873 possidendam,
2057 2760 2069 2866 J

122 2878 165 2958 Si
194 2906 293 2959 uero
324 2878 519 2960 mediante
563 2878 783 2959 liberorum
813 2880 1036 2988 propagine
1065 2892 1266 2988 superstes
1310 2876 1434 2956 suerit
1460 2876 1688 2984 jugiburgis
1717 2877 1767 2969 ad
1798 2878 1922 2986 placi·

119 3007 208 3070 tum
238 2993 322 3070 eius
352 2989 533 3099 predicta
562 2988 747 3071 terra'ad
778 2991 974 3100 reliquam
995 2989 1252 3071 hereditatem
1269 2987 1482 3082 referatur,
1511 3017 1557 3067 ac
1577 2984 1685 3093 juter
1714 2984 1922 3097 aliaspor'·

68 3178 74 3188 ,
120 3105 257 3182 ciones
285 3103 403 3183 cedat
435 3105 555 3198 sorti,
586 3101 629 3183 Si
657 3117 788 3182 antem
834 3102 1058 3182 laurencius
1087 3101 1240 3210 absque
1278 3097 1414 3180 liberis
1452 3097 1707 3206 jugibus-gem
1738 3103 1922 3208 superui·

120 3214 225 3294 xecit
254 3209 474 3321 predictam
502 3229 651 3291 terram
679 3212 721 3292 in
751 3212 938 3319 harghbir
966 3212 1162 3293 redimere
1204 3206 1335 3308 valeat
1364 3208 1478 3317 juxta
1508 3210 1640 3316 legum
1670 3223 1778 3290 terre
1805 3211 1921 3317 jnsti-

120 3339 229 3419 tnta,
259 3321 310 3403 ad
339 3322 597 3433 equalitatem
627 3350 726 3402 uero
755 3322 954 3403 bonorum
986 3322 1195 3405 mobilium
1214 3347 1293 3432 que
1322 3323 1364 3399 in
1392 3335 1487 3399 vxta
1534 3321 1787 3425 assignantur
1814 3322 1922 3432 jngi·

121 3432 254 3540 burgi,
284 3433 423 3543 obligo
452 3463 514 3513 me
545 3435 585 3513 in
618 3433 779 3542 bargbi
807 3433 1059 3516 tantumdem
1088 3435 1302 3538 assignare.
1332 3433 1383 3512 Jn
1399 3430 1519 3511 buius
1534 3431 1659 3538 igitur
1688 3427 1921 3516 donacionis

120 3543 370 3626 euidenciam
398 3559 518 3625 testes
546 3546 618 3655 qui
647 3543 773 3631 foster
799 3543 994 3628 dicuntur
1021 3546 1204 3653 inuocati
1225 3541 1376 3624 sactum
1402 3541 1583 3650 legaliter
1611 3543 1920 3646 confirmarunt,

120 3653 315 3764 videlicet
336 3654 557 3768 supradicti
592 3656 749 3762 nobiles
788 3658 953 3738 Domini
991 3673 1132 3763 petrus
1160 3671 1200 3738 et
1230 3653 1438 3764 philippus
1481 3651 1551 3766 qui
1576 3649 1922 3761 ‚vidberuarnmen

120 3760 216 3844 sunt
245 3761 377 3846 vocati
405 3769 497 3847 cum
528 3765 630 3848 ‚XIL
660 3767 731 3876 qui
760 3765 883 3847 faster
911 3767 1104 3847 dicuntur
1132 3768 1206 3874 qui
1232 3763 1408 3844 sunthic
1429 3745 1660 3870 subscripti.
1689 3763 1921 3871 jngini'ldus

120 3873 446 3982 gudmuml‘cson,
473 3872 668 3985 sigwidus
695 3893 897 3969 ostenson.
935 3877 1130 3984 johannes
1159 3871 1316 3972 bardal,
1356 3871 1429 3980 jon
1456 3873 1632 3979 juguson
1660 3873 1921 3979 Ragnvaldus

119 3985 312 4070 sibbesou
339 4014 479 4068 sweno
506 3988 708 4070 niclisson.
744 3987 934 4070 Nicolaus
962 4014 1171 4096 ragncson.
1215 3986 1384 4094 Magnus
1412 3983 1539 4065 frater
1562 4013 1673 4080 suus.
1715 3984 1921 4092 Arnaldus

119 4095 258 4204 judex.
288 4100 435 4181 Olaws·
452 4096 502 4180 dc
530 4114 698 4207 gestum.
727 4094 978 4181 Laurencius
1006 4126 1118 4181 mus*
1135 4113 1273 4206 petrus
1294 4093 1453 4180 nicolai,
1473 4092 1658 4206 desuper
1677 4095 1805 4203 sigilla
1829 4123 1920 4232 pre?
1990 4141 1993 4149 =

120 4206 321 4312 dictorum
351 4208 506 4290 domini
533 4213 640 4318 petri
668 4227 711 4290 et
735 4209 889 4290 domini
918 4208 1094 4319 philippi
1141 4237 1216 4288 vna
1260 4236 1350 4294 cum
1386 4205 1517 4318 sigillo
1543 4233 1642 4320 ‚illest
1666 4204 1920 4320 prapcntrbus

110 4318 267 4401 litteris
299 4319 350 4401 ad
380 4318 635 4424 factifrobur
662 4339 703 4416 et
730 4323 962 4422 memoriam
989 4337 1085 4427 aunt
1112 4347 1300 4430 appensa⁴
1330 4323 1475 4432 Actum
1499 4317 1609 4431 apud
1625 4314 1818 4432 beliden„
1836 4312 1920 4434 dui
2040 4360 2050 4374 ·

120 4429 831 4541 no.etdie0supcriusannotatis.¹
990 4499 993 4504 .
1589 4503 1591 4511 .
1628 4473 1655 4518 ¹.
1704 4515 1707 4526 ,
1907 4472 1915 4485 ·

709 4569 1357 4655 Pcisrrlmidaenelitterasuperbarbp'
1515 4581 1520 4592 ⁴
1557 4587 1630 4654 ,μ’
1702 4585 1706 4594 ’
1904 4629 1912 4638 .
1963 4591 1967 4598 ·

644 4686 840 4768 '·Sigillec
861 4674 1117 4785 calfit-simma
1136 4687 1147 4748 i
1168 4687 1345 4762 lactem,
1405 4729 1411 4741 -
1497 4723 1503 4740 ·
1621 4695 1640 4792 r·
1709 4697 1782 4761 s·
1837 4697 1868 4759 ¹,

121 4839 128 4847 ·
315 4850 320 4863 ι
442 4838 446 4849 ·
499 4841 507 4868 ι
606 4888 611 4897 ,
1021 4827 1068 4867 ἰ
1134 4835 1136 4842 ·
1205 4869 1209 4876 .
1267 4805 1494 4906 micturus
1528 4805 1913 4902 {rahrjbair-h.

121 4949 128 4958 ·
208 4942 213 4952 ·
252 4912 517 5016 ..sumpt-amna!
625 4937 633 4954 ¹
876 4938 925 4979 ::.
1105 4956 1108 4962 ·
1165 4941 1168 4950 ·
1349 4915 1354 4987 ἶ
1386 4958 1402 4990 a
1448 4945 1480 4988 tt:
1516 4933 1665 4990 ·=;·.‘:=l.:r
1713 4917 1841 5002 ”5912ss
1879 4945 1913 4990 ·t
