4317 5975
832 392 902 513 ‘z
998 325 1080 478 ³⁷³⁷

136 574 361 687 pertineat,
403 577 469 657 cui
499 572 562 659 rel
591 572 742 687 quibus
769 602 924 670 eurum,
953 576 1203 659 vsusiructus
1230 594 1271 658 et
1301 575 1481 687 prouisio
1503 576 1778 689 predictorum
1808 574 1939 663 hono·

96 780 102 785 ,
133 716 226 769 rum
256 688 474 784 debeatur,
502 687 1049 798 Statuto'enimsanetimus
1076 707 1275 799 perpetuo
1302 690 1491 784 valituro,
1520 690 1634 771 illum
1663 718 1820 801 semper
1849 692 1939 800 aliis

130 797 286 881 debere
316 800 485 908 preferri
513 801 557 881 in
585 800 788 881 dictorum
817 796 1016 880 bonorum
1048 802 1257 881 vsulructn
1285 817 1326 883 et
1350 802 1606 909 prouisione,
1635 805 1706 912 qui
1735 801 1842 885 dicte
1866 802 1976 886 ho·.
2035 843 2046 873 x
2128 826 2136 838 ·

131 911 358 1021 spitalitati,
388 938 466 1019 pro
494 910 731 995 facultatum
761 936 924 991 suarum
953 909 1121 992 modulo
1152 938 1316 1019 operam
1359 912 1580 1021 inpendere
1623 912 1825 999 studuerit
1852 911 1954 1009 effi

130 1050 288 1117 eacem,
319 1022 535 1133 iocumque
562 1020 822 1132 sepedictum,
839 1022 992 1101 vtiiiter
1021 1024 1223 1119 excolere,
1251 1040 1291 1106 et
1321 1049 1396 1133 pro
1426 1052 1541 1133 posse
1571 1025 1846 1131 indigentibus
1875 1024 1964 1117 im,
2025 1088 2029 1107 ,

130 1136 276 1243 pertiri
304 1135 522 1231 curauerit,
551 1131 726 1217 subsidia
752 1132 956 1228 karitatis,
983 1132 1222 1215 inhibemus
1249 1136 1373 1215 eciam
1392 1137 1555 1215 tirmiter
1584 1152 1624 1215 et
1653 1137 1846 1232 districte,
1877 1136 1937 1215 Ne

128 1245 279 1356 aliquis
293 1266 566 1336 successorum
582 1262 827 1341 nostrorum,
843 1245 946 1341 loco,
959 1244 1243 1353 hospitalitatis
1257 1242 1502 1355 supradicte,
1526 1248 1687 1327 racione
1702 1247 1938 1329 donacionis
1957 1276 1965 1297 ⁸

129 1356 383 1465 prediorum,
411 1357 490 1437 sihi
506 1386 579 1467 per
606 1358 814 1452 nosiaete,
842 1382 946 1437 onus
959 1356 1174 1467 quodlibet
1203 1358 1266 1439 vel
1296 1358 1588 1465 inposicionem
1616 1384 1935 1469 quamcumque,
1969 1435 1971 1441 ,

126 1468 238 1547 vitra
268 1466 308 1548 id
342 1467 456 1579 quod
484 1469 672 1578 superius
712 1494 949 1576 expressum
976 1484 1036 1549 est
1070 1470 1113 1549 in
1159 1468 1235 1551 hac
1280 1467 1412 1550 littera
1454 1484 1591 1549 nostra
1635 1471 1825 1581 inponat,
1862 1496 1937 1557 seu

126 1578 442 1689 quomodolibet
471 1605 614 1689 perse
643 1579 706 1660 rei
736 1605 833 1659 suos
861 1595 1131 1675 transeuntes,
1160 1608 1234 1691 per
1264 1579 1399 1662 iocum
1440 1580 1687 1690 predictum,
1716 1604 1935 1689 grauamen
1988 1598 2037 1615 ''
2099 1654 2101 1665 ,

126 1690 270 1772 inferri
299 1692 505 1799 paciatur,
534 1694 587 1773 ln
613 1690 759 1773 borum
790 1689 916 1798 igitur
951 1693 1131 1771 omnium
1177 1690 1306 1772 robur
1334 1706 1376 1773 et
1402 1692 1648 1775 euidentiam
1697 1691 1936 1799 pleniorem,

125 1830 178 1883 ac
205 1818 455 1911 perpetuam
501 1805 558 1885 rei
595 1803 826 1882 memoriam
862 1802 1036 1911 sigillum
1077 1818 1258 1883 nostrum
1294 1804 1549 1911 presentibus
1591 1803 1780 1885 duximus
1809 1828 1937 1911 appo·

125 1913 326 2009 nendum,
361 1909 523 1994 'Datum
565 1910 675 2022 apud
719 1913 924 1995 ecclesiam
968 1910 1072 2005 simin
1115 1914 1157 1993 in
1205 1912 1485 2025 maethalpatha
1524 1942 1634 1995 anno
1663 1912 1819 1995 domini
1847 1912 1936 1993 Mil·

124 2024 281 2122 lesimo,
312 2024 655 2120 Trescentesimo,
686 2024 832 2105 Tercio
860 2052 954 2105 non.
984 2022 1135 2133 Marcii.
1645 2042 1648 2058 ¹
1886 2028 1900 2049 *

748 2166 869 2250 sigillet
889 2166 1068 2248 bortl‘dlet,
1089 2186 1208 2231 remsan
1230 2186 1315 2252 quar.

140 2430 303 2584 1383.
448 2555 453 2562 .
775 2432 920 2539 1303
965 2430 1013 2538 d.
1063 2470 1091 2578 7
1141 2434 1292 2539 Mars.
1777 2430 1935 2539 stan

213 2618 402 2702 irlebiskop
424 2620 498 2682 liras
517 2622 687 2683 Aramum
708 2618 718 2679 i
737 2585 856 2703 Upsalr
878 2621 952 2685 bref
966 2641 1019 2684 om
1041 2620 1144 2703 gifren
1166 2622 1244 2685 laste
1268 2622 1308 2709 pt
1328 2642 1367 2685 en
1396 2620 1480 2705 jord,
1508 2618 1635 2683 hvilleu
1658 2618 1720 2683 ban
1752 2621 1856 2684 anelli·
1888 2622 1936 2683 till
2066 2630 2068 2639 ’

263 2702 481 2766 liirututm'nde
504 2705 657 2786 gestnings
679 2701 853 2766 underbdll.

1669 2786 1705 2840 Α.
1723 2800 1747 2842 a.
1763 2788 1798 2853 ¹t).

239 2923 441 3005 Omnibus
469 2938 675 3031 presentes
703 2921 859 3004 litteras
887 2922 1141 3031 inspecturis,
1171 2920 1380 3006 Nrcotms
1408 2918 1546 3003 diuina
1576 2922 1835 3004 miseracione
1858 2926 1934 3006 Ar·

124 3034 411 3144 arhiepiscopus
440 3034 670 3142 upsalensis,
697 3028 869 3117 salutern
898 3035 940 3114 in
968 3032 1136 3115 domino
1151 3038 1448 3144 sempiternam,
1476 3036 1591 3114 inter
1619 3062 1741 3144 opera
1773 3035 1934 3143 pietatis

127 3161 178 3228 et
203 3145 473 3227 misericordie
500 3140 930 3226 dominica'sentencia
965 3146 1291 3248 commendatur,
1328 3150 1477 3255 egenos
1520 3173 1723 3255 vagosque
1752 3146 1935 3255 hospicio

126 3257 341 3365 colligere,
367 3271 408 3336 et
434 3283 580 3365 panem
609 3256 894 3350 esurientibus,
924 3284 971 3336 ac
1001 3277 1142 3365 potum
1172 3258 1406 3338 sicientibus
1441 3257 1690 3352 ministrare,
1733 3256 1807 3337 hac
1836 3285 1935 3340 con·

124 3365 375 3453 sideratione
404 3365 551 3447 ductus
578 3366 705 3448 felicis
741 3366 1039 3448 recordacionis
1081 3370 1279 3450 Dominus
1306 3368 1476 3477 jacobus
1503 3367 1831 3477 archiepiscopus
1860 3395 1935 3478 vp·
2015 3450 2018 3472 ,

125 3476 293 3560 salensis
323 3474 585 3587 predecessor
612 3493 772 3576 noster,
816 3507 907 3559 cum
938 3479 1183 3587 intelligeret
1212 3483 1266 3562 ob
1297 3480 1569 3589 prolixitatem
1611 3479 1711 3559 silue
1753 3481 1936 3560 Rawun-

125 3588 239 3688 dum,
267 3619 319 3672 ex
346 3588 504 3673 defectu
535 3589 721 3702 hospicii,
748 3593 911 3698 grauari
927 3587 1136 3696 plurimos,
1164 3607 1205 3672 et
1234 3619 1432 3701 pauperes
1460 3618 1555 3698 sepe
1584 3589 1635 3670 de
1665 3591 1745 3670 rita
1775 3583 1936 3702 pericii·

127 3704 230 3798 tari,
266 3718 308 3783 et
335 3700 557 3782 nonnullos
586 3703 718 3812 perire
746 3702 980 3812 frequenter
1007 3704 1049 3783 in
1079 3702 1185 3783 dicta
1214 3703 1445 3799 silua,emit
1475 3728 1549 3810 pro
1579 3698 1742 3782 dimidia
1772 3699 1936 3781 marche

126 3811 264 3896 locum
291 3809 516 3922 quendam,
546 3832 586 3895 et
614 3813 672 3892 illi
703 3811 793 3893 loco
821 3814 1164 3899 circumiacencia.
1204 3814 1333 3894 silicet
1378 3840 1501 3892 vnum
1543 3811 1811 3919 Mansgangu,
1852 3839 1934 3923 que

125 3925 318 4035 Gyrdoni
348 3925 456 4033 patri
494 3922 684 4006 videlicet
724 3923 869 4004 thoriri
912 3951 1022 4002 nunc
1063 3922 1214 4004 ibidem
1250 3921 1495 4019 habitantis,
1539 3940 1579 4003 et
1607 3924 1688 4002 suis
1717 3921 1934 4004 heredibus

127 4037 361 4145 assignauit,
392 4063 471 4144 pro
498 4035 636 4116 esibus
665 4033 926 4142 supradictis,
957 4035 1041 4116 Nos
1069 4063 1233 4146 quoque
1262 4061 1366 4144 opus
1394 4052 1474 4116 tam
1506 4033 1770 4118 necessarium
1803 4051 1842 4114 et
1871 4035 1934 4143 pi·
2057 4101 2059 4112 ,

126 4175 217 4243 um,
247 4149 423 4258 benigno
452 4145 595 4227 fauore
637 4173 876 4255 promouere
905 4145 1107 4242 volentes,
1151 4142 1203 4226 ad
1232 4145 1385 4232 dictum
1429 4143 1715 4254 hospitalitatis
1755 4143 1934 4225 officium

125 4257 372 4342 conferimus
408 4259 584 4340 vicinum
614 4255 821 4366 predium,
849 4255 963 4368 quod
991 4259 1158 4338 emimus
1188 4285 1210 4336 a
1240 4257 1413 4366 radgero
1455 4255 1506 4338 de
1536 4254 1694 4337 hamhri
1753 4283 1800 4336 ro
1829 4255 1934 4336 duo·

126 4370 257 4452 decim
287 4371 388 4464 oris,
431 4367 543 4480 quod
573 4367 756 4478 predium
785 4370 828 4449 in
856 4369 1095 4477 subscriptis
1124 4366 1321 4450 limitibus
1364 4369 1625 4462 terminatur,
1668 4285 1854 4447 vidilicet
1883 4365 1935 4448 ad

128 4481 422 4564 occidentalem
457 4499 626 4590 partem,
671 4483 712 4560 in
759 4479 850 4560 loco
882 4480 994 4562 dicto
1023 4479 1254 4589 lemowijlr‚
1302 4477 1558 4588 postmodum
1603 4479 1642 4558 in
1673 4475 1936 4588 gritubolma

127 4621 209 4703 que
237 4595 312 4675 sita
338 4609 434 4675 sunt
469 4596 594 4701 magis
635 4591 687 4673 ad
729 4591 981 4702 aquilonem,
1024 4591 1179 4673 Deinde
1213 4593 1368 4675 directo
1396 4589 1448 4674 ad
1477 4592 1671 4671 orientem
1715 4591 1756 4670 in
1787 4587 1935 4700 ampne

129 4707 239 4792 dicta
268 4723 424 4814 myrtea
458 4703 501 4816 ¹).
543 4703 730 4812 ffirmarij
767 4732 865 4784 vero
894 4700 993 4784 dicti
1021 4702 1228 4812 wlgariter
1258 4703 1380 4784 lastar
1423 4702 1624 4810 empcinni
1667 4701 1850 4811 predicte
1893 4715 1935 4782 et

169 4921 196 4994 *)
218 4915 332 4978 Finnes
351 4915 440 4977 tiron
462 4913 473 4974 i
495 4933 533 4975 en
555 4913 593 4975 af
609 4912 801 4999 irhebishop
823 4913 987 4996 hemming
1009 4914 1019 4974 i
1039 4911 1159 4997 Upsela
1191 4912 1333 4996 beslyrht
1364 4911 1486 4977 alshriit
1507 4911 1544 4992 al
1560 4913 1596 4973 ir
1621 4911 1709 4998 ¹³⁴⁶·

174 5003 203 5078 r)
224 5001 239 5062 i
258 4997 436 5062 stabilient
457 5015 596 5082 ruyrus.
1153 5065 1157 5074 ,
