4317 5975
961 333 1391 418 -686-

200 555 204 559 ’
282 558 383 644 mini
410 553 629 637 Clementis
655 553 763 660 Pape
789 553 957 657 Quarti,
983 555 1061 636 sub
1090 570 1198 636 certa
1228 554 1337 638 bulla
1370 555 1464 638 stilo
1498 571 1540 638 et
1573 553 1662 652 filo,
1704 579 1785 636 non
1813 547 2020 662 cancellatae.

91 745 98 762 ,
229 728 233 736 ι
282 698 366 754 non
396 693 504 749 rasos
532 692 618 746 non
645 662 818 752 abolitas
845 693 921 747 nec
948 666 990 748 in
1019 668 1157 778 aliqua
1185 668 1248 748 sui
1277 683 1393 776 parte
1420 661 1607 760 alciatus,
1637 663 1783 750 uidisse
1810 666 1850 748 in
1877 668 1939 752 hec
1960 701 2022 758 uer·

280 781 346 864 ba.
403 777 594 863 Cumas
621 776 834 888 episcopus
867 782 941 860 &c
976 777 1030 861 Se
1050 781 1198 886 [ὄνος.
1226 779 1312 888 Νιο,
1337 780 1427 862 501.
1493 781 1546 862 Jn
1574 778 1691 862 cuius
1721 778 1780 858 rei
1806 779 2023 870 testimoninm

281 891 486 1002 siggillum
515 902 697 978 nostrum
725 885 914 970 duximus
942 889 1199 997 presentibus
1226 888 1528 1001 apponendum.
1587 893 1738 972 natum
1767 889 1915 999 vpsalie,
1940 896 2021 978 luno

280 1003 436 1087 domini
470 999 683 1082 M-illesimo
718 1000 1001 1087 Ducentesimo
1036 1001 1306 1110 Nonagesimo
1341 1002 1499 1106 Quarto
1529 999 1581 1114 *),
1622 1003 1675 1084 Jn
1703 999 1926 1084 testamenti
1948 1005 2023 1090 lirici

146 1164 150 1172 ·
282 1115 404 1225 Regis
431 1127 473 1196 et
500 1110 688 1197 Martiris.

598 1253 648 1318 Pa
657 1253 853 1337 stuariam:
872 1254 958 1340 qirod
981 1251 1081 1317 libere
1103 1273 1266 1357 ponamus
1293 1254 1449 1340 possidere
1470 1253 1553 1333 bonu
1573 1253 1663 1318 cobis
1681 1255 1766 1318 datu.

925 1369 1049 1453 sigillet
1069 1365 1179 1448 horta,
1205 1390 1325 1434 temno
1353 1391 1442 1454 qvae.

163 1746 175 1945 J
292 1797 434 1926 1744.
805 1717 808 1724 Ι
937 1776 1081 1920 1296
1128 1775 1177 1884 d.
1222 1782 1256 1892 8
1302 1775 1442 1923 Sept.
1764 1685 2028 1884 Sloelholm.
2096 1687 2097 1745 l

361 1964 560 2045 luteciniog
584 1961 720 2025 riireude
740 1973 785 2025 ett
805 1939 943 2026 silleri
963 1963 1074 2042 Birger
1094 1950 1224 2027 Perseos
1246 1965 1351 2051 gjordt
1380 1967 1492 2052 utbyte
1517 1965 1555 2028 as
1586 1965 1714 2030 Fiosted
1735 1964 1784 2028 till
1818 1963 1909 2028 itura
1927 1969 2026 2029 ilatum

421 2052 459 2114 el
475 2045 669 2124 Solleotuna‚
690 2058 758 2110 mot
776 2045 959 2110 erhlllende
979 2045 1017 2111 el
1033 2046 1207 2110 Sitillnora.
1878 2129 1943 2186 Μ

392 2239 513 2318 Anno
541 2233 704 2316 domini.
734 2229 804 2313 ΜΟ.
837 2229 932 2313 CC0.
969 2231 1239 2340 Nonagesimo
1266 2233 1353 2312 Vl‘’.
1395 2229 1502 2314 facta
1532 2251 1592 2316 est
1618 2235 1884 2314 cornmutacio
1909 2231 2028 2341 predio·

127 2335 135 2342 ’
279 2375 372 2432 rum
400 2337 508 2429 inter
535 2342 744 2427 dominum
774 2342 1025 2452 Byrgherum
1054 2361 1263 2450 paetmrson
1292 2361 1332 2424 et
1361 2344 1565 2424 dominum
1597 2345 1773 2436 roricum
1804 2344 1854 2425 de
1880 2343 2028 2424 solando

280 2461 459 2541 thuuum.
516 2452 658 2536 Filium
685 2452 842 2534 mathie.
898 2452 952 2534 Jn
980 2449 1044 2534 die
1069 2455 1289 2556 natiuitatis
1303 2453 1416 2534 beate
1443 2457 1606 2562 virginis
1634 2457 1754 2536 marie
1782 2457 1826 2536 in
1846 2451 1956 2536 'domo
1976 2454 2029 2534 lra-

281 2589 386 2668 trum
426 2571 471 2652 in
511 2563 713 2650 stokholm
753 2561 828 2646 sub
870 2593 1021 2646 summa
1049 2568 1175 2646 missa.
1231 2569 1295 2646 lta
1328 2563 1436 2678 quod
1472 2565 1654 2649 dominus
1700 2565 1918 2676 byrglrerus
1950 2563 2029 2644 dimi·

279 2675 330 2764 'sit
371 2677 533 2762 domino
580 2679 712 2771 rorico
744 2705 854 2757 suam
902 2678 1144 2758 mansionem
1182 2677 1356 2758 ‘flinstatl
1393 2675 1537 2760 dictam
1587 2708 1676 2760 cum
1718 2675 1935 2760 molendina
1979 2704 2029 2784 pro

151 2881 161 2888 f
278 2791 387 2877 curia
428 2818 548 2903 quam
586 2785 714 2870 dicans
762 2784 955 2870 dominus.
1004 2805 1063 2881 ro.
1099 2787 1274 2898 possedit
1322 2791 1365 2872 in
1407 2789 1635 2874 skelldonor
1677 2819 1768 2871 cum
1804 2793 1881 2872 suis
1920 2787 2029 2868 molen·

141 3053 145 3059 ’
261 3014 356 3100 ‘fide
384 3012 515 3123 dignis
542 3010 651 3093 lastae
678 3008 792 3094 dictis
818 3015 941 3093 eciam
961 3030 1004 3093 et
1023 3009 1220 3095 adhibitis.
1249 3015 1373 3095 silicet
1401 3014 1486 3095 hiis.
1515 3014 1695 3097 dominis.
1724 3012 1926 3125 Thyrgillo
1946 3010 2031 3091 laut-

279 2903 383 2987 dinis
409 2929 533 3015 quam
562 2899 638 2981 sibi
666 2897 813 2981 dimisit
847 2895 1060 2980 secundum
1097 2901 1203 3007 leges
1237 2903 1363 3011 patrie
1404 2902 1682 2986 attestantibus
1708 2904 1805 2982 viris
1832 2899 1986 2982 discretis
2004 2913 2030 2976 et

278 3158 352 3212 son
378 3124 637 3209 marskalcho
664 3124 814 3205 aberno
849 3126 1079 3207 sixstenson.
1108 3152 1189 3235 yop
1217 3134 1441 3207 mocorson.
1471 3126 1609 3208 karulo
1638 3124 1812 3237 thyzkae.
1840 3124 1887 3206 de
1907 3127 2032 3227 armig-

145 3305 150 3316 .
276 3244 342 3324 ris.
369 3236 542 3319 aderant.
570 3234 742 3317 kanutus
768 3235 1096 3345 swantpolkhson
1125 3234 1392 3343 Sighmundus
1421 3240 1708 3345 Eringislaescn.
1735 3236 1931 3319 lohannes
1943 3234 2031 3313 Thu.
2096 3272 2097 3287 r

175 3435 180 3447 ,
279 3346 532 3433 Germundus
567 3347 670 3428 lilius
704 3345 865 3451 legiferi.
905 3348 1070 3428 Hericus
1102 3345 1151 3427 de
1187 3348 1349 3457 husuby.
1391 3347 1556 3431 andreas
1593 3346 1643 3429 de
1672 3349 1809 3455 loghu.
1852 3350 2031 3455 Jngimauu

279 3464 448 3543 famulus
488 3456 638 3549 domini
678 3458 826 3538 aberni.
882 3454 986 3538 Item
1022 3455 1071 3538 de
1106 3457 1357 3539 bondonibus
1383 3462 1583 3543 lohannes
1617 3460 1840 3567 gasaebogh.
1875 3488 1955 3541 cnm
1975 3454 2032 3535 filio

279 3601 349 3657 suo
384 3573 575 3679 Jolranne.
618 3568 825 3649 Morkarus
852 3568 902 3648 de
936 3571 1056 3649 alsn0.
1085 3572 1188 3650 Jtern
1217 3566 1266 3649 de
1294 3572 1586 3653 mercatoribus.
1629 3572 1918 3681 Tythimarmus
1956 3595 2030 3646 asa.

277 3703 318 3766 et
346 3684 470 3765 skula.
513 3681 618 3759 Jtem
644 3676 849 3759 bondones
868 3680 1085 3761 'lohannes
1118 3682 1258 3761 vlfson.
1304 3682 1478 3763 nicolaus
1514 3683 1766 3790 gribernator.
1810 3674 2032 3787 Jngimundus
2096 3758 2097 3763 ,

278 3794 327 3877 de
355 3819 541 3897 arnunge.
598 3791 747 3901 Syneon
776 3791 896 3873 hall.
939 3790 1202 3896 lngimundus
1242 3788 1291 3870 de
1335 3794 1502 3875 saelnom.
1541 3792 1717 3904 Grymbr
1753 3791 1806 3872 de
1855 3795 2030 3873 litorum.

119 4006 123 4014 .
164 3899 177 3911 .
264 3909 440 3998 ,Olawus
468 3904 619 4009 longus.
662 3903 861 3983 lohannes
895 3905 1145 3984 cristiuaeson.
1188 3901 1409 3985 Annundus
1437 3903 1486 3984 de
1514 3906 1658 4015 naesby.
1687 3923 1727 3986 et
1756 3906 1916 3985 Olawus
1939 3904 2031 4011 pisca·

275 4039 350 4101 tor.
407 4014 493 4096 Hiis
526 4015 646 4094 eciam
676 4016 843 4122 peractis
869 4013 1069 4096 affuerunt
1105 4015 1173 4094 lilii
1202 4012 1374 4095 eiusdem
1402 4012 1550 4097 domini
1577 4019 1696 4111 rorici
1726 4016 1851 4096 silicet
1871 4014 2031 4095 lohannes

276 4150 317 4211 et
358 4122 594 4233 ingiwaldus
637 4142 859 4206 annuerunt
901 4128 993 4207 huic
1027 4144 1145 4233 pacto
1186 4142 1227 4205 et
1269 4126 1425 4207 firmum
1453 4124 1651 4209 duxerunt
1678 4129 1720 4209 in
1748 4124 1871 4208 domo
1898 4127 2029 4206 fratrum

276 4243 423 4351 pariter
451 4255 491 4317 et
518 4238 561 4317 in
587 4237 747 4317 ecclesia
774 4238 1009 4320 villanorum
1043 4238 1086 4316 in
1120 4234 1321 4319 stolrholm
1358 4239 1412 4319 ita
1427 4256 1430 4265 '
1447 4257 1579 4321 tamen
1614 4236 1723 4351 quod
1751 4235 1890 4319 domus
1914 4255 1950 4317 et
1972 4262 2030 4313 mn

241 4344 246 4352 ⁵
276 4355 371 4435 bilia
392 4358 434 4435 in
461 4350 635 4459 utrisque
650 4349 776 4427 curiis.
805 4352 892 4457 pari
919 4346 1038 4429 modo
1054 4352 1330 4457 apprecientur
1345 4366 1390 4428 vt
1417 4351 1567 4431 soluere
1595 4347 1862 4432 dinoscuntur.
1890 4367 1927 4427 et
1951 4347 2029 4424 cuius
2096 4338 2097 4433 ζ

167 4546 170 4549 ,
273 4494 337 4547 res
383 4464 446 4544 vel
480 4457 618 4541 domus
660 4456 853 4540 deteriora
894 4460 1114 4570 probantur
1155 4461 1220 4539 ille
1262 4460 1372 4539 alteri
1402 4462 1613 4543 satisfaciat
1641 4490 1716 4569 pro
1744 4458 1869 4539 dictis'
1886 4456 2030 4551 domibus
2096 4452 2097 4475 ¹

315 4786 341 4861 *)
361 4785 481 4861 Quarto
503 4790 536 4841 ar
557 4780 688 4844 skrilvet
710 4782 719 4841 i
740 4753 842 4841 stellet
870 4782 919 4844 fiir
945 4733 1074 4860 Tercio,
1101 4801 1164 4843 som
1193 4790 1226 4843 a·
1253 4784 1469 4849 iilrerstrulet.
1523 4775 1641 4847 lctalet
1663 4784 1672 4845 i
1694 4784 1744 4845 Se.
1767 4784 1853 4867 Dipl.
1874 4783 1888 4844 l
1908 4777 1967 4842 Del.
1984 4772 2029 4837 sid·

355 4866 419 4943 4²4
439 4867 448 4925 i
470 4876 559 4926 noteo
581 4864 693 4927 tndras
711 4864 829 4927 edledes
851 4866 899 4928 till
926 4866 1013 4951 1294.
