4317 5975
759 378 810 400 ·-
931 362 1000 443 171
1119 374 1188 403 -·

99 564 149 643 nia
168 583 244 668 que
272 552 329 635 ad
350 552 580 663 profectum
617 582 760 664 parare
802 557 929 666 ipsius
969 558 1148 667 collegii,
1191 568 1230 643 8(
1266 560 1697 641 salutem'animarum
1733 559 1876 646 decere

98 669 321 780 experiencia
348 665 603 774 probauerit,
631 668 732 776 juris
756 671 1004 779 exequcione
1032 674 1217 780 cupimus
1240 673 1472 781 adimplere,
1491 674 1605 752 Licet
1627 674 1752 781 igitur
1773 692 1874 756 tem·

99 810 177 893 porc
200 778 523 887 predecessorum
555 797 799 877 nostrorum,
817 781 1063 862 verbotenus
1093 800 1286 863 statutum
1317 784 1441 863 fuerit
1457 803 1500 864 vt
1522 812 1613 864 cum
1638 786 1871 893 episcopum

96 894 344 1004 prepositum,
387 890 737 986 archidiaconum,
773 894 989 990 decanum,
1033 894 1097 973 uel
1135 897 1375 975 canonicum
1419 896 1581 976 ecclesie
1611 897 1873 1005 lincopensis,

96 1004 178 1085 diem
207 1002 394 1082 claudere
417 1007 626 1111 contingat
654 1023 897 1102 extremum,
927 1004 1083 1112 vigilie,
1106 1034 1183 1113 pro
1198 1007 1253 1086 eis
1270 1009 1384 1085 misse
1407 1013 1449 1086 &
1470 1011 1659 1115 exequie,
1683 1010 1872 1116 sollemp-

96 1118 180 1197 niter
208 1120 249 1198 &
279 1115 497 1193 honorifice
527 1116 802 1211 celebrentur,
832 1118 926 1227 quia
956 1135 1111 1212 tamen,
1146 1134 1313 1224 propter
1335 1122 1664 1226 presumpciones
1689 1148 1872 1229 quorun·

96 1225 183 1321 dam,
213 1232 253 1303 8(
286 1224 540 1333 cupiditates,
570 1226 707 1307 nullus
736 1228 798 1307 vel
829 1256 982 1336 partius
1011 1227 1061 1309 de
1090 1228 1321 1309 huiusmodi
1350 1244 1504 1308 statuto
1533 1231 1689 1309 fructus
1725 1259 1872 1339 proue-

98 1356 201 1433 nerat,
231 1366 308 1415 nos
337 1335 568 1417 euideneius
597 1344 636 1418 8(
665 1344 893 1445 expressius
921 1367 1134 1419 occurrere
1163 1342 1394 1449 cupientes,
1424 1342 1484 1421 De
1512 1340 1683 1421 fratrum
1713 1361 1872 1424 nostro·

26 1551 28 1559 Ι
95 1476 162 1529 mm
191 1450 395 1529 communi
424 1451 612 1546 consilio,
655 1449 869 1531 uoluntate
903 1453 1116 1531 statuimus
1145 1458 1183 1531 8(
1212 1479 1393 1548 assensu,
1431 1469 1474 1532 vt
1511 1480 1601 1530 cum
1637 1454 1871 1567 episcopum

93 1561 364 1669 lincopensem,
407 1559 512 1640 infra
551 1564 745 1641 terminos
798 1564 948 1658 suecis,
991 1564 1125 1661 dacie,
1164 1570 1202 1644 8(
1232 1565 1456 1669 norwegie,
1499 1563 1664 1642 ecclesie
1692 1592 1776 1659 sue,
1807 1566 1871 1644 uel

24 1768 26 1779 ,
92 1674 186 1779 regni
215 1672 395 1778 negociis
424 1690 683 1781 occupatum,
712 1670 762 1753 de
793 1675 868 1754 hac
896 1674 985 1756 luce
1009 1676 1181 1781 migrare
1204 1676 1442 1783 contigerit,
1471 1690 1656 1754 teneatur
1684 1673 1873 1756 medietas

23 1814 25 1893 ς
90 1783 230 1891 collegij
259 1785 342 1879 sui,
380 1782 433 1865 ad
460 1783 592 1864 locum
622 1784 692 1864 vbi
720 1783 934 1865 decesserit
962 1789 1199 1883 conuenire,
1232 1788 1364 1894 ipsum
1393 1814 1513 1893 quem
1551 1787 1691 1865 uiuum
1722 1785 1874 1866 dilexe-

23 1894 25 1987 ῗ
90 1902 229 1975 rant&
257 1914 463 1975 mortuum
502 1896 734 2003 diligentes,
778 1895 830 1975 ad
872 1896 1077 1976 ecclesiam
1124 1899 1416 2005 lincopensem,
1460 1897 1682 1977 honorilice
1725 1896 1874 1978 deferri

22 2028 24 2069 ³
90 2004 284 2104 iacientes,
315 2010 508 2115 omnique
531 2036 612 2115 qua
643 2023 815 2115 possunt
842 2008 1088 2108 Reuercncia
1113 2015 1151 2089 8(
1166 2008 1323 2088 honore
1346 2014 1385 2089 8(
1408 2007 1643 2105 deuocione,
1666 2007 1874 2089 tradentes

20 2118 23 2215 ζ
90 2119 300 2226 sepulture,
328 2120 403 2197 LX
435 2118 702 2214 missis,·cum
733 2120 878 2228 vigiliis
908 2125 948 2198 8(
977 2122 1158 2228 exequiis
1196 2119 1486 2227 sollempnibus
1525 2148 1601 2228 pro
1644 2148 1694 2199 eo
1722 2120 1764 2198 in
1806 2149 1875 2199 ex·

20 2232 21 2289 l
92 2234 209 2339 pensis
236 2233 500 2338 episcopatus
530 2228 799 2327 celebrandis,
829 2235 931 2312 Jtem
967 2233 1198 2327 statuimus,
1235 2248 1279 2310 vt
1307 2260 1399 2310 cum
1429 2232 1700 2339 prepositum,
1731 2231 1874 2311 Archi·

19 2350 20 2371 ³
91 2340 311 2437 diaconum,
342 2342 405 2421 rel
435 2344 640 2421 Decanum
670 2342 773 2423 mori
801 2344 1037 2451 contigerit,
1080 2344 1400 2453 quinquaginta,
1443 2345 1559 2422 misse
1600 2341 1874 2439 celebrentur,

18 2470 19 2505 ³
91 2450 125 2531 Si
149 2454 417 2550 Canonicum,
447 2451 731 2562 quadraginta,
776 2480 868 2535 cunr
907 2454 1054 2561 vigiliis
1087 2461 1126 2534 8(
1154 2456 1349 2563 exequiis,
1377 2453 1687 2561 sollempnibus,
1729 2470 1877 2563 quater

17 2610 18 2613 κ
91 2564 124 2643 in
142 2566 281 2673 primo,
313 2563 664 2660 annc,videlicet,
696 2566 770 2645 Die
799 2567 1018 2673 sepulture,
1047 2568 1123 2646 Die
1151 2568 1283 2663 V1110,
1313 2566 1401 2647 Die.
1429 2566 1581 2662 XXX‘,
1618 2570 1659 2644 8(
1685 2564 1877 2645 anniuer-

90 2678 179 2756 sario
207 2678 491 2773 celebrentur,
520 2680 584 2756 Jta
614 2692 760 2773 tamen,
789 2676 903 2787 quod
940 2705 1016 2787 pro
1050 2677 1232 2787 qualibet
1274 2679 1390 2757 missa
1417 2675 1654 2774 canonicus,
1676 2678 1729 2774 II,
1770 2703 1875 2774 oras,

91 2788 218 2867 rsualis
247 2807 410 2869 monete
453 2794 493 2868 8(
522 2788 692 2868 vicarius
735 2816 857 2869 vnam
900 2816 1013 2868 oram
1056 2790 1265 2897 percipere
1310 2803 1528 2884 mereatur,
1558 2815 1636 2893 pro
1672 2788 1874 2895 psalterio,

91 2928 171 2979 vcro
199 2901 411 3011 quolibet,
437 2899 547 3012 quod
580 2900 748 3008 legitur,
774 2915 990 3010 antequam
1029 2926 1177 3007 corpus
1206 2902 1403 3009 episcopi,
1432 2900 1646 3007 prepositi,
1676 2897 1876 2979 archidia-

89 3014 184 3109 coni,
211 3015 380 3109 decani‚
409 3015 473 3094 vel
502 3013 705 3108 canonici,
742 3013 947 3122 sepulture
984 3009 1182 3107 tradatur,
1225 3010 1378 3091 solidus
1408 3012 1678 3119 persoluatur,
1708 3013 1874 3120 prouiso

90 3121 264 3221 lirmiter,
293 3123 405 3234 quod
436 3153 510 3204 nec
533 3127 782 3234 prepositus,
812 3153 884 3204 nec
907 3123 1235 3221 archidiaconus,
1266 3151 1338 3202 nec
1355 3121 1630 3219 decanus,nec
1645 3126 1874 3218 canonicus,

91 3239 148 3346 qui
175 3237 270 3318 loco
298 3235 582 3317 decedencium
615 3263 691 3344 pro
719 3252 902 3344 tempore
932 3236 1217 3331 successerint,
1246 3234 1477 3314 facultatem
1507 3234 1684 3315 adeundi
1720 3261 1874 3341 posses·

13 3367 15 3440 ξ
90 3350 233 3446 sionem,
270 3348 489 3456 dignitatis,
520 3347 581 3425 vel
612 3345 820 3455 prebende
848 3348 1105 3459 aliquatenus
1128 3347 1292 3442 habeat,
1323 3345 1453 3426 donec
1478 3373 1599 3453 super
1615 3344 1760 3425 debitis
1783 3373 1875 3453 pre·

13 3459 14 3536 3
91 3467 244 3558 mortui,
289 3461 605 3541 Racionabiliter
651 3461 886 3555 contractis,
930 3462 1125 3568 exequiis,
1155 3460 1281 3538 missis
1316 3464 1355 3537 8(
1390 3456 1536 3562 vigiliis
1565 3474 1609 3535 vt
1640 3459 1874 3563 premissum

13 3577 14 3616 ³
90 3588 139 3652 cst
163 3571 412 3653 satisfactum
441 3570 565 3650 fuerit
592 3599 681 3650 cum
711 3571 876 3666 effectu,
905 3572 1164 3680 Quicumque
1193 3571 1329 3676 igitur,
1360 3571 1613 3662 auctoritate,
1642 3597 1713 3648 seu
1741 3570 1874 3648 verius

91 3688 301 3765 temeritate
331 3685 510 3793 propria,
542 3682 945 3764 amministracionem
989 3682 1051 3760 vel
1083 3683 1391 3790 possessionem,
1434 3678 1641 3786 dignitatis
1682 3707 1752 3758 seu
1782 3706 1874 3786 pre·

91 3793 216 3894 bende,
253 3797 454 3905 premissis
482 3793 705 3873 efficaciter
734 3821 817 3873 non
846 3793 1027 3901 expletis,
1056 3819 1256 3900 occupare
1283 3819 1357 3871 seu
1383 3793 1506 3868 eciam
1537 3789 1648 3869 adire
1664 3817 1873 3897 presump-

90 3910 190 4006 serit,
217 3908 430 4002 volumus,
462 3906 611 4012 ipsum,
637 3904 689 3984 ab
719 3908 905 4013 ingressu
934 3903 1117 4001 ecclesie,
1147 3903 1282 3983 officio
1311 3901 1569 3982 &beneficio
1599 3902 1684 3981 fore
1707 3912 1873 4008 'suspen-

91 4045 163 4098 sum
191 4023 284 4128 ipso
313 4020 439 4114 facto,
474 4021 656 4097 Preterea
693 4019 789 4125 quia
820 4044 962 4123 parum
998 4031 1059 4096 est
1087 4016 1176 4123 jura
1217 4011 1415 4107 condere,
1445 4013 1520 4091 nisi
1558 4014 1608 4092 sit
1638 4014 1707 4122 qui
1736 4010 1872 4091 eadem

91 4143 259 4225 tueatur,
288 4127 498 4210 adiciendo
527 4129 758 4224 statuimus,
789 4145 832 4207 vt
858 4125 952 4221 duo,
982 4153 1087 4235 quos
1116 4153 1190 4204 nos
1219 4130 1259 4204 8(
1288 4129 1415 4234 ipsum
1447 4123 1679 4232 collegium,
1714 4122 1766 4203 ad
1795 4122 1873 4202 hoc

92 4239 312 4323 duxerimus
349 4240 577 4349 eligendos,
619 4241 857 4320 auctoritate
900 4255 1057 4332 nostra,
1103 4237 1363 4346 eiusdemque
1399 4236 1539 4316 statuti
1576 4235 1873 4343 approbacione

94 4352 257 4456 plenaria
286 4353 362 4433 sibi
390 4351 539 4433 tradita
571 4365 780 4457 potestate,
813 4352 1001 4458 premissa
1031 4353 1164 4427 omnia
1193 4353 1234 4427 8(
1260 4347 1438 4456 singula,
1469 4347 1595 4453 plene,
1624 4375 1671 4425 ac
1699 4345 1872 4425 inuiola-

91 4461 232 4564 biliter,
261 4467 347 4545 sine
377 4461 520 4542 fraude
548 4469 587 4544 8(
617 4461 712 4542 dolo
741 4461 927 4570 quolibet
956 4479 1230 4569 exequantur,
1265 4461 1349 4562 Qui
1378 4461 1410 4536 si
1440 4483 1575 4536 amore
1604 4459 1669 4536 uel
1697 4457 1794 4537 odio
1823 4453 1873 4538 ad

92 4575 361 4688 exequendum
394 4576 586 4683 premissa
615 4572 986 4682 omnia&singula,
1016 4573 1282 4681 negligentes,
1311 4571 1374 4649 vel
1406 4570 1587 4648 remissos
1610 4595 1652 4648 se
1679 4567 1874 4648 exhibue·
1939 4601 1942 4604 ’
2007 4627 2016 4636 .

92 4704 180 4785 nat,
222 4717 308 4798 quo
345 4689 476 4768 minus
518 4687 759 4794 exequcioni
808 4682 944 4764 debite
987 4683 1299 4778 demandentur,
1330 4699 1407 4761 tam
1453 4678 1588 4761 debita
1632 4678 1871 4787 premortuj,

91 4799 397 4898 racionabiliter,
411 4814 456 4878 ut
473 4799 709 4908 premissum
726 4811 786 4876 est
804 4811 1031 4891 contracta,
1062 4825 1217 4878 necnon
1237 4803 1276 4876 8(
1299 4793 1497 4902 exequias,
1519 4798 1557 4871 8(
1581 4792 1668 4887 alia,
1696 4817 1870 4902 quorum

91 4929 321 5022 exequtores
348 4909 433 4992 dati
461 4925 576 5008 sunt,
622 4907 672 5018 de
709 4908 828 4988 bonis
869 4909 1047 5018 propriis
1088 4910 1246 4991 soluere
1288 4918 1523 5001 teneantur,
1569 4904 1744 5010 Jnsuper
1780 4901 1871 4980 huic
