4317 5975
831 410 1248 493 *adt-

125 650 201 707 mo
240 624 415 707 durante
455 621 564 707 dicta
606 652 679 707 sua
715 626 1069 735 occupacioue··ab
1101 620 1377 711 obmruanciis
1404 627 1628 710 choralium
1658 639 1857 737 quantum
1883 620 1935 708 ad

73 822 77 829 ,
128 762 359 857 penas-esse
388 735 574 837 uolumus
602 735 855 845 absolutum,
881 738 1048 819 sialiter
1075 738 1219 820 absens
1247 739 1371 822 luerit
1398 767 1537 849 parem
1564 740 1608 819 in
1655 736 1845 819 omnibus
1872 736 1936 844 ip·

117 874 219 928 sum
247 842 630 951 esserolumusa'liis
660 842 940 957 prebendariis„
964 864 1005 929 et
1034 849 1217 958 equalem
1244 860 1271 934 ‘l
1306 854 1411 931 Jtem
1438 850 1651 931 statuimus
1671 866 1722 931 srt
1742 849 1934 961 ‘quicum-

108 984 212 1069 que
239 958 463 1040 choralium
479 962 529 1042 'se
557 974 600 1040 a‘.
610 958 735 1042 choro
763 960 1045 1071 absentauerit¹
1064 978 1245 1069 tempore
1273 962 1357 1070 quo
1386 960 1580 1045 dicuntur.
1606 961 1779 1042 hore³in
1806 957 1933 1043 eccle-

127 1071 190 1179 sia
218 1068 385 1151 licencia
403 1074 497 1152 'non
525 1088 690 1181 optenta
700 1094 719 1168 ,·
741 1073 867 1153 eciam
894 1072 928 1152 si
956 1073 1009 1179 in'
1027 1072 1115 1179 ipsa
1129 1072 1442 1153 ecclesiatunc·
1472 1085 1666 1153 moretur·
1691 1090 1847 1181 pettam>
1865 1094 1933 1149 so·

126 1180 219 1260 luat
260 1180 448 1262 abse'ncie
475 1186 606 1292 ¹prout
637 1184 681 1263 in
708 1182 1131 1265 statutis-choralium
1149 1184 1397 1280 continetur,
1434 1180 1477 1262 si
1504 1186 1730 1294 veroquis
1749 1184 1934 1291 ipsorum

126 1290 302 1399 propter
344 1292 617 1377 infirmitatem
646 1292 881 1403 prepeditus
910 1293 1032 1377 fuerit
1048 1292 1231 1375 durante
1263 1294 1498 1375 infirmitate
1526 1310 1739 1376 excusatus
1764 1294 1817 1373 sit
1844 1294 1932 1400 ipse

70 1492 75 1497 ,
127 1417 173 1501 et
200 1400 389 1497 dominus
419 1400 599 1487 sunsita
626 1404 740 1515 quod
768 1406 897 1487 ullum
926 1406 1017 1513 loco
1044 1406 1106 1485 sni
1132 1404 1331 1487 in'cboro
1358 1404 1509 1487 habere
1536 1419 1722 1488 teneatur
1751 1412 1793 1487 l·
1811 1401 1931 1483 Juli-

127 1515 268 1625 ccncia
308 1516 408 1595 raro
437 1516 611 1625 peteuda
639 1545 709 1598 seu
746 1515 899 1614 danda,
928 1515 1230 1598 hunemodum
1259 1516 1447 1600 volumus
1474 1514 1684 1596 obseruari
1693 1562 1715 1612 ,·
1740 1512 1931 1599 videlicet
2004 1512 2006 1517 ’

65 1618 70 1725 s
124 1624 242 1734 quod
280 1623 596 1713 ebdomadarius
638 1630 916 1709 auctoritatem
945 1624 1091 1709 habeat
1106 1627 1239 1709 ‘illam’
1254 1624 1595 1736 indulgendj,-de
1617 1619 1735 1711 borio
1764 1624 1930 1708 minutis

70 1738 75 1747 ’
112 1736 175 1845 ¹iu
215 1734 440 1819 ferialibus
459 1736 602 1839 'diebus
630 1738 693 1821 vel
723 1737 824 1819 festo
851 1740 980 1819 trium
1004 1734 1224 1821 lectionum
1252 1741 1330 1820 lta
1355 1756 1487 1819 tamen
1516 1734 1631 1847 quod
1658 1738 1728 1817 vni
1752 1751 1929 1844 persone

120 1846 506 1949 dev'na'horarum
533 1854 692 1931 tantum
720 1849 784 1929 vel
806 1848 983 1947 duabus,
1011 1851 1045 1931 si
1064 1876 1193 1931 causa
1202 1849 1362 1947 subest,
1382 1850 1558 1958 graciam
1578 1848 1699 1929 faciat
1709 1847 1931 1929 *uececiam

62 2046 66 2053 v
122 1956 177 2038 d'e
205 1956 340 2067 aliqua
369 1950 558 2041 hor'arum
575 1948 667 2065 'uisi
694 1962 826 2043 tribus
849 1976 919 2041 aut
946 1966 1135 2071 quatuor·
1153 1959 1417 2070 personisad
1445 1962 1573 2041 maius
1600 1958 1704 2041 hanc
1722 1958 1929 2043 licenciam

122 2068 279 2150 relaxet
301 2072 367 2150 'De
394 2073 603 2155 matutinis
619 2094 729 2153 ‘vero
756 2074 884 2152 missa*
901 2088 942 2153 et
970 2072 1148 2180 vesperis
1174 2100 1261 2153 non
1277 2072 1412 2157 ,aliter
1440 2064 1662 2152 'licenciam
1696 2065 1928 2175 indulgeat,

121 2180 217 2261 nis'i'
245 2196 290 2260 rt
325 2182 451 2289 ipsa'rn
479 2182 695 2265 lic'euciam'
715 2182 931 2291 recipiens,
960 2181 1152 2264 clericum
1170 2180 1270 2265 ⁴loco
1297 2183 1360 2263 sui
1389 2186 1433 2263 in'
1459 2174 1587 2263 choro
1613 2178 1784 2276 habeat,
1812 2176 1929 2262 aliter
1990 2176 1993 2180 ’

119 2290 256 2373 datam
300 2292 507 2395 licenciam
529 2294 607 2375 vv'el
637 2300 842 2401 receptam
866 2291 1004 2375 ualere
1032 2293 1221 2375 nolumus
1236 2292 1320 2375 'sed
1346 2292 1493 2375 absens
1519 2290 1740 2376 secundum
1757 2378 1760 2383 ,
1775 2302 1928 2385 statuta

70 2408 76 2413 “
122 2403 343 2514 ppn'iatur,
389 2408 443 2485 Jn
471 2405 853 2515 'sollempnitatibus
881 2422 979 2486 vero
1007 2420 1048 2485 et
1075 2405 1435 2488 lestis'maioribus
1463 2402 1672 2484 licenciam
1700 2398 1927 2510 predictam

71 2517 76 2525 '
111 2512 144 2594 ¹a
176 2516 332 2595 seniore
360 2512 431 2597 de‘
439 2515 717 2625 prebendariis
746 2516 829 2623 peti
860 2514 1046 2598 volumus
1072 2531 1114 2597 et
1142 2515 1365 2624 indulgeri,
1400 2512 1625 2597 secuudum
1666 2510 1829 2604 modum
1846 2538 1926 2594 su·

63 2716 66 2723 ,
105 2622 352 2733 [pradictum
389 2628 479 2731 :Qui
521 2630 646 2709 eciam
674 2625 968 2737 prebendarius
996 2627 1196 2708 absentes
1210 2628 1396 2707 notet-in
1417 2626 1548 2708 lestis
1564 2622 1865 2705 maioribuset.
1881 2624 1928 2704 in
2005 2670 2008 2677 -

56 2738 60 2745 ’
119 2736 302 2843 capitulo
335 2737 482 2819 reserat
509 2737 799 2847 ebdomadario
827 2738 904 2819 hoc
933 2736 1112 2819 ollicium
1140 2736 1229 2818 aliis
1255 2734 1399 2818 diebus
1428 2752 1473 2819 vt
1491 2732 1927 2843 ,consuetumtesultoc

119 2844 294 2928 faciente
322 2858 349 2930 t
382 2850 481 2931 Cum
519 2849 665 2959 aliquis
700 2844 1063 2958 prebendariorum'
1088 2847 1151 2929 vel
1187 2848 1431 2928 sicariorum
1459 2872 1619 2927 necesse
1647 2844 1860 2925 habuerit>
1876 2842 1926 2923 li·

119 2957 297 3040 cencium
327 2976 484 3070 petere,
513 2963 718 3042 ciuitatem
747 2957 921 3069 exeundj
948 2961 1059 3041 illam
1088 2972 1200 3070 petat
1228 2959 1281 3041 ab
1310 2955 1595 3041 ebdomadario
1615 2952 1854 3066 presbitero*
1871 2952 1925 3037 de

118 3073 371 3152 consciencia
413 3089 455 3153 et
496 3099 696 3153 consensu
722 3069 876 3152 domini
903 3073 966 3152 eui
994 3072 1028 3152 si
1057 3099 1221 3180 presens
1250 3071 1373 3153 fuerit
1407 3070 1590 3180 alioquin
1619 3069 1707 3176 ipso
1736 3063 1923 3166 absente,

116 3182 287 3262 senioris
316 3181 577 3292 prebendarii
604 3210 821 3264 consensus
850 3185 1103 3293 requiratur,
1132 3197 1300 3291 optenta
1337 3195 1475 3263 tamen
1505 3181 1672 3261 licencia
1704 3175 1807 3259 duos
1835 3177 1934 3262 dies

118 3289 182 3372 rel
212 3309 294 3372 tres
322 3293 472 3376 liberos
496 3293 663 3392 habeat,
679 3310 817 3402 ,prout
845 3289 1012 3406 predam
1040 3289 1228 3406 dominus
1256 3323 1362 3391 suus,
1390 3321 1463 3404 seu
1492 3285 1785 3414 prebendarius
1807 3305 1923 3369 taxa·

117 3403 226 3482 uerit
269 3404 367 3500 sibi,
408 3405 638 3518 inquibus
681 3404 808 3486 ullum
852 3405 945 3486 loco
982 3401 1045 3487 sui
1073 3407 1116 3486 in
1145 3401 1277 3487 choro
1299 3404 1449 3487 babere
1476 3401 1743 3512 'compellatur
1766 3400 1861 3505 -Qui
1888 3399 1925 3480 si

3 3545 13 3556 ·
49 3594 53 3603 ,
115 3514 288 3618 ulterius
330 3515 506 3600 deluerit
534 3535 574 3597 et
602 3515 653 3598 de
689 3515 857 3598 licencia
883 3515 963 3598 illis
990 3513 1134 3597 diebus
1172 3517 1338 3625 elapsis,
1366 3516 1457 3618 loco
1483 3517 1547 3599 sui
1574 3515 1619 3595 in
1647 3511 1775 3593 choro
1804 3513 1923 3622 eleri-

20 3638 26 3648 '
109 3653 208 3714 cum
238 3625 396 3730 habeat,
413 3628 679 3736 seruientem,
703 3629 774 3738 qui
803 3625 1027 3736 choraliurn
1054 3625 1263 3710 subiaceat
1289 3627 1456 3724 v‚statutis
1484 3644 1524 3708 et
1545 3627 1580 3706 si
1594 3624 1699 3708 vltra
1715 3624 1924 3717 licenciam

114 3731 253 3818 datarn
282 3738 473 3837 defuerit,
504 3737 648 3850 diebus
676 3736 843 3848 singulis
871 3759 1047 3848 quatuor
1074 3738 1260 3821 denarios
1288 3739 1434 3834 soluat,
1461 3752 1502 3818 et
1531 3733 1702 3845 duplum
1730 3731 1850 3815 huius
1878 3735 1923 3816 in

109 3849 337 3940 ,maioribus
370 3849 498 3946 lestis,
527 3878 607 3960 que
634 3877 741 3957 pena
770 3851 991 3958 recipiatur
1014 3847 1063 3930 'vt
1092 3849 1135 3930 in
1162 3851 1295 3958 primo
1309 3847 1482 3930 articulo
1504 3865 1563 3929 est
1583 3873 1818 3954 expressum
1835 3844 1922 3932 Ma·
2019 3945 2026 3951 ⁴

106 3961 180 4040 'ior
230 3979 360 4060 autern
406 3951 472 4042 vel
513 3960 675 4070 longior
719 3959 885 4042 licencia
923 3957 1049 4070 petita
1089 3959 1142 4041 ab
1171 3958 1320 4040 eisdem
1347 3962 1611 4070 septimanam
1640 3982 1725 4035 nou
1753 3951 1922 4040 excedat
2034 4010 2039 4016 -

114 4071 194 4150 nisi
226 4099 343 4152 causa
365 4071 564 4182 legittima
579 4069 718 4168 subsit,
748 4061 927 4151 nec‘nisi
955 4085 1017 4150 tar
1046 4075 1091 4151 in
1120 4072 1228 4151 anno
1257 4070 1378 4153 detur
1405 4069 1533 4152 eidem
1564 4093 1735 4178 persone
1747 4068 1823 4146 nisi
1845 4090 1920 4144 no·
1946 4087 1952 4096 ’

114 4181 251 4264 tabilis
280 4210 396 4280 casus
434 4182 606 4266 eundem
641 4175 835 4262 artauerit
862 4196 1047 4292 quartam
1075 4180 1283 4263 licenciam
1311 4177 1479 4291 petendj
1513 4183 1649 4261 ‘lPro
1687 4176 1920 4268 minucione
2022 4261 2025 4264 ,
2058 4272 2062 4278 ί
2112 4199 2119 4210 ’

113 4291 299 4375 facienda
325 4283 472 4403 quater
506 4294 569 4376 vel
598 4293 812 4405 quinquies
840 4293 884 4372 in
913 4318 1020 4386 anno
1048 4291 1216 4373 licencia
1238 4293 1290 4376 ab
1304 4290 1453 4376 eisdem
1483 4289 1919 4400 personisiuntamo·

114 4389 532 4516 dum'supradictuni'
550 4403 639 4486 dari
725 4419 821 4501 test,
846 4401 1086 4502 ¹huiusmodi
1115 4419 1248 4485 tamen
1278 4403 1444 4486 licencia
1471 4401 1640 4512 singulis
1668 4392 1948 4481 vicibustres'
2064 4495 2073 4504 ,

114 4513 201 4595 dies
229 4542 313 4595 non
342 4515 530 4613 excedat,
558 4543 632 4598 nec
688 4532 780 4595 etur
797 4513 882 4596 bec
911 4513 1223 4597 licencia3simul
1252 4532 1293 4597 et
1319 4514 1439 4596 semel
1469 4529 1606 4623 preter
1625 4525 1803 4620 quatuor
1824 4537 1919 4620 per·
1984 4538 1987 4544 ·

113 4627 225 4707 souis
264 4627 414 4735 quibus
454 4624 618 4708 heodem
656 4652 828 4734 persone
855 4641 900 4708 vt
928 4654 1049 4735 supra
1078 4653 1196 4708 suum
1231 4626 1440 4734 prebuerit
1481 4649 1695 4719 assensum,
1751 4627 1779 4702 1
1812 4623 1920 4702 Jtem

114 4737 332 4818 statuimus·
372 4753 418 4842 rt
438 4753 542 4821 'eu-m
580 4737 822 4828 vicariorum
857 4736 1003 4847 aliquis
1026 4746 1102 4822 'seu
1132 4734 1492 4846 prebendariorutn
1512 4735 1694 4826 missam,
1708 4733 1762 4826 ad
1789 4731 1919 4814 maius

30 4924 35 4936 .
111 4847 240 4956 altare
254 4844 407 4958 ,dicere
434 4851 669 4960 contigerit,
696 4847 952 4929 -oblacionem
981 4857 1062 4960 que
1089 4849 1246 4931 venerit
1265 4876 1388 4958 super
1415 4846 1543 4927 altare
1570 4845 1739 4929 si·Octo
1760 4842 1916 4927 denarii

32 4951 38 4960 ’
113 4949 265 5075 utilis
283 4949 835 5080 illidii-Vel:inssi-:liiii
862 4961 996 5084 ipsam
1014 4957 1485 5080 'recipiatcommuuitae
1511 4956 1755 5082 oboialiuni,
1789 4955 1824 5039 si
1850 4981 1917 5038 so·
