<?xml version="1.0" encoding="UTF-8"?>
<!DOCTYPE html PUBLIC "-//W3C//DTD XHTML 1.0 Transitional//EN"
    "http://www.w3.org/TR/xhtml1/DTD/xhtml1-transitional.dtd">
<html xmlns="http://www.w3.org/1999/xhtml" xml:lang="en" lang="en">
 <head>
  <title>
</title>
<meta http-equiv="Content-Type" content="text/html;charset=utf-8" />
  <meta name='ocr-system' content='tesseract 3.04.00' />
  <meta name='ocr-capabilities' content='ocr_page ocr_carea ocr_par ocr_line ocrx_word'/>
</head>
<body>
  <div class='ocr_page' id='page_1' title='image "./svensktdiplomat01swegoog/svensktdiplomat01swegoog_0286.png"; bbox 0 0 4317 5975; ppageno 0'>
   <div class='ocr_carea' id='block_1_1' title="bbox 53 468 1959 1573">
    <p class='ocr_par' dir='ltr' id='par_1_1' title="bbox 53 468 1959 1573">
     <span class='ocr_line' id='line_1_1' title="bbox 851 468 1320 574; baseline 0.004 -26"><span class='ocrx_word' id='word_1_1' title='bbox 851 509 908 532; x_wconf 91' lang='lat'><strong>-··</strong></span> <span class='ocrx_word' id='word_1_2' title='bbox 1018 468 1098 574; x_wconf 77' lang='lat'><strong>275</strong></span> <span class='ocrx_word' id='word_1_3' title='bbox 1206 512 1264 533; x_wconf 91' lang='lat'><strong>-··</strong></span> <span class='ocrx_word' id='word_1_4' title='bbox 1318 511 1320 515; x_wconf 16' lang='grc' dir='ltr'><em>Α</em></span> 
     </span>
     <span class='ocr_line' id='line_1_2' title="bbox 160 675 1957 795; baseline 0.001 -28"><span class='ocrx_word' id='word_1_5' title='bbox 160 686 297 767; x_wconf 87' lang='lat' dir='ltr'><strong>minus</strong></span> <span class='ocrx_word' id='word_1_6' title='bbox 332 677 533 765; x_wconf 85' lang='lat' dir='ltr'><strong>Anundus</strong></span> <span class='ocrx_word' id='word_1_7' title='bbox 561 675 820 793; x_wconf 77' lang='lat' dir='ltr'><strong>predecessor</strong></span> <span class='ocrx_word' id='word_1_8' title='bbox 848 702 986 767; x_wconf 89' lang='lat' dir='ltr'><strong>noster</strong></span> <span class='ocrx_word' id='word_1_9' title='bbox 1014 684 1153 795; x_wconf 85' lang='lat' dir='ltr'><strong>abbati</strong></span> <span class='ocrx_word' id='word_1_10' title='bbox 1182 678 1233 769; x_wconf 80' lang='lat' dir='ltr'><strong>de</strong></span> <span class='ocrx_word' id='word_1_11' title='bbox 1261 682 1359 769; x_wconf 78' lang='lat' dir='ltr'><strong>saba</strong></span> <span class='ocrx_word' id='word_1_12' title='bbox 1385 686 1441 770; x_wconf 88' lang='lat' dir='ltr'><strong>ad</strong></span> <span class='ocrx_word' id='word_1_13' title='bbox 1482 678 1820 771; x_wconf 72' lang='lat' dir='ltr'><strong>sustentacion&#39;em</strong></span> <span class='ocrx_word' id='word_1_14' title='bbox 1861 680 1957 769; x_wconf 54' lang='lat' dir='ltr'><strong>conl</strong></span> 
     </span>
     <span class='ocr_line' id='line_1_3' title="bbox 160 790 1958 907; baseline 0.002 -30"><span class='ocrx_word' id='word_1_15' title='bbox 160 812 312 877; x_wconf 84' lang='lat' dir='ltr'><strong>uentus</strong></span> <span class='ocrx_word' id='word_1_16' title='bbox 332 792 479 877; x_wconf 82' lang='lat' dir='ltr'>ibidem</span> <span class='ocrx_word' id='word_1_17' title='bbox 505 794 711 876; x_wconf 88' lang='lat' dir='ltr'><strong>ecclesiam</strong></span> <span class='ocrx_word' id='word_1_18' title='bbox 738 796 866 906; x_wconf 87' lang='lat' dir='ltr'><strong>julata</strong></span> <span class='ocrx_word' id='word_1_19' title='bbox 897 798 1069 879; x_wconf 89' lang='lat' dir='ltr'><strong>contulit</strong></span> <span class='ocrx_word' id='word_1_20' title='bbox 1099 795 1314 878; x_wconf 86' lang='lat' dir='ltr'><strong>&amp;eisdem</strong></span> <span class='ocrx_word' id='word_1_21' title='bbox 1347 790 1468 907; x_wconf 84' lang='lat' dir='ltr'><strong>super</strong></span> <span class='ocrx_word' id='word_1_22' title='bbox 1496 798 1574 881; x_wconf 91' lang='lat' dir='ltr'><strong>boc</strong></span> <span class='ocrx_word' id='word_1_23' title='bbox 1601 826 1692 879; x_wconf 88' lang='lat' dir='ltr'><strong>suas</strong></span> <span class='ocrx_word' id='word_1_24' title='bbox 1719 798 1875 880; x_wconf 87' lang='lat' dir='ltr'><strong>litteras</strong></span> <span class='ocrx_word' id='word_1_25' title='bbox 1888 797 1958 880; x_wconf 86' lang='lat' dir='ltr'><strong>de&#39;·</strong></span> 
     </span>
     <span class='ocr_line' id='line_1_4' title="bbox 159 904 1958 1015; baseline 0 -27"><span class='ocrx_word' id='word_1_26' title='bbox 159 907 226 988; x_wconf 93' lang='lat' dir='ltr'><strong>dit</strong></span> <span class='ocrx_word' id='word_1_27' title='bbox 251 908 294 986; x_wconf 91' lang='lat' dir='ltr'><strong>in</strong></span> <span class='ocrx_word' id='word_1_28' title='bbox 322 906 398 987; x_wconf 90' lang='lat' dir='ltr'><strong>hec</strong></span> <span class='ocrx_word' id='word_1_29' title='bbox 426 904 563 989; x_wconf 88' lang='lat' dir='ltr'><strong>verba.</strong></span> <span class='ocrx_word' id='word_1_30' title='bbox 621 908 822 988; x_wconf 86' lang='lat' dir='ltr'><strong>Omnibus</strong></span> <span class='ocrx_word' id='word_1_31' title='bbox 851 914 924 989; x_wconf 72' lang='lat' dir='ltr'><strong>&amp;a</strong></span> <span class='ocrx_word' id='word_1_32' title='bbox 968 908 1020 989; x_wconf 85' lang='lat' dir='ltr'><strong>Sc</strong></span> <span class='ocrx_word' id='word_1_33' title='bbox 1036 911 1295 1014; x_wconf 75' lang='lat' dir='ltr'><strong>Joregdendc</strong></span> <span class='ocrx_word' id='word_1_34' title='bbox 1321 911 1403 990; x_wconf 77' lang='lat' dir='ltr'><strong>Nm</strong></span> <span class='ocrx_word' id='word_1_35' title='bbox 1433 910 1523 1015; x_wconf 87' lang='lat'><strong>765.</strong></span> <span class='ocrx_word' id='word_1_36' title='bbox 1569 912 1652 991; x_wconf 91' lang='lat' dir='ltr'><strong>Nos</strong></span> <span class='ocrx_word' id='word_1_37' title='bbox 1667 908 1816 991; x_wconf 86' lang='lat' dir='ltr'><strong>dictam</strong></span> <span class='ocrx_word' id='word_1_38' title='bbox 1831 910 1958 991; x_wconf 57' lang='lat' dir='ltr'><strong>dona}</strong></span> 
     </span>
     <span class='ocr_line' id='line_1_5' title="bbox 53 1013 1958 1134; baseline 0.002 -36"><span class='ocrx_word' id='word_1_39' title='bbox 53 1068 59 1075; x_wconf 90' lang='lat'>·</span> <span class='ocrx_word' id='word_1_40' title='bbox 157 1020 323 1099; x_wconf 86' lang='lat' dir='ltr'><strong>cionem</strong></span> <span class='ocrx_word' id='word_1_41' title='bbox 344 1016 461 1098; x_wconf 89' lang='lat' dir='ltr'><strong>&#39;suam</strong></span> <span class='ocrx_word' id='word_1_42' title='bbox 490 1019 594 1097; x_wconf 92' lang='lat' dir='ltr'><strong>sicut</strong></span> <span class='ocrx_word' id='word_1_43' title='bbox 621 1019 807 1127; x_wconf 82' lang='lat' dir='ltr'><strong>superius</strong></span> <span class='ocrx_word' id='word_1_44' title='bbox 835 1046 1067 1134; x_wconf 86' lang='lat' dir='ltr'><strong>expressum</strong></span> <span class='ocrx_word' id='word_1_45' title='bbox 1097 1034 1158 1098; x_wconf 92' lang='lat' dir='ltr'><strong>est</strong></span> <span class='ocrx_word' id='word_1_46' title='bbox 1186 1046 1237 1099; x_wconf 84' lang='lat' dir='ltr'><strong>ex</strong></span> <span class='ocrx_word' id='word_1_47' title='bbox 1265 1046 1462 1101; x_wconf 86' lang='lat' dir='ltr'><strong>consensu</strong></span> <span class='ocrx_word' id='word_1_48' title='bbox 1476 1014 1652 1103; x_wconf 86' lang='lat' dir='ltr'><strong>eiusdem</strong></span> <span class='ocrx_word' id='word_1_49' title='bbox 1687 1013 1855 1130; x_wconf 79' lang='lat' dir='ltr'><strong>capituli</strong></span> <span class='ocrx_word' id='word_1_50' title='bbox 1880 1015 1958 1101; x_wconf 61' lang='lat' dir='ltr'><strong>‘&#39;noss</strong></span> 
     </span>
     <span class='ocr_line' id='line_1_6' title="bbox 159 1124 1959 1243; baseline 0.004 -36"><span class='ocrx_word' id='word_1_51' title='bbox 159 1130 238 1209; x_wconf 90' lang='lat' dir='ltr'><strong>stri</strong></span> <span class='ocrx_word' id='word_1_52' title='bbox 266 1142 407 1209; x_wconf 90' lang='lat' dir='ltr'><strong>tenore</strong></span> <span class='ocrx_word' id='word_1_53' title='bbox 451 1124 699 1235; x_wconf 88' lang='lat' dir='ltr'><strong>presencium</strong></span> <span class='ocrx_word' id='word_1_54' title='bbox 728 1130 1008 1211; x_wconf 87' lang='lat' dir='ltr'><strong>confirmamus</strong></span> <span class='ocrx_word' id='word_1_55' title='bbox 1036 1126 1183 1239; x_wconf 86' lang='lat' dir='ltr'><strong>eisdem</strong></span> <span class='ocrx_word' id='word_1_56' title='bbox 1220 1147 1479 1211; x_wconf 82' lang='lat' dir='ltr'><strong>memoratam</strong></span> <span class='ocrx_word' id='word_1_57' title='bbox 1506 1125 1710 1213; x_wconf 77' lang='lat' dir='ltr'><strong>ecclesiam</strong></span> <span class='ocrx_word' id='word_1_58' title='bbox 1741 1136 1798 1212; x_wconf 88' lang='lat' dir='ltr'><strong>in.</strong></span> <span class='ocrx_word' id='word_1_59' title='bbox 1812 1135 1959 1243; x_wconf 68' lang='lat' dir='ltr'><strong>perpe2</strong></span> 
     </span>
     <span class='ocr_line' id='line_1_7' title="bbox 158 1234 1957 1353; baseline 0.003 -34"><span class='ocrx_word' id='word_1_60' title='bbox 158 1255 280 1319; x_wconf 90' lang='lat' dir='ltr'><strong>tuum</strong></span> <span class='ocrx_word' id='word_1_61' title='bbox 325 1240 573 1346; x_wconf 83' lang='lat' dir='ltr'><strong>assignantes</strong></span> <span class='ocrx_word' id='word_1_62' title='bbox 614 1240 725 1349; x_wconf 86' lang='lat' dir='ltr'><strong>saluo</strong></span> <span class='ocrx_word' id='word_1_63' title='bbox 754 1240 871 1321; x_wconf 93' lang='lat' dir='ltr'><strong>nobis</strong></span> <span class='ocrx_word' id='word_1_64' title='bbox 900 1245 1128 1353; x_wconf 83' lang='lat' dir='ltr'><strong>nostrisque</strong></span> <span class='ocrx_word' id='word_1_65' title='bbox 1156 1234 1453 1322; x_wconf 84' lang='lat' dir='ltr'><strong>successoribus</strong></span> <span class='ocrx_word' id='word_1_66' title='bbox 1480 1244 1673 1324; x_wconf 78' lang='lat' dir='ltr'><strong>canonice</strong></span> <span class='ocrx_word' id='word_1_67' title='bbox 1701 1243 1957 1325; x_wconf 83' lang='lat' dir='ltr'><strong>instituendis</strong></span> 
     </span>
     <span class='ocr_line' id='line_1_8' title="bbox 158 1348 1957 1461; baseline 0.003 -31"><span class='ocrx_word' id='word_1_68' title='bbox 158 1352 275 1431; x_wconf 87' lang='lat' dir='ltr'><strong>omni</strong></span> <span class='ocrx_word' id='word_1_69' title='bbox 303 1351 392 1430; x_wconf 85' lang='lat' dir='ltr'><strong>iure</strong></span> <span class='ocrx_word' id='word_1_70' title='bbox 420 1348 644 1458; x_wconf 85' lang='lat' dir='ltr'><strong>pontificali</strong></span> <span class='ocrx_word' id='word_1_71' title='bbox 671 1368 797 1459; x_wconf 90' lang='lat' dir='ltr'><strong>prout</strong></span> <span class='ocrx_word' id='word_1_72' title='bbox 828 1354 1012 1461; x_wconf 88' lang='lat' dir='ltr'><strong>superius</strong></span> <span class='ocrx_word' id='word_1_73' title='bbox 1039 1368 1100 1430; x_wconf 91' lang='lat' dir='ltr'><strong>est</strong></span> <span class='ocrx_word' id='word_1_74' title='bbox 1133 1361 1377 1457; x_wconf 81' lang='lat' dir='ltr'><strong>expressum.</strong></span> <span class='ocrx_word' id='word_1_75' title='bbox 1448 1354 1500 1431; x_wconf 83' lang='lat' dir='ltr'><strong>ln</strong></span> <span class='ocrx_word' id='word_1_76' title='bbox 1529 1348 1642 1434; x_wconf 83' lang='lat' dir='ltr'><strong>cuius</strong></span> <span class='ocrx_word' id='word_1_77' title='bbox 1679 1354 1751 1433; x_wconf 88' lang='lat' dir='ltr'><strong>Rei</strong></span> <span class='ocrx_word' id='word_1_78' title='bbox 1779 1355 1957 1437; x_wconf 87' lang='lat' dir='ltr'><strong>testimo·</strong></span> 
     </span>
     <span class='ocr_line' id='line_1_9' title="bbox 158 1455 1959 1573; baseline 0.002 -32"><span class='ocrx_word' id='word_1_79' title='bbox 158 1464 275 1542; x_wconf 88' lang='lat' dir='ltr'><strong>nium</strong></span> <span class='ocrx_word' id='word_1_80' title='bbox 320 1460 494 1568; x_wconf 86' lang='lat' dir='ltr'><strong>sigillum</strong></span> <span class='ocrx_word' id='word_1_81' title='bbox 537 1478 719 1542; x_wconf 88' lang='lat' dir='ltr'><strong>nostrum</strong></span> <span class='ocrx_word' id='word_1_82' title='bbox 767 1490 845 1546; x_wconf 85' lang='lat' dir='ltr'><strong>vna</strong></span> <span class='ocrx_word' id='word_1_83' title='bbox 874 1490 965 1543; x_wconf 91' lang='lat' dir='ltr'><strong>cum</strong></span> <span class='ocrx_word' id='word_1_84' title='bbox 1002 1460 1136 1569; x_wconf 85' lang='lat' dir='ltr'><strong>sigillo</strong></span> <span class='ocrx_word' id='word_1_85' title='bbox 1163 1462 1331 1570; x_wconf 89' lang='lat' dir='ltr'><strong>capituli</strong></span> <span class='ocrx_word' id='word_1_86' title='bbox 1360 1464 1486 1544; x_wconf 85' lang='lat' dir='ltr'><strong>nostri</strong></span> <span class='ocrx_word' id='word_1_87' title='bbox 1515 1463 1770 1571; x_wconf 81' lang='lat' dir='ltr'><strong>presentibus</strong></span> <span class='ocrx_word' id='word_1_88' title='bbox 1797 1455 1959 1573; x_wconf 59' lang='lat' dir='ltr'><strong>es&#39;tap&#39;·</strong></span> 
     </span>
    </p>
   </div>
   <div class='ocr_carea' id='block_1_2' title="bbox 102 1559 1957 1795">
    <p class='ocr_par' dir='ltr' id='par_1_2' title="bbox 102 1559 1957 1795">
     <span class='ocr_line' id='line_1_10' title="bbox 102 1559 1957 1687; baseline 0.002 -35"><span class='ocrx_word' id='word_1_89' title='bbox 102 1614 106 1622; x_wconf 93' lang='lat'>·</span> <span class='ocrx_word' id='word_1_90' title='bbox 161 1600 346 1681; x_wconf 87' lang='lat' dir='ltr'><strong>pensum.</strong></span> <span class='ocrx_word' id='word_1_91' title='bbox 390 1574 537 1651; x_wconf 91' lang='lat' dir='ltr'><strong>Datum</strong></span> <span class='ocrx_word' id='word_1_92' title='bbox 565 1566 812 1687; x_wconf 80' lang='lat' dir='ltr'><strong>strangnesie</strong></span> <span class='ocrx_word' id='word_1_93' title='bbox 835 1576 956 1655; x_wconf 90' lang='lat' dir='ltr'><strong>Anno</strong></span> <span class='ocrx_word' id='word_1_94' title='bbox 982 1569 1147 1654; x_wconf 90' lang='lat' dir='ltr'><strong>domini.</strong></span> <span class='ocrx_word' id='word_1_95' title='bbox 1176 1559 1248 1653; x_wconf 78' lang='grc' dir='ltr'><strong>Μ’.</strong></span> <span class='ocrx_word' id='word_1_96' title='bbox 1279 1574 1378 1655; x_wconf 82' lang='lat' dir='ltr'><strong>CC&#39;.</strong></span> <span class='ocrx_word' id='word_1_97' title='bbox 1408 1574 1515 1656; x_wconf 83' lang='lat' dir='ltr'><strong>XC&#39;.</strong></span> <span class='ocrx_word' id='word_1_98' title='bbox 1546 1574 1676 1655; x_wconf 66' lang='lat' dir='ltr'><strong>vnit</strong></span> <span class='ocrx_word' id='word_1_99' title='bbox 1705 1576 1747 1654; x_wconf 91' lang='lat' dir='ltr'><strong>in</strong></span> <span class='ocrx_word' id='word_1_100' title='bbox 1782 1568 1957 1661; x_wconf 83' lang='lat' dir='ltr'><strong>crastino</strong></span> 
     </span>
     <span class='ocr_line' id='line_1_11' title="bbox 158 1682 1263 1795; baseline 0.005 -36"><span class='ocrx_word' id='word_1_101' title='bbox 158 1683 445 1764; x_wconf 86' lang='lat' dir='ltr'><strong>translacionis</strong></span> <span class='ocrx_word' id='word_1_102' title='bbox 473 1682 583 1795; x_wconf 87' lang='lat' dir='ltr'><strong>beatj</strong></span> <span class='ocrx_word' id='word_1_103' title='bbox 612 1682 741 1767; x_wconf 80' lang='lat' dir='ltr'><strong>eskilli</strong></span> <span class='ocrx_word' id='word_1_104' title='bbox 771 1686 1013 1769; x_wconf 86' lang='lat' dir='ltr'><strong>martiris&amp;</strong></span> <span class='ocrx_word' id='word_1_105' title='bbox 1047 1682 1263 1791; x_wconf 86' lang='lat' dir='ltr'><strong>pontilicis.</strong></span> 
     </span>
    </p>
   </div>
   <div class='ocr_carea' id='block_1_3' title="bbox 908 1820 1211 1907">
    <p class='ocr_par' dir='ltr' id='par_1_3' title="bbox 908 1820 1211 1907">
     <span class='ocr_line' id='line_1_12' title="bbox 908 1820 1211 1907; baseline 0.017 -19"><span class='ocrx_word' id='word_1_106' title='bbox 908 1822 1037 1907; x_wconf 80' lang='lat' dir='ltr'><strong>Sigillcn</strong></span> <span class='ocrx_word' id='word_1_107' title='bbox 1064 1820 1211 1892; x_wconf 77' lang='lat' dir='ltr'><strong>skadads·</strong></span> 
     </span>
    </p>
   </div>
   <div class='ocr_carea' id='block_1_4' title="bbox 174 2102 2115 2288">
    <p class='ocr_par' dir='ltr' id='par_1_4' title="bbox 174 2062 2115 2288">
     <span class='ocr_line' id='line_1_13' title="bbox 174 2102 2115 2288; baseline -0.002 -42"><span class='ocrx_word' id='word_1_108' title='bbox 174 2137 346 2246; x_wconf 60' lang='lat'>1253.</span> <span class='ocrx_word' id='word_1_109' title='bbox 797 2142 949 2288; x_wconf 78' lang='lat'>1298</span> <span class='ocrx_word' id='word_1_110' title='bbox 997 2140 1045 2247; x_wconf 93' lang='lat' dir='ltr'><strong>d.</strong></span> <span class='ocrx_word' id='word_1_111' title='bbox 1101 2182 1163 2247; x_wconf 93' lang='lat'><strong>11</strong></span> <span class='ocrx_word' id='word_1_112' title='bbox 1217 2138 1352 2245; x_wconf 88' lang='lat' dir='ltr'><strong>Oct&#39;</strong></span> <span class='ocrx_word' id='word_1_113' title='bbox 1759 2102 1958 2288; x_wconf 86' lang='lat' dir='ltr'><strong>Upsala.</strong></span> <span class='ocrx_word' id='word_1_114' title='bbox 2019 2225 2021 2228; x_wconf 83' lang='lat'>.</span> <span class='ocrx_word' id='word_1_115' title='bbox 2111 2113 2115 2116; x_wconf 31' lang='lat'><em>⁷</em></span> 
     </span>
    </p>
   </div>
   <div class='ocr_carea' id='block_1_5' title="bbox 247 2281 1760 2482">
    <p class='ocr_par' dir='ltr' id='par_1_5' title="bbox 247 2281 1760 2482">
     <span class='ocr_line' id='line_1_14' title="bbox 247 2281 1733 2393; baseline 0.004 -38"><span class='ocrx_word' id='word_1_116' title='bbox 247 2290 503 2391; x_wconf 69' lang='lat' dir='ltr'><strong>irie-Bisko&#39;pen</strong></span> <span class='ocrx_word' id='word_1_117' title='bbox 526 2291 537 2353; x_wconf 92' lang='lat' dir='ltr'><strong>i</strong></span> <span class='ocrx_word' id='word_1_118' title='bbox 559 2288 682 2379; x_wconf 84' lang='lat' dir='ltr'><strong>Upsala</strong></span> <span class='ocrx_word' id='word_1_119' title='bbox 702 2294 774 2359; x_wconf 80' lang='lat' dir='ltr'><strong>Nus</strong></span> <span class='ocrx_word' id='word_1_120' title='bbox 795 2298 963 2361; x_wconf 78' lang='lat' dir='ltr'><strong>Amrssons</strong></span> <span class='ocrx_word' id='word_1_121' title='bbox 984 2294 1059 2359; x_wconf 82' lang='lat' dir='ltr'><strong>bref</strong></span> <span class='ocrx_word' id='word_1_122' title='bbox 1075 2316 1128 2358; x_wconf 88' lang='lat' dir='ltr'><strong>om</strong></span> <span class='ocrx_word' id='word_1_123' title='bbox 1151 2293 1316 2381; x_wconf 80' lang='lat' dir='ltr'><strong>jordabyte</strong></span> <span class='ocrx_word' id='word_1_124' title='bbox 1337 2296 1409 2359; x_wconf 83' lang='lat' dir='ltr'><strong>med</strong></span> <span class='ocrx_word' id='word_1_125' title='bbox 1429 2281 1523 2381; x_wconf 76' lang='lat' dir='ltr'><strong>ij&#39;rn</strong></span> <span class='ocrx_word' id='word_1_126' title='bbox 1550 2297 1733 2393; x_wconf 76' lang='lat' dir='ltr'><strong>lngollsson.</strong></span> 
     </span>
     <span class='ocr_line' id='line_1_15' title="bbox 476 2411 1760 2482; baseline 0.002 -20"><span class='ocrx_word' id='word_1_127' title='bbox 476 2436 480 2444; x_wconf 86' lang='lat'><em>·</em></span> <span class='ocrx_word' id='word_1_128' title='bbox 1534 2411 1760 2482; x_wconf 54' lang='lat' dir='ltr'><strong>Ldmbffi</strong></span> 
     </span>
    </p>
   </div>
   <div class='ocr_carea' id='block_1_6' title="bbox 297 2490 2153 2624">
    <p class='ocr_par' dir='ltr' id='par_1_6' title="bbox 297 2490 2153 2624">
     <span class='ocr_line' id='line_1_16' title="bbox 297 2490 2153 2624; baseline 0.002 -33"><span class='ocrx_word' id='word_1_129' title='bbox 297 2510 499 2591; x_wconf 89' lang='lat' dir='ltr'><strong>Omnibus</strong></span> <span class='ocrx_word' id='word_1_130' title='bbox 540 2531 744 2619; x_wconf 82' lang='lat' dir='ltr'><strong>presentes</strong></span> <span class='ocrx_word' id='word_1_131' title='bbox 788 2513 962 2621; x_wconf 28' lang='lat' dir='ltr'><strong>litteras·</strong></span> <span class='ocrx_word' id='word_1_132' title='bbox 987 2515 1252 2624; x_wconf 73' lang='lat' dir='ltr'><strong>suspectum,</strong></span> <span class='ocrx_word' id='word_1_133' title='bbox 1280 2514 1488 2595; x_wconf 74' lang='lat' dir='ltr'><strong>N1cotsns</strong></span> <span class='ocrx_word' id='word_1_134' title='bbox 1530 2515 1790 2595; x_wconf 85' lang='lat' dir='ltr'><strong>miseracione</strong></span> <span class='ocrx_word' id='word_1_135' title='bbox 1819 2508 1958 2597; x_wconf 89' lang='lat' dir='ltr'><strong>diuina</strong></span> <span class='ocrx_word' id='word_1_136' title='bbox 2000 2593 2003 2602; x_wconf 83' lang='grc'><em>,</em></span> <span class='ocrx_word' id='word_1_137' title='bbox 2100 2490 2109 2511; x_wconf 72' lang='grc'><em>’</em></span> <span class='ocrx_word' id='word_1_138' title='bbox 2149 2606 2153 2614; x_wconf 43' lang='grc'>,</span> 
     </span>
    </p>
   </div>
   <div class='ocr_carea' id='block_1_7' title="bbox 156 2620 1960 3287">
    <p class='ocr_par' dir='ltr' id='par_1_7' title="bbox 156 2620 1960 3287">
     <span class='ocr_line' id='line_1_17' title="bbox 161 2620 1960 2734; baseline -0.002 -30"><span class='ocrx_word' id='word_1_139' title='bbox 161 2621 497 2731; x_wconf 80' lang='lat' dir='ltr'><strong>archiepiscopus</strong></span> <span class='ocrx_word' id='word_1_140' title='bbox 524 2620 757 2731; x_wconf 80' lang='lat' dir='ltr'><strong>vpsalensis‚</strong></span> <span class='ocrx_word' id='word_1_141' title='bbox 786 2623 953 2705; x_wconf 88' lang='lat' dir='ltr'><strong>salutem</strong></span> <span class='ocrx_word' id='word_1_142' title='bbox 987 2625 1027 2705; x_wconf 92' lang='lat' dir='ltr'><strong>in</strong></span> <span class='ocrx_word' id='word_1_143' title='bbox 1058 2624 1224 2708; x_wconf 88' lang='lat' dir='ltr'><strong>domino</strong></span> <span class='ocrx_word' id='word_1_144' title='bbox 1251 2626 1546 2734; x_wconf 86' lang='lat' dir='ltr'><strong>sempiternam,</strong></span> <span class='ocrx_word' id='word_1_145' title='bbox 1576 2624 1780 2707; x_wconf 88' lang='lat' dir='ltr'><strong>Noueritis</strong></span> <span class='ocrx_word' id='word_1_146' title='bbox 1808 2650 1882 2703; x_wconf 89' lang='lat' dir='ltr'><strong>uos</strong></span> <span class='ocrx_word' id='word_1_147' title='bbox 1910 2648 1960 2702; x_wconf 85' lang='lat' dir='ltr'><strong>ex</strong></span> 
     </span>
     <span class='ocr_line' id='line_1_18' title="bbox 160 2732 1960 2845; baseline -0.002 -31"><span class='ocrx_word' id='word_1_148' title='bbox 160 2749 281 2845; x_wconf 88' lang='lat' dir='ltr'><strong>parte</strong></span> <span class='ocrx_word' id='word_1_149' title='bbox 304 2732 467 2815; x_wconf 87' lang='lat' dir='ltr'><strong>ecclesie</strong></span> <span class='ocrx_word' id='word_1_150' title='bbox 482 2749 621 2815; x_wconf 90' lang='lat' dir='ltr'><strong>nostre</strong></span> <span class='ocrx_word' id='word_1_151' title='bbox 650 2734 871 2843; x_wconf 88' lang='lat' dir='ltr'><strong>vpsalensis</strong></span> <span class='ocrx_word' id='word_1_152' title='bbox 899 2736 1002 2815; x_wconf 87' lang='lat' dir='ltr'><strong>Cum</strong></span> <span class='ocrx_word' id='word_1_153' title='bbox 1030 2733 1154 2816; x_wconf 82' lang='lat' dir='ltr'><strong>lfideli</strong></span> <span class='ocrx_word' id='word_1_154' title='bbox 1183 2752 1324 2817; x_wconf 92' lang='lat' dir='ltr'><strong>nostro</strong></span> <span class='ocrx_word' id='word_1_155' title='bbox 1353 2735 1510 2817; x_wconf 88' lang='lat' dir='ltr'><strong>Berone</strong></span> <span class='ocrx_word' id='word_1_156' title='bbox 1522 2735 1781 2844; x_wconf 83' lang='lat' dir='ltr'><strong>jugulfssuni,</strong></span> <span class='ocrx_word' id='word_1_157' title='bbox 1796 2759 1846 2813; x_wconf 88' lang='lat' dir='ltr'><strong>ex</strong></span> <span class='ocrx_word' id='word_1_158' title='bbox 1861 2760 1960 2813; x_wconf 90' lang='lat' dir='ltr'><strong>con·</strong></span> 
     </span>
     <span class='ocr_line' id='line_1_19' title="bbox 158 2840 1958 2955; baseline -0.002 -28"><span class='ocrx_word' id='word_1_159' title='bbox 158 2870 281 2927; x_wconf 85' lang='lat' dir='ltr'><strong>sensu</strong></span> <span class='ocrx_word' id='word_1_160' title='bbox 310 2844 488 2953; x_wconf 86' lang='lat' dir='ltr'><strong>Capituli</strong></span> <span class='ocrx_word' id='word_1_161' title='bbox 517 2842 646 2926; x_wconf 90' lang='lat' dir='ltr'><strong>nostri</strong></span> <span class='ocrx_word' id='word_1_162' title='bbox 667 2840 870 2955; x_wconf 86' lang='lat' dir='ltr'><strong>quandam</strong></span> <span class='ocrx_word' id='word_1_163' title='bbox 899 2843 1130 2955; x_wconf 89' lang='lat' dir='ltr'><strong>prediorum</strong></span> <span class='ocrx_word' id='word_1_164' title='bbox 1160 2848 1504 2954; x_wconf 89' lang='lat' dir='ltr'><strong>permutacionem</strong></span> <span class='ocrx_word' id='word_1_165' title='bbox 1532 2846 1672 2926; x_wconf 84' lang='lat' dir='ltr'><strong>secisse</strong></span> <span class='ocrx_word' id='word_1_166' title='bbox 1693 2844 1958 2925; x_wconf 89' lang='lat' dir='ltr'><strong>inbuncmo·</strong></span> 
     </span>
     <span class='ocr_line' id='line_1_20' title="bbox 156 2954 1959 3060; baseline -0.005 -18"><span class='ocrx_word' id='word_1_167' title='bbox 156 2958 281 3056; x_wconf 81' lang='lat' dir='ltr'><strong>dnm,</strong></span> <span class='ocrx_word' id='word_1_168' title='bbox 337 2957 562 3040; x_wconf 87' lang='lat' dir='ltr'><strong>Habuimus</strong></span> <span class='ocrx_word' id='word_1_169' title='bbox 590 2956 698 3060; x_wconf 87' lang='lat' dir='ltr'><strong>euim</strong></span> <span class='ocrx_word' id='word_1_170' title='bbox 727 2984 750 3036; x_wconf 89' lang='lat' dir='ltr'><strong>a</strong></span> <span class='ocrx_word' id='word_1_171' title='bbox 779 2954 890 3038; x_wconf 91' lang='lat' dir='ltr'><strong>dicto</strong></span> <span class='ocrx_word' id='word_1_172' title='bbox 918 2958 1090 3054; x_wconf 85' lang='lat' dir='ltr'><strong>berone,</strong></span> <span class='ocrx_word' id='word_1_173' title='bbox 1118 2982 1244 3038; x_wconf 88' lang='lat' dir='ltr'><strong>vnum</strong></span> <span class='ocrx_word' id='word_1_174' title='bbox 1271 2954 1445 3038; x_wconf 88' lang='lat' dir='ltr'><strong>solidum</strong></span> <span class='ocrx_word' id='word_1_175' title='bbox 1474 2972 1581 3038; x_wconf 86' lang='lat' dir='ltr'><strong>terre</strong></span> <span class='ocrx_word' id='word_1_176' title='bbox 1609 2961 1652 3039; x_wconf 91' lang='lat' dir='ltr'><strong>in</strong></span> <span class='ocrx_word' id='word_1_177' title='bbox 1681 2955 1775 3036; x_wconf 89' lang='lat' dir='ltr'><strong>villa</strong></span> <span class='ocrx_word' id='word_1_178' title='bbox 1797 2956 1959 3048; x_wconf 71' lang='lat' dir='ltr'><strong>traniu-</strong></span> 
     </span>
     <span class='ocr_line' id='line_1_21' title="bbox 158 3061 1957 3178; baseline -0.002 -30"><span class='ocrx_word' id='word_1_179' title='bbox 158 3061 226 3178; x_wconf 69' lang='lat' dir='ltr'><strong>gi,</strong></span> <span class='ocrx_word' id='word_1_180' title='bbox 268 3075 307 3149; x_wconf 68' lang='lat'><strong>81</strong></span> <span class='ocrx_word' id='word_1_181' title='bbox 347 3069 390 3148; x_wconf 93' lang='lat' dir='ltr'><strong>in</strong></span> <span class='ocrx_word' id='word_1_182' title='bbox 434 3067 529 3148; x_wconf 88' lang='lat' dir='ltr'><strong>villa</strong></span> <span class='ocrx_word' id='word_1_183' title='bbox 565 3065 722 3176; x_wconf 83' lang='lat' dir='ltr'><strong>kaluijk</strong></span> <span class='ocrx_word' id='word_1_184' title='bbox 759 3095 883 3147; x_wconf 90' lang='lat' dir='ltr'><strong>vnum</strong></span> <span class='ocrx_word' id='word_1_185' title='bbox 910 3063 1081 3174; x_wconf 84' lang='lat' dir='ltr'><strong>solidum</strong></span> <span class='ocrx_word' id='word_1_186' title='bbox 1110 3083 1236 3166; x_wconf 86' lang='lat' dir='ltr'><strong>terre,</strong></span> <span class='ocrx_word' id='word_1_187' title='bbox 1265 3070 1308 3147; x_wconf 91' lang='lat' dir='ltr'><strong>in</strong></span> <span class='ocrx_word' id='word_1_188' title='bbox 1337 3067 1468 3148; x_wconf 86' lang='lat' dir='ltr'><strong>insula</strong></span> <span class='ocrx_word' id='word_1_189' title='bbox 1497 3065 1601 3149; x_wconf 86' lang='lat' dir='ltr'><strong>dicta</strong></span> <span class='ocrx_word' id='word_1_190' title='bbox 1630 3065 1742 3159; x_wconf 69' lang='lat' dir='ltr'><strong>achra</strong></span> <span class='ocrx_word' id='word_1_191' title='bbox 1768 3068 1957 3160; x_wconf 82' lang='lat' dir='ltr'><strong>situatos,</strong></span> 
     </span>
     <span class='ocr_line' id='line_1_22' title="bbox 158 3175 1953 3287; baseline -0.004 -24"><span class='ocrx_word' id='word_1_192' title='bbox 158 3183 269 3262; x_wconf 88' lang='lat' dir='ltr'><strong>Jtem</strong></span> <span class='ocrx_word' id='word_1_193' title='bbox 297 3180 340 3259; x_wconf 95' lang='lat' dir='ltr'><strong>in</strong></span> <span class='ocrx_word' id='word_1_194' title='bbox 374 3177 467 3260; x_wconf 88' lang='lat' dir='ltr'><strong>villa</strong></span> <span class='ocrx_word' id='word_1_195' title='bbox 482 3194 658 3260; x_wconf 83' lang='lat' dir='ltr'><strong>wretum</strong></span> <span class='ocrx_word' id='word_1_196' title='bbox 689 3180 731 3258; x_wconf 92' lang='lat' dir='ltr'><strong>in</strong></span> <span class='ocrx_word' id='word_1_197' title='bbox 766 3177 958 3287; x_wconf 88' lang='lat' dir='ltr'><strong>parochia</strong></span> <span class='ocrx_word' id='word_1_198' title='bbox 987 3203 1069 3258; x_wconf 79' lang='lat' dir='ltr'><strong>nass</strong></span> <span class='ocrx_word' id='word_1_199' title='bbox 1097 3177 1200 3260; x_wconf 91' lang='lat' dir='ltr'><strong>duos</strong></span> <span class='ocrx_word' id='word_1_200' title='bbox 1227 3175 1377 3260; x_wconf 91' lang='lat' dir='ltr'><strong>solidos</strong></span> <span class='ocrx_word' id='word_1_201' title='bbox 1398 3205 1494 3257; x_wconf 90' lang='lat' dir='ltr'><strong>cum</strong></span> <span class='ocrx_word' id='word_1_202' title='bbox 1523 3176 1692 3259; x_wconf 93' lang='lat' dir='ltr'><strong>dimidio</strong></span> <span class='ocrx_word' id='word_1_203' title='bbox 1718 3194 1842 3273; x_wconf 81' lang='lat' dir='ltr'><strong>terre,</strong></span> <span class='ocrx_word' id='word_1_204' title='bbox 1874 3179 1953 3256; x_wconf 93' lang='lat' dir='ltr'><strong>Pro</strong></span> 
     </span>
    </p>
   </div>
   <div class='ocr_carea' id='block_1_8' title="bbox 158 3285 2115 3402">
    <p class='ocr_par' dir='ltr' id='par_1_8' title="bbox 158 3285 2115 3402">
     <span class='ocr_line' id='line_1_23' title="bbox 158 3285 2115 3402; baseline -0.003 -32"><span class='ocrx_word' id='word_1_205' title='bbox 158 3289 314 3402; x_wconf 88' lang='lat' dir='ltr'><strong>quibus</strong></span> <span class='ocrx_word' id='word_1_206' title='bbox 356 3317 429 3371; x_wconf 88' lang='lat' dir='ltr'><strong>nos</strong></span> <span class='ocrx_word' id='word_1_207' title='bbox 457 3287 586 3372; x_wconf 86' lang='lat' dir='ltr'><strong>eidem</strong></span> <span class='ocrx_word' id='word_1_208' title='bbox 623 3289 770 3370; x_wconf 88' lang='lat' dir='ltr'><strong>Beroni</strong></span> <span class='ocrx_word' id='word_1_209' title='bbox 801 3285 982 3370; x_wconf 88' lang='lat' dir='ltr'><strong>dedimus</strong></span> <span class='ocrx_word' id='word_1_210' title='bbox 1010 3295 1049 3372; x_wconf 85' lang='lat'>&amp;</span> <span class='ocrx_word' id='word_1_211' title='bbox 1077 3291 1370 3396; x_wconf 87' lang='lat' dir='ltr'><strong>assignauimus</strong></span> <span class='ocrx_word' id='word_1_212' title='bbox 1399 3290 1559 3368; x_wconf 89' lang='lat' dir='ltr'><strong>nomine</strong></span> <span class='ocrx_word' id='word_1_213' title='bbox 1587 3285 1764 3368; x_wconf 85' lang='lat' dir='ltr'><strong>ciusdem</strong></span> <span class='ocrx_word' id='word_1_214' title='bbox 1788 3285 1972 3368; x_wconf 84' lang='lat' dir='ltr'><strong>ecclesie</strong></span> <span class='ocrx_word' id='word_1_215' title='bbox 2110 3291 2115 3304; x_wconf 84' lang='lat'><em>&#39;</em></span> 
     </span>
    </p>
   </div>
   <div class='ocr_carea' id='block_1_9' title="bbox 157 3397 1956 3620">
    <p class='ocr_par' dir='ltr' id='par_1_9' title="bbox 157 3397 1956 3620">
     <span class='ocr_line' id='line_1_24' title="bbox 158 3397 1956 3510; baseline -0.004 -27"><span class='ocrx_word' id='word_1_216' title='bbox 158 3417 321 3498; x_wconf 83' lang='lat' dir='ltr'><strong>nostre,</strong></span> <span class='ocrx_word' id='word_1_217' title='bbox 349 3416 525 3510; x_wconf 90' lang='lat' dir='ltr'><strong>quatuor</strong></span> <span class='ocrx_word' id='word_1_218' title='bbox 565 3397 716 3482; x_wconf 84' lang='lat' dir='ltr'><strong>solidos</strong></span> <span class='ocrx_word' id='word_1_219' title='bbox 740 3416 868 3498; x_wconf 81' lang='lat' dir='ltr'><strong>terre,</strong></span> <span class='ocrx_word' id='word_1_220' title='bbox 897 3401 939 3481; x_wconf 93' lang='lat' dir='ltr'><strong>in</strong></span> <span class='ocrx_word' id='word_1_221' title='bbox 984 3399 1076 3483; x_wconf 83' lang='lat' dir='ltr'><strong>villa</strong></span> <span class='ocrx_word' id='word_1_222' title='bbox 1120 3399 1291 3480; x_wconf 76' lang='lat' dir='ltr'><strong>sendum</strong></span> <span class='ocrx_word' id='word_1_223' title='bbox 1320 3399 1497 3481; x_wconf 88' lang='lat' dir='ltr'><strong>eiusdem</strong></span> <span class='ocrx_word' id='word_1_224' title='bbox 1524 3399 1655 3481; x_wconf 83' lang='lat' dir='ltr'><strong>insule</strong></span> <span class='ocrx_word' id='word_1_225' title='bbox 1683 3397 1814 3493; x_wconf 71' lang='lat' dir='ltr'><strong>aekru,</strong></span> <span class='ocrx_word' id='word_1_226' title='bbox 1841 3399 1956 3493; x_wconf 87' lang='lat' dir='ltr'><strong>sitos,</strong></span> 
     </span>
     <span class='ocr_line' id='line_1_25' title="bbox 157 3503 1955 3620; baseline -0.004 -26"><span class='ocrx_word' id='word_1_227' title='bbox 157 3513 272 3594; x_wconf 89' lang='lat' dir='ltr'><strong>Huic</strong></span> <span class='ocrx_word' id='word_1_228' title='bbox 314 3527 446 3598; x_wconf 80' lang='lat' dir='ltr'><strong>autem</strong></span> <span class='ocrx_word' id='word_1_229' title='bbox 485 3511 781 3620; x_wconf 77' lang='lat' dir='ltr'><strong>permutationi</strong></span> <span class='ocrx_word' id='word_1_230' title='bbox 822 3510 1057 3620; x_wconf 87' lang='lat' dir='ltr'><strong>prediorum</strong></span> <span class='ocrx_word' id='word_1_231' title='bbox 1100 3537 1151 3592; x_wconf 83' lang='lat' dir='ltr'><strong>ex</strong></span> <span class='ocrx_word' id='word_1_232' title='bbox 1179 3527 1352 3620; x_wconf 85' lang='lat' dir='ltr'><strong>vtraquc</strong></span> <span class='ocrx_word' id='word_1_233' title='bbox 1372 3525 1504 3620; x_wconf 83' lang='lat' dir='ltr'><strong>&#39;parte</strong></span> <span class='ocrx_word' id='word_1_234' title='bbox 1538 3526 1660 3592; x_wconf 86' lang='lat' dir='ltr'><strong>testes</strong></span> <span class='ocrx_word' id='word_1_235' title='bbox 1687 3537 1759 3591; x_wconf 89' lang='lat' dir='ltr'><strong>seu</strong></span> <span class='ocrx_word' id='word_1_236' title='bbox 1788 3503 1955 3613; x_wconf 70' lang='lat' dir='ltr'><strong>firmari‘j</strong></span> 
     </span>
    </p>
   </div>
   <div class='ocr_carea' id='block_1_10' title="bbox 157 3619 2114 3734">
    <p class='ocr_par' dir='ltr' id='par_1_10' title="bbox 157 3619 2114 3734">
     <span class='ocr_line' id='line_1_26' title="bbox 157 3619 2114 3734; baseline -0.005 -29"><span class='ocrx_word' id='word_1_237' title='bbox 157 3626 239 3734; x_wconf 92' lang='lat' dir='ltr'><strong>qui</strong></span> <span class='ocrx_word' id='word_1_238' title='bbox 267 3621 477 3728; x_wconf 83' lang='lat' dir='ltr'><strong>wlgariter</strong></span> <span class='ocrx_word' id='word_1_239' title='bbox 512 3620 706 3703; x_wconf 88' lang='lat' dir='ltr'><strong>dicuntur</strong></span> <span class='ocrx_word' id='word_1_240' title='bbox 735 3621 890 3718; x_wconf 85' lang='lat' dir='ltr'><strong>fastaer,</strong></span> <span class='ocrx_word' id='word_1_241' title='bbox 920 3621 1092 3704; x_wconf 91' lang='lat' dir='ltr'><strong>adhibiti</strong></span> <span class='ocrx_word' id='word_1_242' title='bbox 1119 3638 1233 3717; x_wconf 87' lang='lat' dir='ltr'><strong>sunt,</strong></span> <span class='ocrx_word' id='word_1_243' title='bbox 1267 3619 1488 3703; x_wconf 75' lang='lat' dir='ltr'><strong>secundum</strong></span> <span class='ocrx_word' id='word_1_244' title='bbox 1517 3637 1624 3702; x_wconf 85' lang='lat' dir='ltr'><strong>terre</strong></span> <span class='ocrx_word' id='word_1_245' title='bbox 1653 3620 1762 3728; x_wconf 85' lang='lat' dir='ltr'><strong>leges</strong></span> <span class='ocrx_word' id='word_1_246' title='bbox 1790 3622 1831 3708; x_wconf 83' lang='lat'>&amp;</span> <span class='ocrx_word' id='word_1_247' title='bbox 1858 3645 1957 3698; x_wconf 90' lang='lat' dir='ltr'><strong>con·</strong></span> <span class='ocrx_word' id='word_1_248' title='bbox 2003 3644 2006 3647; x_wconf 88' lang='lat'>·</span> <span class='ocrx_word' id='word_1_249' title='bbox 2101 3667 2114 3674; x_wconf 69' lang='lat'>„</span> 
     </span>
    </p>
   </div>
   <div class='ocr_carea' id='block_1_11' title="bbox 155 3730 1956 3842">
    <p class='ocr_par' dir='ltr' id='par_1_11' title="bbox 155 3730 1956 3842">
     <span class='ocr_line' id='line_1_27' title="bbox 155 3730 1956 3842; baseline -0.006 -24"><span class='ocrx_word' id='word_1_250' title='bbox 155 3730 418 3818; x_wconf 84' lang='lat' dir='ltr'><strong>suetudinem</strong></span> <span class='ocrx_word' id='word_1_251' title='bbox 464 3732 752 3842; x_wconf 83' lang='lat' dir='ltr'><strong>approbatam,</strong></span> <span class='ocrx_word' id='word_1_252' title='bbox 787 3735 840 3814; x_wconf 86' lang='lat' dir='ltr'><strong>Jn</strong></span> <span class='ocrx_word' id='word_1_253' title='bbox 867 3735 981 3818; x_wconf 86' lang='lat' dir='ltr'><strong>cuius</strong></span> <span class='ocrx_word' id='word_1_254' title='bbox 1008 3735 1068 3818; x_wconf 84' lang='lat' dir='ltr'><strong>rei</strong></span> <span class='ocrx_word' id='word_1_255' title='bbox 1099 3734 1370 3814; x_wconf 89' lang='lat' dir='ltr'><strong>testimonium</strong></span> <span class='ocrx_word' id='word_1_256' title='bbox 1401 3731 1577 3838; x_wconf 84' lang='lat' dir='ltr'><strong>sigillum</strong></span> <span class='ocrx_word' id='word_1_257' title='bbox 1605 3746 1808 3825; x_wconf 85' lang='lat' dir='ltr'><strong>nostrum,</strong></span> <span class='ocrx_word' id='word_1_258' title='bbox 1836 3734 1877 3809; x_wconf 88' lang='lat'>&amp;</span> <span class='ocrx_word' id='word_1_259' title='bbox 1903 3731 1956 3808; x_wconf 92' lang='lat' dir='ltr'><strong>si·</strong></span> 
     </span>
    </p>
   </div>
   <div class='ocr_carea' id='block_1_12' title="bbox 156 3837 1956 3955">
    <p class='ocr_par' dir='ltr' id='par_1_12' title="bbox 156 3831 2094 3955">
     <span class='ocr_line' id='line_1_28' title="bbox 156 3837 1956 3955; baseline -0.004 -31"><span class='ocrx_word' id='word_1_260' title='bbox 156 3845 307 3955; x_wconf 80' lang='lat' dir='ltr'><strong>gilium</strong></span> <span class='ocrx_word' id='word_1_261' title='bbox 324 3843 504 3953; x_wconf 87' lang='lat' dir='ltr'><strong>Capituli</strong></span> <span class='ocrx_word' id='word_1_262' title='bbox 532 3846 662 3938; x_wconf 91' lang='lat' dir='ltr'><strong>nostri</strong></span> <span class='ocrx_word' id='word_1_263' title='bbox 680 3843 936 3955; x_wconf 88' lang='lat' dir='ltr'><strong>presentibus</strong></span> <span class='ocrx_word' id='word_1_264' title='bbox 962 3843 1152 3930; x_wconf 86' lang='lat' dir='ltr'><strong>duximus</strong></span> <span class='ocrx_word' id='word_1_265' title='bbox 1180 3838 1444 3953; x_wconf 84' lang='lat' dir='ltr'><strong>apponenda,</strong></span> <span class='ocrx_word' id='word_1_266' title='bbox 1473 3844 1620 3921; x_wconf 92' lang='lat' dir='ltr'><strong>Datum</strong></span> <span class='ocrx_word' id='word_1_267' title='bbox 1636 3837 1745 3949; x_wconf 86' lang='lat' dir='ltr'><strong>apud</strong></span> <span class='ocrx_word' id='word_1_268' title='bbox 1763 3838 1956 3947; x_wconf 72' lang='lat' dir='ltr'><strong>upsaliam</strong></span> 
     </span>
    </p>
   </div>
   <div class='ocr_carea' id='block_1_13' title="bbox 150 3949 2078 4180">
    <p class='ocr_par' dir='ltr' id='par_1_13' title="bbox 150 3949 2078 4180">
     <span class='ocr_line' id='line_1_29' title="bbox 150 3949 2078 4076; baseline -0.007 -36"><span class='ocrx_word' id='word_1_269' title='bbox 150 3971 278 4042; x_wconf 87' lang='lat' dir='ltr'><strong>&#39;anno</strong></span> <span class='ocrx_word' id='word_1_270' title='bbox 304 3955 456 4040; x_wconf 88' lang='lat' dir='ltr'><strong>domini</strong></span> <span class='ocrx_word' id='word_1_271' title='bbox 469 3953 680 4076; x_wconf 86' lang='lat' dir='ltr'><strong>Millesimo</strong></span> <span class='ocrx_word' id='word_1_272' title='bbox 693 3952 981 4050; x_wconf 80' lang='lat' dir='ltr'><strong>ducentesimo,</strong></span> <span class='ocrx_word' id='word_1_273' title='bbox 998 3955 1269 4062; x_wconf 83' lang='lat' dir='ltr'><strong>Nonagesimo</strong></span> <span class='ocrx_word' id='word_1_274' title='bbox 1290 3953 1426 4034; x_wconf 83' lang='lat' dir='ltr'>v111·.</span> <span class='ocrx_word' id='word_1_275' title='bbox 1447 3953 1622 4057; x_wconf 90' lang='lat' dir='ltr'><strong>·Quinto</strong></span> <span class='ocrx_word' id='word_1_276' title='bbox 1639 3952 1738 4033; x_wconf 90' lang='lat' dir='ltr'><strong>Jdus</strong></span> <span class='ocrx_word' id='word_1_277' title='bbox 1752 3949 1955 4046; x_wconf 69' lang='lat' dir='ltr'><strong>Octobris,</strong></span> <span class='ocrx_word' id='word_1_278' title='bbox 2068 3955 2078 3966; x_wconf 89' lang='grc'>”</span> 
     </span>
     <span class='ocr_line' id='line_1_30' title="bbox 634 4093 1486 4180; baseline -0.002 -18"><span class='ocrx_word' id='word_1_279' title='bbox 634 4095 757 4180; x_wconf 77' lang='lat' dir='ltr'><strong>sigillet</strong></span> <span class='ocrx_word' id='word_1_280' title='bbox 778 4096 836 4164; x_wconf 78' lang='lat' dir='ltr'><strong>Nto</strong></span> <span class='ocrx_word' id='word_1_281' title='bbox 861 4117 874 4162; x_wconf 88' lang='lat' dir='ltr'><strong>t</strong></span> <span class='ocrx_word' id='word_1_282' title='bbox 904 4093 1084 4176; x_wconf 70' lang='lat' dir='ltr'><strong>saurauer,</strong></span> <span class='ocrx_word' id='word_1_283' title='bbox 1105 4097 1164 4164; x_wconf 76' lang='lat' dir='ltr'><strong>tteo</strong></span> <span class='ocrx_word' id='word_1_284' title='bbox 1186 4117 1205 4163; x_wconf 85' lang='lat' dir='ltr'><strong>a</strong></span> <span class='ocrx_word' id='word_1_285' title='bbox 1228 4096 1323 4179; x_wconf 75' lang='lat' dir='ltr'><strong>ulgot</strong></span> <span class='ocrx_word' id='word_1_286' title='bbox 1342 4093 1486 4160; x_wconf 79' lang='lat' dir='ltr'><strong>skadadt</strong></span> 
     </span>
    </p>
   </div>
   <div class='ocr_carea' id='block_1_14' title="bbox 165 4255 1957 4474">
    <p class='ocr_par' dir='ltr' id='par_1_14' title="bbox 165 4255 1957 4474">
     <span class='ocr_line' id='line_1_31' title="bbox 165 4255 1957 4474; baseline -0.005 -37"><span class='ocrx_word' id='word_1_287' title='bbox 165 4331 342 4460; x_wconf 65' lang='lat'><strong>1254.</strong></span> <span class='ocrx_word' id='word_1_288' title='bbox 554 4255 569 4360; x_wconf 80' lang='grc' dir='ltr'><strong> </strong></span> <span class='ocrx_word' id='word_1_289' title='bbox 813 4332 964 4474; x_wconf 80' lang='lat'>1298</span> <span class='ocrx_word' id='word_1_290' title='bbox 1021 4327 1069 4434; x_wconf 91' lang='lat' dir='ltr'><strong>d.</strong></span> <span class='ocrx_word' id='word_1_291' title='bbox 1123 4327 1340 4435; x_wconf 85' lang='lat' dir='ltr'><strong>5·Nov.</strong></span> <span class='ocrx_word' id='word_1_292' title='bbox 1410 4427 1414 4434; x_wconf 86' lang='grc'><em>,</em></span> <span class='ocrx_word' id='word_1_293' title='bbox 1525 4415 1532 4437; x_wconf 86' lang='grc'><em>,</em></span> <span class='ocrx_word' id='word_1_294' title='bbox 1685 4321 1957 4470; x_wconf 83' lang='lat' dir='ltr'><strong>Skeninge.</strong></span> 
     </span>
    </p>
   </div>
   <div class='ocr_carea' id='block_1_15' title="bbox 244 4457 2125 4567">
    <p class='ocr_par' dir='ltr' id='par_1_15' title="bbox 244 4457 2125 4567">
     <span class='ocr_line' id='line_1_32' title="bbox 244 4457 2125 4567; baseline -0.007 -15"><span class='ocrx_word' id='word_1_295' title='bbox 244 4484 376 4552; x_wconf 81' lang='lat' dir='ltr'><strong>Prisrns</strong></span> <span class='ocrx_word' id='word_1_296' title='bbox 397 4485 408 4547; x_wconf 87' lang='lat' dir='ltr'><strong>i</strong></span> <span class='ocrx_word' id='word_1_297' title='bbox 429 4483 586 4566; x_wconf 73' lang='lat' dir='ltr'><strong>skeningc</strong></span> <span class='ocrx_word' id='word_1_298' title='bbox 617 4481 809 4562; x_wconf 73' lang='lat' dir='ltr'><strong>viruerunt,</strong></span> <span class='ocrx_word' id='word_1_299' title='bbox 840 4491 888 4548; x_wconf 82' lang='lat' dir='ltr'><strong>stt</strong></span> <span class='ocrx_word' id='word_1_300' title='bbox 909 4481 1076 4546; x_wconf 82' lang='lat' dir='ltr'><strong>Benedicta</strong></span> <span class='ocrx_word' id='word_1_301' title='bbox 1097 4481 1276 4545; x_wconf 81' lang='lat' dir='ltr'><strong>Holmstens</strong></span> <span class='ocrx_word' id='word_1_302' title='bbox 1296 4479 1402 4544; x_wconf 84' lang='lat' dir='ltr'><strong>dotter</strong></span> <span class='ocrx_word' id='word_1_303' title='bbox 1418 4480 1552 4542; x_wconf 79' lang='lat' dir='ltr'><strong>sramlb&#39;r</strong></span> <span class='ocrx_word' id='word_1_304' title='bbox 1569 4478 1799 4567; x_wconf 79' lang='lat' dir='ltr'><strong>klostcrportcn</strong></span> <span class='ocrx_word' id='word_1_305' title='bbox 1819 4479 1883 4558; x_wconf 79' lang='lat' dir='ltr'><strong>gal,</strong></span> <span class='ocrx_word' id='word_1_306' title='bbox 1903 4485 1959 4539; x_wconf 73' lang='lat' dir='ltr'><strong>nir</strong></span> <span class='ocrx_word' id='word_1_307' title='bbox 2050 4463 2057 4480; x_wconf 82' lang='lat'><em>&#39;</em></span> <span class='ocrx_word' id='word_1_308' title='bbox 2121 4457 2125 4475; x_wconf 61' lang='lat'><strong>¹</strong></span> 
     </span>
    </p>
   </div>
   <div class='ocr_carea' id='block_1_16' title="bbox 296 4556 2037 4863">
    <p class='ocr_par' dir='ltr' id='par_1_16' title="bbox 296 4556 2037 4863">
     <span class='ocr_line' id='line_1_33' title="bbox 298 4556 1958 4712; baseline -0.004 -84"><span class='ocrx_word' id='word_1_309' title='bbox 298 4565 361 4631; x_wconf 85' lang='lat' dir='ltr'><strong>hon</strong></span> <span class='ocrx_word' id='word_1_310' title='bbox 389 4589 465 4654; x_wconf 80' lang='lat'><strong>¹²9¹.</strong></span> <span class='ocrx_word' id='word_1_311' title='bbox 488 4562 630 4712; x_wconf 56' lang='lat' dir='ltr'><strong>inrrpdes</strong></span> <span class='ocrx_word' id='word_1_312' title='bbox 641 4565 691 4628; x_wconf 89' lang='lat' dir='ltr'><strong>till</strong></span> <span class='ocrx_word' id='word_1_313' title='bbox 712 4586 820 4628; x_wconf 84' lang='lat' dir='ltr'><strong>nunna</strong></span> <span class='ocrx_word' id='word_1_314' title='bbox 840 4565 851 4626; x_wconf 87' lang='lat' dir='ltr'><strong>l</strong></span> <span class='ocrx_word' id='word_1_315' title='bbox 872 4564 1039 4646; x_wconf 79' lang='lat' dir='ltr'><strong>Skeningc,</strong></span> <span class='ocrx_word' id='word_1_316' title='bbox 1071 4562 1138 4663; x_wconf 44' lang='lat' dir='ltr'><strong>till·</strong></span> <span class='ocrx_word' id='word_1_317' title='bbox 1153 4563 1313 4648; x_wconf 64' lang='lat' dir='ltr'><strong>evardelig</strong></span> <span class='ocrx_word' id='word_1_318' title='bbox 1334 4562 1487 4663; x_wconf 67' lang='lat' dir='ltr'><strong>egendum</strong></span> <span class='ocrx_word' id='word_1_319' title='bbox 1509 4564 1543 4660; x_wconf 64' lang='lat' dir='ltr'><strong>lt</strong></span> <span class='ocrx_word' id='word_1_320' title='bbox 1564 4561 1695 4661; x_wconf 70' lang='lat' dir='ltr'><strong>blostret</strong></span> <span class='ocrx_word' id='word_1_321' title='bbox 1712 4560 1774 4622; x_wconf 75' lang='lat' dir='ltr'><strong>allt</strong></span> <span class='ocrx_word' id='word_1_322' title='bbox 1795 4556 1958 4658; x_wconf 77' lang='lat' dir='ltr'><strong>hradbon</strong></span> 
     </span>
     <span class='ocr_line' id='line_1_34' title="bbox 296 4642 2037 4799; baseline -0.007 -84"><span class='ocrx_word' id='word_1_323' title='bbox 296 4648 480 4799; x_wconf 49' lang='lat' dir='ltr'><strong>ididiam</strong></span> <span class='ocrx_word' id='word_1_324' title='bbox 501 4671 545 4714; x_wconf 85' lang='lat' dir='ltr'><strong>un</strong></span> <span class='ocrx_word' id='word_1_325' title='bbox 570 4659 665 4732; x_wconf 70' lang='lat' dir='ltr'><strong>sung</strong></span> <span class='ocrx_word' id='word_1_326' title='bbox 685 4648 723 4711; x_wconf 82' lang='lat' dir='ltr'><strong>sl</strong></span> <span class='ocrx_word' id='word_1_327' title='bbox 738 4648 856 4733; x_wconf 66' lang='lat' dir='ltr'><strong>gardan</strong></span> <span class='ocrx_word' id='word_1_328' title='bbox 878 4649 988 4732; x_wconf 63' lang='lat' dir='ltr'><strong>Barsa,</strong></span> <span class='ocrx_word' id='word_1_329' title='bbox 1010 4645 1061 4712; x_wconf 88' lang='lat' dir='ltr'><strong>till</strong></span> <span class='ocrx_word' id='word_1_330' title='bbox 1084 4646 1214 4772; x_wconf 73' lang='lat' dir='ltr'><strong>hulken</strong></span> <span class='ocrx_word' id='word_1_331' title='bbox 1237 4647 1302 4710; x_wconf 86' lang='lat' dir='ltr'><strong>bon</strong></span> <span class='ocrx_word' id='word_1_332' title='bbox 1324 4645 1483 4709; x_wconf 77' lang='lat' dir='ltr'><strong>ldrbeholl</strong></span> <span class='ocrx_word' id='word_1_333' title='bbox 1505 4665 1552 4727; x_wconf 71' lang='lat' dir='ltr'><strong>ug</strong></span> <span class='ocrx_word' id='word_1_334' title='bbox 1572 4642 1737 4727; x_wconf 75' lang='lat' dir='ltr'><strong>nyttpndc</strong></span> <span class='ocrx_word' id='word_1_335' title='bbox 1756 4651 1858 4727; x_wconf 78' lang='lat' dir='ltr'><strong>rttten</strong></span> <span class='ocrx_word' id='word_1_336' title='bbox 1880 4665 1891 4704; x_wconf 88' lang='grc' dir='ltr'><strong>ι</strong></span> <span class='ocrx_word' id='word_1_337' title='bbox 1912 4663 1959 4704; x_wconf 87' lang='lat' dir='ltr'><strong>nn</strong></span> <span class='ocrx_word' id='word_1_338' title='bbox 2034 4656 2037 4661; x_wconf 84' lang='lat'>·</span> 
     </span>
     <span class='ocr_line' id='line_1_35' title="bbox 746 4800 1762 4863; baseline -0.003 3"><span class='ocrx_word' id='word_1_339' title='bbox 746 4800 751 4808; x_wconf 67' lang='grc'><strong>’</strong></span> <span class='ocrx_word' id='word_1_340' title='bbox 1437 4813 1442 4820; x_wconf 91' lang='grc'><em>“</em></span> <span class='ocrx_word' id='word_1_341' title='bbox 1557 4807 1762 4863; x_wconf 49' lang='lat' dir='ltr'><strong>basma</strong></span> 
     </span>
    </p>
   </div>
   <div class='ocr_carea' id='block_1_17' title="bbox 54 4906 2047 5138">
    <p class='ocr_par' dir='ltr' id='par_1_17' title="bbox 54 4906 2047 5138">
     <span class='ocr_line' id='line_1_36' title="bbox 146 4906 2047 5027; baseline -0.006 -29"><span class='ocrx_word' id='word_1_342' title='bbox 146 4990 152 4998; x_wconf 90' lang='lat'>.</span> <span class='ocrx_word' id='word_1_343' title='bbox 296 4913 497 4997; x_wconf 86' lang='lat' dir='ltr'><strong>Omnibus</strong></span> <span class='ocrx_word' id='word_1_344' title='bbox 525 4911 578 4996; x_wconf 86' lang='lat' dir='ltr'><strong>ad</strong></span> <span class='ocrx_word' id='word_1_345' title='bbox 604 4941 708 5027; x_wconf 84' lang='lat' dir='ltr'><strong>quos</strong></span> <span class='ocrx_word' id='word_1_346' title='bbox 735 4925 900 5024; x_wconf 85' lang='lat' dir='ltr'><strong>presens</strong></span> <span class='ocrx_word' id='word_1_347' title='bbox 928 4914 1123 5023; x_wconf 82' lang='lat' dir='ltr'><strong>scripturis</strong></span> <span class='ocrx_word' id='word_1_348' title='bbox 1152 4916 1383 5022; x_wconf 86' lang='lat' dir='ltr'><strong>peruenerit</strong></span> <span class='ocrx_word' id='word_1_349' title='bbox 1411 4911 1552 4995; x_wconf 83' lang='lat' dir='ltr'><strong>llrater</strong></span> <span class='ocrx_word' id='word_1_350' title='bbox 1579 4913 1621 4994; x_wconf 91' lang='lat' dir='ltr'><strong>P.</strong></span> <span class='ocrx_word' id='word_1_351' title='bbox 1650 4910 1837 4991; x_wconf 88' lang='lat' dir='ltr'><strong>Fratrum</strong></span> <span class='ocrx_word' id='word_1_352' title='bbox 1850 4906 1958 4988; x_wconf 90' lang='lat' dir='ltr'><strong>ordi·</strong></span> <span class='ocrx_word' id='word_1_353' title='bbox 2028 4926 2047 5013; x_wconf 67' lang='lat' dir='ltr'><strong>J</strong></span> 
     </span>
     <span class='ocr_line' id='line_1_37' title="bbox 54 5019 1958 5138; baseline -0.005 -30"><span class='ocrx_word' id='word_1_354' title='bbox 54 5090 59 5099; x_wconf 88' lang='lat'>.</span> <span class='ocrx_word' id='word_1_355' title='bbox 148 5022 226 5108; x_wconf 82' lang='lat' dir='ltr'><strong>&#39;ni&#39;s</strong></span> <span class='ocrx_word' id='word_1_356' title='bbox 253 5023 565 5138; x_wconf 86' lang='lat' dir='ltr'><strong>predicatorum·</strong></span> <span class='ocrx_word' id='word_1_357' title='bbox 584 5026 627 5108; x_wconf 89' lang='lat' dir='ltr'><strong>in</strong></span> <span class='ocrx_word' id='word_1_358' title='bbox 653 5025 904 5136; x_wconf 72' lang='lat' dir='ltr'><strong>,skiaeningia</strong></span> <span class='ocrx_word' id='word_1_359' title='bbox 921 5061 922 5064; x_wconf 9' lang='grc' dir='ltr'><strong><em>Ν</em></strong></span> <span class='ocrx_word' id='word_1_360' title='bbox 934 5027 1049 5136; x_wconf 93' lang='lat' dir='ltr'><strong>prior</strong></span> <span class='ocrx_word' id='word_1_361' title='bbox 1076 5025 1232 5107; x_wconf 86' lang='lat' dir='ltr'><strong>inutilis</strong></span> <span class='ocrx_word' id='word_1_362' title='bbox 1259 5023 1427 5107; x_wconf 86' lang='lat' dir='ltr'><strong>salutem</strong></span> <span class='ocrx_word' id='word_1_363' title='bbox 1455 5026 1500 5106; x_wconf 95' lang='lat' dir='ltr'><strong>in</strong></span> <span class='ocrx_word' id='word_1_364' title='bbox 1514 5019 1689 5108; x_wconf 88' lang='lat' dir='ltr'><strong>domino.</strong></span> <span class='ocrx_word' id='word_1_365' title='bbox 1717 5021 1870 5103; x_wconf 89' lang='lat' dir='ltr'><strong>Notum</strong></span> <span class='ocrx_word' id='word_1_366' title='bbox 1898 5019 1958 5098; x_wconf 83' lang='lat' dir='ltr'><strong>la-</strong></span> 
     </span>
    </p>
   </div>
   <div class='ocr_carea' id='block_1_18' title="bbox 0 0 2164 5975">
    <p class='ocr_par' dir='ltr' id='par_1_18' title="bbox 0 0 2164 5975">
     <span class='ocr_line' id='line_1_38' title="bbox 0 0 2164 5975; baseline 0 0"><span class='ocrx_word' id='word_1_367' title='bbox 0 0 2164 5975; x_wconf 95' lang='lat' dir='ltr'><strong> </strong></span> 
     </span>
    </p>
   </div>
  </div>
 </body>
</html>
