4317 5975
869 406 1377 505 '-158-

275 657 377 733 Jtem
410 644 601 727 fratribus
629 640 854 737 Minoribus
883 599 924 720 in
954 639 1156 721 stokholm
1186 644 1370 752 quinque
1408 668 1563 722 marcas
1598 639 1689 722 den.
1721 643 1824 723 Jtem
1860 609 2071 723 sororibus

269 763 320 845 ad
351 775 529 841 sanctam
558 754 702 835 claram
736 752 883 833 ibidem
913 754 1095 864 quinque
1125 781 1279 833 mareas
1308 754 1398 834 den.
1435 753 1588 844 Ceteris
1624 753 1808 833 claustris
1843 753 1884 833 in
1929 754 2094 863 Regno,

123 924 126 935 ·
157 966 159 973 y
269 875 403 957 suecie
433 868 674 949 constitutis.
703 864 871 945 cuilibet
899 880 981 945 tres
1011 868 1163 944 marcas
1191 866 1283 948 den.
1312 868 1414 943 Jtern
1445 864 1613 947 cuilibet
1640 864 1832 974 hospitali
1848 865 1954 946 duas
1971 894 2071 945 mar·

272 1012 336 1067 cas
366 982 455 1063 den.
486 982 590 1057 Jtem
619 976 782 1057 ecclesie
812 974 939 1073 Trebir
976 993 1058 1055 tres
1096 1004 1247 1057 marcas
1285 975 1378 1056 deu.
1414 982 1453 1055 8(
1490 975 1656 1057 domiuo
1697 976 1900 1084 botulpho
1944 1004 2071 1057 sacer-

273 1096 359 1178 doti
389 1090 539 1171 ibidem
565 1106 647 1168 tres
676 1115 827 1167 marcas
856 1086 948 1167 den.
984 1088 1137 1167 Ceteris
1166 1088 1342 1168 ecclesiis
1372 1089 1415 1167 iu
1451 1116 1623 1197 quarum
1658 1089 1859 1196 parochiis
1895 1085 2070 1196 aliquam
2105 1142 2110 1151 ·

273 1206 426 1289 curiam
457 1201 586 1280 habeo
615 1198 782 1280 cuilibet
810 1198 973 1278 ecclesie
1003 1225 1123 1277 vuam
1159 1226 1331 1278 marcam
1368 1198 1458 1279 deu.
1495 1204 1535 1279 8(
1571 1198 1770 1279 sacerdoti
1808 1226 1930 1278 vnam
1971 1226 2069 1277 mar·

273 1345 359 1399 eam
391 1312 480 1393 den.
510 1315 614 1391 Jtem
645 1311 807 1390 Curiam
838 1332 965 1388 meam
995 1308 1169 1415 berghar
1198 1311 1241 1388 iu
1273 1310 1484 1417 Ostgocia,
1513 1339 1634 1420 quam
1665 1311 1873 1417 predictus
1902 1308 2071 1405 dilectus

274 1427 462 1509 dominus
493 1450 602 1519 meus
632 1424 798 1501 maritus
828 1423 869 1499 in
899 1436 1129 1499 nostrarum
1159 1421 1255 1499 mihi
1284 1420 1459 1500 contulit
1487 1424 1664 1501 erastino
1694 1424 1949 1532 nupciarum,
1978 1448 2070 1500 cou-

275 1539 364 1619 fero
394 1542 433 1614 8(
463 1531 590 1613 reddo
620 1532 746 1613 eidem
778 1533 922 1610 marito
959 1558 1048 1610 meo
1084 1560 1173 1609 curn
1219 1532 1409 1612 omuibus
1452 1531 1670 1613 mobilibus
1717 1538 1757 1613 8(
1798 1530 2071 1613 immobilibus

274 1649 395 1731 bouis
424 1645 573 1726 ibidem
602 1670 678 1753 pro
706 1659 821 1751 parte
849 1646 1050 1724 bonorum
1080 1642 1311 1739 mobilium,
1341 1671 1462 1752 quam
1504 1644 1589 1752 ipse
1624 1643 1675 1723 de
1702 1645 1832 1723 ‘curiis
1874 1644 1975 1723 meis
2016 1672 2071 1723 se·

276 1758 454 1842 cundum
485 1755 613 1864 patrie
641 1754 748 1859 leges
781 1752 1004 1833 hereditare
1035 1752 1212 1833 deberet.
1243 1759 1283 1833 8(
1312 1757 1352 1837 in
1368 1752 1596 1835 huiusmodi
1611 1756 1934 1835 commutacione
1949 1751 2069 1836 reddo
2106 1794 2112 1797 ·

278 1901 367 1953 enm
399 1870 575 1977 quittuin
605 1874 644 1946 8(
673 1866 842 1944 liberum
872 1864 924 1944 ab
954 1864 1135 1975 illisque
1166 1892 1244 1975 ego
1281 1869 1489 1976 percipere
1528 1866 1716 1946 deberem
1756 1868 1798 1946 iu
1834 1867 1957 1948 bonis
1995 1868 2071 1946 suis

279 1983 344 2063 vel
372 1977 537 2059 heredes
567 1978 663 2069 mei,
693 2004 742 2055 ne
771 1978 981 2056 occasione
1011 1976 1226 2057 cuiuslibet
1262 1976 1473 2058 diuisiouis
1505 1979 1611 2057 iuter
1647 1974 1857 2059 dominum
1887 1977 2071 2058 Maritum

279 2120 411 2174 meum
454 2096 494 2169 8(
529 2088 694 2169 heredes
734 2114 841 2167 meos
888 2088 1012 2195 possit
1054 2092 1097 2168 in
1140 2104 1343 2195 posterum
1400 2089 1533 2199 aliqua
1578 2081 1841 2198 displiceneia
1884 2087 2068 2168 suboriri.

279 2210 383 2286 Jtem
413 2202 620 2282 committo
649 2198 807 2279 Dilecto
836 2200 1060 2306 patri-meo
1090 2206 1128 2280 &
1157 2196 1342 2308 predicto
1365 2198 1531 2280 domiuo
1562 2229 1651 2281 meo
1680 2201 1906 2296 karissimo,
1929 2216 1973 2279 vt
1987 2228 2070 2308 pre·

193 2383 196 2391 Δ
279 2318 384 2399 cium
414 2312 526 2423 quod
554 2313 638 2420 ipse
674 2312 836 2391 maritus
866 2337 976 2389 meus
1007 2312 1159 2419 recepit
1188 2338 1265 2419 pro
1293 2313 1403 2391 curia
1441 2339 1527 2391 mea
1564 2306 1799 2412 Othamabit
1834 2313 1876 2392 in
1913 2308 2069 2405 olandia

278 2456 400 2538 quam
433 2418 643 2521 uendedit,
672 2420 917 2503 distribuant
946 2426 986 2501 8(
1020 2422 1253 2530 dispensent
1280 2442 1405 2531 prout
1439 2422 1558 2504 saluti
1595 2424 1724 2505 anime
1762 2451 1848 2505 mee
1883 2423 2069 2504 noueriut

279 2536 479 2646 expedire.
509 2538 612 2615 Jtem
642 2534 914 2613 amantissimo
943 2535 1051 2613 Patri
1080 2561 1169 2613 meo
1198 2563 1291 2641 sepe
1318 2533 1528 2615 nominato
1557 2534 1672 2616 fratri
1707 2535 1888 2617 lohanni
1924 2534 1975 2615 de
2008 2561 2068 2613 or·

282 2651 377 2732 dine
407 2647 579 2729 Militum
608 2645 759 2742 christi,
789 2646 955 2725 confero
984 2652 1022 2725 8(
1053 2644 1208 2753 legofiei
1238 2652 1278 2725 8(
1305 2648 1391 2725 eius
1420 2646 1623 2757 Religioni
1651 2650 1804 2729 curiam
1834 2675 1964 2726 meam
1979 2644 2067 2739 Satr-

280 2761 339 2862 bl'
367 2762 409 2840 in
438 2756 672 2839 asscahered
702 2758 743 2836 in
774 2761 952 2865 ostgocia
983 2763 1021 2836 8(
1050 2753 1259 2836 dimidium
1288 2775 1501 2867 attungum
1534 2776 1641 2839 terre
1661 2760 1704 2839 in
1726 2758 1854 2840 huarf
1872 2758 2068 2841 ibidem&
2143 2831 2148 2839 .

281 2888 442 2954 centum
473 2898 623 2950 marcas
651 2866 741 2948 deu.
771 2870 874 2948 Jtem
904 2867 1061 2947 famulis
1097 2870 1167 2978 qui
1207 2869 1303 2949 mihi
1338 2868 1506 2950 fideliter
1545 2870 1768 2951 seruierant
1803 2874 1898 2980 lego
1935 2870 2068 2978 viginti
2154 2894 2156 2901 ·

281 3012 435 3064 mareas
464 2978 554 3061 den.
603 2979 904 3063 distribuendas
945 2982 1001 3059 eis
1043 2984 1083 3058 8(
1120 2977 1359 3061 diuidendos
1393 2987 1433 3060 8(
1472 2980 1626 3061 dandas
1669 3001 1794 3091 prout
1830 3007 2068 3093 sepememo·

282 3098 394 3192 ratis,
422 3095 533 3176 Patri
562 3099 600 3172 8(
630 3093 776 3174 Marito
808 3119 894 3171 meo
923 3091 1135 3198 placuerit.
1164 3095 1269 3170 ltem
1298 3089 1406 3170 fideli
1435 3091 1582 3173 famule
1612 3121 1696 3174 mee
1734 3096 1961 3202 Margarete
1993 3118 2066 3202 que

241 3228 244 3236 ⁴
281 3206 380 3286 mihi
409 3204 481 3284 diu
511 3202 764 3283 laudabiliter
794 3208 830 3282 8(
870 3203 1019 3282 utiliter
1057 3201 1188 3281 fuerat
1224 3202 1440 3310 obseqnta,
1470 3207 1629 3311 assigno
1670 3207 1711 3285 iu
1741 3205 1841 3298 sanat
1881 3222 2067 3316 quatuor·

281 3318 411 3399 decim
441 3312 588 3394 solidos
617 3333 733 3409 terre,
763 3311 948 3392 videlicet
978 3329 1070 3391 octo
1098 3310 1247 3390 solidos
1276 3329 1382 3392 terre
1418 3316 1460 3392 in
1496 3316 1735 3396 betheruum
1771 3322 1812 3398 8(
1850 3315 1952 3396 duas
1984 3339 2067 3394 oras

282 3447 389 3508 terre
405 3429 447 3506 in
463 3443 618 3504 vretum
636 3451 711 3532 pro
726 3451 807 3533 qna
823 3441 930 3502 terra
947 3423 1075 3501 fateor
1093 3451 1152 3502 me
1167 3426 1363 3530 recepisse
1379 3424 1429 3502 de
1445 3427 1511 3506 illa
1530 3427 1692 3534 plenum
1710 3428 1808 3509 &ab
1823 3428 1965 3508 eadem
1979 3424 2067 3506 mihi

231 3545 235 3554 '
282 3539 464 3646 plenarie
492 3535 764 3643 satisfactum(
780 3539 883 3616 Jtem
912 3535 1018 3615 dicte
1048 3535 1272 3640 Margarete
1301 3534 1355 3615 do
1384 3535 1599 3617 brunetnm
1617 3539 1856 3620 mantellum
1871 3565 2000 3617 meum
2015 3535 2068 3616 fo·

281 3671 424 3731 ratum.
456 3649 558 3726 Jtem
590 3663 740 3726 uestem
771 3675 895 3726 meam
930 3644 1226 3744 aliamdictam
1258 3645 1526 3756 mantulltapu
1556 3651 1739 3730 similiter
1762 3651 1946 3731 foratam.
1975 3650 2067 3729 ltem

281 3791 398 3842 ruam
430 3759 592 3840 fibulam
623 3759 664 3838 .I.
697 3760 790 3839 braz
820 3755 870 3836 de
899 3773 1080 3865 argento.
1112 3760 1418 3838 Jtem'tunicam
1460 3765 1500 3838 8(
1538 3771 1762 3843 sorcociurn
1800 3759 1853 3843 de
1890 3761 2065 3841 bruneto.

281 3876 385 3953 Jtem
431 3869 532 3950 duas
574 3867 781 3948 culcedras
824 3868 1076 3976 recipiendas
1113 3866 1162 3948 de
1200 3870 1310 3948 curia
1354 3898 1440 3949 mea
1476 3869 1691 3952 ekihamar.
1728 3877 1834 3954 Jtem
1870 3872 2004 3953 sellam
2029 3867 2068 3948 8(

281 3983 438 4065 frenum
459 4008 602 4061 meum.
633 3983 737 4059 Jtem
752 3977 989 4085 Gndhloghi
1020 4008 1141 4059 vnum
1171 3979 1403 4060 mantellum
1435 3979 1485 4062 de
1510 3984 1692 4065 scarleto.
1724 3988 1827 4065 Jtem
1861 3977 2066 4092 Jngiburgi

281 4124 404 4176 vuum
421 4091 652 4173 mantellum
671 4090 861 4170 blauium.
893 4093 995 4170 Jtem
1013 4089 1194 4171 katerine
1211 4119 1327 4178 vnam
1350 4095 1524 4173 tunicam
1546 4093 1597 4174 de
1619 4097 1769 4176 blauio.
1798 4099 1904 4177 Jtem
1925 4095 2066 4174 Dilecte

151 4227 154 4234 '
282 4205 528 4288 consobrine
544 4229 628 4283 mee
643 4202 805 4282 domine
820 4201 1021 4308 jngigerdi
1037 4201 1116 4282 filie
1132 4203 1285 4282 domiui
1301 4203 1481 4312 Philippi
1497 4203 1548 4291 de
1563 4207 1728 4305 Runbir,
1746 4208 1914 4288 confero
1928 4207 2065 4287 brnn'e·

175 4375 178 4386 .
282 4326 369 4398 tum
386 4313 618 4394 mantellum
632 4339 762 4393 meum
780 4312 953 4392 foratum
975 4343 1066 4393 cum
1090 4314 1262 4421 pellibus
1285 4314 1515 4396 hermelinis
1540 4317 1582 4398 .1.
1609 4317 1859 4401 lecattaskin.
1887 4323 1927 4398 8(
1955 4337 2065 4395 vnam

283 4424 515 4535 stolpabraz
530 4424 581 4504 de
594 4451 695 4504 auro
710 4422 929 4504 secuudum
947 4424 1377 4531 beneplacitumPatris
1390 4432 1431 4506 8(
1446 4429 1577 4506 mariti
1594 4433 1681 4511 mei.
1693 4430 1913 4543 Reliquum
1933 4447 2066 4507 aurum

284 4566 414 4619 meum
430 4537 597 4616 coulero
619 4551 914 4644 prememorato
934 4539 1080 4616 marito
1106 4564 1194 4614 meo
1218 4533 1484 4618 dilectissimo.
1521 4542 1624 4620 ltem
1653 4545 1804 4623 curiam
1829 4567 1953 4623 meam
1976 4529 2065 4617 etdb

285 4677 375 4730 cum
393 4646 626 4732 molendino
639 4652 682 4739 8(
698 4649 823 4755 pratis
837 4649 876 4725 iu
894 4647 1013 4727 hamu
1034 4655 1072 4726 8(
1094 4649 1246 4727 curiam
1270 4677 1396 4728 meam
1421 4652 1462 4729 in
1487 4668 1572 4743 vno
1591 4651 1746 4763 deputo
1770 4681 1847 4763 pro
1870 4643 2065 4734 soluenda

149 4792 152 4805 ’
284 4755 526 4868 supradictis
543 4760 702 4866 legatis,
723 4761 774 4838 ita
792 4756 904 4868 qnod
919 4761 1086 4839 maritus
1100 4787 1211 4839 meus
1226 4785 1292 4838 aas
1307 4761 1385 4840 sibi
1399 4788 1476 4871 pro
1491 4759 1674 4845 ducentis
1689 4767 1833 4847 marcis
1854 4764 1944 4846 den.
1967 4754 2063 4838 infra

284 4871 506 4967 biennium,
521 4872 553 4950 si
567 4871 604 4951 ei
621 4872 764 4980 placet,
779 4869 958 4986 redimat.
975 4868 1134 4980 quodsi
1148 4872 1184 4950 ei
1201 4898 1282 4951 uon
1292 4872 1502 4982 placuerit,
1516 4895 1631 4984 pater
1641 4903 1751 4958 meus
1761 4875 1944 4986 predicto
1953 4863 2063 4949 modo

285 5011 350 5098 ens
365 4980 586 5065 redimendi
599 4981 747 5065 habeat
764 4980 1007 5069 facultatem.
1022 4982 1118 5063 volo
1133 4984 1258 5065 eciam
1280 4983 1393 5101 quod
1412 4992 1545 5069 omnia
1566 4987 1675 5070 bona
1697 5016 1782 5070 mea
1804 4986 1974 5070 indiuisa
1993 4971 2064 5059 ⁸111)
