4317 5975
815 334 1062 415 -615
1174 381 1230 402 ·-

120 581 239 638 sensu
273 573 313 634 et
342 551 552 634 voluntate
580 550 820 634 dilectorum
850 552 1046 640 laurencii
1073 555 1145 634 filii
1176 558 1250 636 mei
1286 573 1327 637 et
1369 558 1490 666 Josep
1517 558 1657 664 generi
1684 561 1780 658 mei,
1811 564 1916 648 bona

123 694 207 747 mea
235 666 367 744 omnia
401 665 560 746 mobilia
590 681 629 744 et
659 665 864 745 inmobilia
910 666 952 745 in
989 667 1190 776 alrathorp
1231 669 1305 747 sita
1337 669 1376 748 in
1406 669 1692 774 ossaeghheret,
1737 667 1918 758 discretis
1978 691 1983 702 '

122 779 236 874 viris,
276 775 449 857 dominis
480 776 668 884 magistro
696 776 832 858 thome
861 792 902 855 et
930 777 1049 860 olauo
1078 780 1283 860 canonicis
1311 776 1574 860 lundensibus
1589 782 1755 876 nomine·
1767 785 1919 870 fabrice

121 887 329 973 lundensis
363 887 545 984 ecclesie,
587 886 778 966 alienasse
813 915 860 967 ac
888 888 995 968 iusto
1036 890 1171 988 titulo
1215 889 1438 973 vendidisse
1482 918 1562 1000 que
1603 890 1767 1002 quidem
1810 898 1916 980 bona

121 1001 239 1081 dictis
269 998 443 1081 dominis
474 999 635 1077 nomine
663 1025 747 1105 quo
775 1026 897 1106 supra
928 1025 977 1078 ex
1020 1028 1218 1080 consensu
1253 1019 1295 1081 et
1324 1000 1536 1082 uoluntate
1580 1002 1779 1084 dictorum
1823 1011 1919 1090 mihi

119 1113 382 1194 attinencium
412 1107 532 1188 trado
562 1108 687 1188 libere
716 1137 763 1190 ac
794 1138 867 1218 per
907 1127 1109 1217 presentes
1152 1131 1263 1190 scoto
1303 1114 1343 1191 in
1387 1132 1628 1222 perpetuum
1658 1114 1917 1222 possidenda,

112 1225 177 1304 eis
205 1250 285 1332 que
314 1249 359 1302 ea
388 1222 439 1301 ab
470 1220 726 1327 impeticione
755 1220 969 1300 cuiuslibet
998 1225 1224 1331 approprio
1253 1251 1300 1303 ac
1334 1227 1376 1302 in
1413 1240 1614 1330 posterum
1653 1232 1919 1337 appropriare

121 1335 332 1443 promitto,
361 1350 401 1413 et
429 1331 559 1413 dictos
589 1330 793 1428 dominos,
822 1333 985 1411 nomine
1013 1335 1140 1439 ipsius
1168 1334 1331 1414 ecclesie
1367 1361 1413 1414 ae
1450 1339 1574 1442 ipsam
1618 1337 1844 1437 eeclesiam,
1886 1345 1920 1422 si

69 1525 74 1534 ,
119 1444 220 1556 quid
251 1443 357 1525 dicte
385 1443 604 1523 scotacioni
633 1443 836 1526 obiectum
867 1444 929 1522 vel
959 1442 1255 1524 contradictum
1293 1447 1413 1525 fuerit
1449 1442 1683 1555 indempnes
1726 1456 1919 1554 promitto

121 1558 282 1664 penitus
311 1582 569 1652 conseruare,
604 1557 655 1633 Jn
685 1554 799 1634 cuius
828 1555 886 1632 rei
914 1553 1202 1635 Testimonium
1233 1583 1283 1636 ex
1313 1583 1507 1638 consensu
1538 1573 1577 1636 et
1615 1557 1822 1642 voluntate
1856 1563 1918 1644 di·
2000 1619 2004 1624 -

119 1685 276 1748 ctorum
314 1667 383 1746 filii
414 1667 489 1745 mei
518 1681 558 1744 et
595 1667 732 1772 generi
767 1664 943 1772 sigillum
990 1693 1118 1746 meum
1164 1695 1239 1747 vna
1277 1691 1366 1747 cum
1415 1666 1555 1774 sigillis
1598 1669 1777 1777 ipsorum
1819 1673 1919 1760 duxi

120 1778 374 1888 presentibus
405 1777 545 1856 litteris
574 1775 884 1884 apponendum,
929 1778 1073 1856 Datum
1117 1804 1225 1856 anno
1267 1778 1418 1860 domini
1459 1778 1681 1861 Millesimo.
1713 1781 1831 1864 CCC⁰
1858 1785 1917 1866 X⁰

120 1888 272 1985 lundis,
301 1889 342 1967 in
372 1904 515 1970 octaua
546 1887 788 1967 ascensionis
816 1885 981 1967 domini.
1753 1899 1757 1907 '

469 2030 517 2092 Pe
527 2029 724 2111 frinsidan:
744 2028 848 2113 Super
870 2051 932 2094 vna
953 2033 1043 2092 curia
1063 2032 1096 2092 in
1118 2030 1242 2116 agharp
1263 2034 1296 2094 iu
1317 2030 1568 2114 ossighebesetb.

738 2145 869 2227 Sigillcn
890 2147 1002 2224 borta3
1024 2167 1188 2212 remsorua
1209 2169 1300 2232 qvur.

133 2516 297 2658 1674.
770 2515 903 2618 1310
949 2513 996 2616 d.
1040 2512 1070 2616 8
1114 2515 1231 2616 luni
1577 2511 1918 2662 Edbytlrorsn.
1986 2569 1990 2578 ·

199 2704 296 2765 lom
317 2700 437 2766 Erum
458 2706 644 2761 testamento
665 2699 703 2762 ai
719 2702 766 2762 sin
788 2701 840 2765 del
861 2703 873 2763 i
891 2700 991 2782 Telge
1012 2700 1093 2782 glrd
1114 2671 1168 2762 till
1185 2697 1307 2786 Upsals
1327 2697 1525 2784 Dorukyrlu,
1546 2699 1629 2762 efter
1648 2704 1702 2838 sinA
1718 2700 1791 2835 dsiid.

530 2812 535 2820 ‘
1152 2815 1156 2822 ·
1704 2821 1713 2840 0
1747 2801 1795 2838 .8.

227 2861 429 2966 Omnibus
459 2900 662 2994 presentes
707 2884 861 2965 litteras
905 2887 1145 2993 inspecturis
1181 2867 1386 2966 Jounuues
1429 2906 1617 2968 nuestus
1659 2885 1834 2967 Salutem
1873 2886 1915 2965 in

120 2998 284 3079 domino
312 2999 606 3105 sempiternum.
663 2997 724 3076 Ne
753 3025 885 3076 rerum
915 2996 1216 3077 racionabiliter
1244 3013 1285 3076 et
1313 2997 1505 3103 legittime
1534 3017 1749 3106 gestarum.
1772 2998 1915 3077 seriem

119 3110 250 3191 deleat
279 3109 454 3204 obliuio,
484 3107 544 3187 vel
576 3107 782 3189 hominum
820 3109 973 3189 malicia
1012 3109 1053 3185 in
1099 3106 1266 3187 dubium
1311 3121 1492 3202 reuocet,
1534 3109 1666 3189 solent
1707 3108 1921 3190 bominum·
2027 3112 2067 3127 ”

119 3239 203 3301 acta
232 3238 271 3300 et
299 3220 515 3299 sulubriter
544 3216 747 3314 ordinata,
778 3218 1002 3299 litterarum
1032 3219 1218 3298 roborari
1247 3218 1524 3315 munimentis,
1545 3220 1708 3302 Jdcirco
1736 3220 1825 3325 Ego
1846 3220 1915 3298 Jo-

117 3334 268 3414 bannes
297 3329 427 3412 dictus
455 3328 620 3436 angelus
657 3330 834 3436 Cupiens
871 3327 922 3410 de
959 3332 1075 3410 bunis
1110 3329 1206 3408 mihi
1235 3355 1257 3406 a
1288 3324 1365 3409 deo
1399 3332 1617 3427 concessis,
1657 3332 1786 3411 anime
1830 3354 1913 3409 mee
2043 3396 2046 3406 .
2079 3308 2082 3317 ³

117 3443 333 3524 salubriter
362 3440 586 3549 prouidere.
616 3458 768 3549 partem
799 3468 917 3549 quam
949 3438 1079 3519 habeo
1109 3441 1150 3519 in
1179 3441 1300 3519 Curia
1330 3438 1543 3545 telgbium‚
1564 3468 1640 3548 pro
1670 3440 1799 3520 anima
1828 3444 1974 3556 meas
2076 3454 2079 3461 ’

118 3571 157 3634 et
187 3569 398 3662 parentum
429 3578 608 3631 meorum
644 3552 815 3629 fratrum
860 3576 1038 3631 meorum
1081 3577 1125 3629 ac
1171 3550 1330 3629 sororis.
1372 3549 1575 3657 upsalensi
1611 3550 1782 3659 ecclesie
1824 3568 1917 3659 post

120 3683 288 3745 mortem
319 3692 443 3743 meam
474 3662 640 3740 confero
671 3679 870 3768 perpetuo
901 3660 1178 3767 possidendam
1208 3677 1328 3741 testes
1357 3677 1486 3742 autem
1523 3662 1619 3743 huic
1662 3660 1915 3743 ordinacioni

121 3805 214 3856 meae
236 3774 285 3854 ud
301 3776 385 3853 boc
408 3772 637 3881 specialiter
662 3773 790 3877 rogati
820 3790 858 3851 et
887 3775 1019 3851 vocati
1048 3791 1141 3850 sunt
1164 3771 1228 3865 hii,
1246 3771 1434 3850 videlicet
1461 3772 1651 3879 Religiosi
1682 3768 1767 3851 viri.
1790 3770 1913 3850 frater

118 3888 236 3996 jsrael
266 3886 495 3967 karissimus
524 3905 736 3987 germanus
765 3909 895 3975 meus,
926 3880 1047 3960 frater
1077 3880 1268 3959 Albertus
1295 3882 1427 3959 socius
1462 3908 1569 3962 suus.
1597 3880 1722 3962 lector
1756 3898 1913 3988 streng·
1982 3942 1990 3959 .

120 4001 252 4081 nensis
279 3998 404 4075 irater
433 3990 718 4100 skieldolpbus.
750 4008 791 4073 et
818 3994 950 4071 socius
977 3990 1080 4071 eius'
1096 3990 1218 4069 frater
1247 3991 1453 4096 johannes.
1472 3992 1597 4071 frater
1625 3986 1845 4072 asmundus
1873 4009 1914 4072 et

121 4112 245 4191 irater
274 4110 416 4189 Ericus
445 4102 622 4185 eiusdem
659 4119 894 4183 conuentus.
962 4103 1158 4182 Dominus
1194 4100 1425 4181 benedictus
1469 4102 1666 4209 presbiter
1703 4130 1825 4183 meus
1853 4102 1914 4210 jo-

121 4225 269 4303 hannes
297 4220 524 4299 biernason.
557 4216 728 4295 baetillus
757 4217 945 4321 pruuisor
976 4215 1173 4293 bonorum
1206 4238 1395 4292 meorum.
1426 4212 1623 4320 johannes
1652 4212 1753 4294 kulli
1773 4214 1914 4319 johan-

121 4362 191 4415 nes
220 4334 339 4412 brun.
370 4328 537 4437 jacobus
564 4355 692 4437 qocus
711 4328 759 4430 *).
789 4325 923 4404 etalii
954 4324 1088 4431 plures
1117 4319 1328 4427 lidedigni,
1371 4325 1422 4401 Jn
1458 4325 1582 4403 Cuius
1617 4326 1688 4404 Rei
1717 4325 1845 4404 robur
1874 4342 1916 4405 et

120 4445 367 4526 euidenciam
396 4440 629 4548 pleniorem.
659 4438 834 4545 sigillum
864 4464 992 4514 meum
1022 4454 1063 4514 et
1092 4432 1286 4513 karissimi
1314 4436 1600 4539 germanimei
1628 4435 1764 4516 fratris
1791 4435 1915 4541 jsrae-

121 4558 168 4637 lis
198 4554 345 4665 prioris
372 4551 625 4631 sictuniensis
655 4547 907 4655 presentibus
934 4561 1029 4625 sunt
1058 4572 1247 4653 appensa.
1304 4546 1452 4627 Datum
1488 4544 1772 4645 Edbirtborsm
1808 4573 1916 4628 anno

119 4667 286 4749 domini.
314 4664 382 4746 ΜΟ.
410 4663 544 4743 CCC0.
571 4658 737 4741 decimo,
765 4660 852 4738 vlt
882 4656 975 4765 jdus
1002 4656 1117 4764 junii.
1840 4700 1845 4705 -
2014 4657 2021 4663 '

870 4800 1003 4884 Sigillen
1024 4796 1170 4861 skadadc.

60 5030 68 5035 -
164 4992 316 5072 ‘tCoeus
343 4990 354 5054 i
374 4986 626 5074 lrlebiskopeus
647 4984 859 5065 mdlasfflae,
879 5004 913 5049 se
932 4983 1001 5068 tutj.
1021 4986 1083 5051 lite
1107 4980 1197 5069 16763
1218 5000 1336 5071 coque,
1357 4983 1368 5048 i
1389 4980 1609 5067 liertigernes,
1631 5004 1663 5049 sc
1685 4986 1746 5049 lito
1771 4982 1853 5066 1677.
