4317 5975
939 378 994 399 «-
1107 332 1189 427 456
1300 332 1401 396 -'
2154 362 2156 457 3

260 555 349 640 simi
374 555 516 637 Patris.
543 553 711 662 Dominj
731 547 944 661 ·Bonilacij.
980 556 1089 662 Pa'pe
1105 556 1250 651 octaui,
1280 579 1362 633 non
1392 578 1520 645 rasas,
1540 556 1629 629 'non
1651 550 1837 633 abolitas.
1866 579 1948 633 non
1963 581 2061 636 can·
2152 516 2156 649 i

260 666 442 764 cellatas,
474 694 546 747 nec
574 668 617 747 in
645 667 780 774 eliqua
809 669 870 746 sui
906 682 1021 772 parte
1062 668 1255 761 violatas.
1290 662 1365 744 sub
1394 690 1492 743 uera
1521 660 1632 741 bulla
1661 679 1702 742 et
1730 663 1798 744 filo
1825 666 1973 761 serico,
2015 667 2059 745 in

256 780 335 859 hee
363 779 499 861 verba.
530 778 771 858 Borurnaus
799 778 1011 884 episcopus
1039 784 1113 857 &c
1149 778 1200 857 Se
1215 777 1475 881 foregciende
1502 770 1585 855 Nm
1618 774 1732 869 1164.
1776 778 1831 855 Jn
1856 776 1972 887 cuius
1997 776 2062 858 rei

257 889 543 971 testimonium.
571 888 746 995 sigillum
775 906 957 969 nostrum
988 889 1244 994 presentibus
1284 901 1345 967 est
1387 910 1621 993 appensum.
1661 887 1812 965 Datum
1839 885 2061 995 skeningie.

166 1048 169 1053 ·
256 1000 381 1081 A'nno
409 999 563 1107 dominj
591 999 907 1080 .M⁰.CCC⁰.V⁰.
938 1002 989 1079 ln
1009 996 1477 1103 octauisassumpcionis.
1502 995 1890 1105 boutevirginis'in
1918 1008 2064 1081 nostro
2154 1068 2156 1121 ÷

166 1146 174 1155 ·
257 1111 450 1221 Capitulo
478 1110 732 1218 prouinciali.

865 1251 985 1333 sigillet
1012 1250 1192 1326 bortsallet,
1218 1268 1338 1310 nemean
1361 1263 1470 1333 quer.·‘

154 1642 162 1649 ’
266 1614 435 1759 1478.
986 1573 1317 1719 slot-Ode.
1613 1547 1616 1553 ¹
1790 1610 2063 1758 Skeninge.

338 1834 646 1897 Provincial-Priorn
669 1833 785 1896 Partus
805 1834 864 1896 orb
887 1834 940 1895 det
962 1837 971 1895 i
993 1835 1146 1913 Sleninge
1169 1830 1352 1893 stirsamlsde
1368 1830 1835 1894 Provineinl-Konventetsdom
1859 1835 1868 1893 i
1891 1832 1948 1893 den
1971 1835 2062 1895 mel·

390 1918 442 1977 lan
469 1917 793 1979 Predilarebrb'derue
817 1921 826 1976 i
849 1917 975 1998 Sigtuns
1010 1916 1069 1977 orb
1103 1918 1266 1995 Strengn'as
1287 1914 1377 1975 forda
1401 1918 1509 1977 tvisten
1540 1935 1591 1975 om
1623 1925 1749 1996 grttnsen
1779 1916 1831 1976 vid
1853 1916 2061 1995 Stoclbolm,

391 2000 594 2079 henrigenom
615 1998 688 2060 bela
711 2000 908 2062 Stoclbolms
929 2001 1124 2081 Firssmling
1146 1998 1207 2061 ocb
1229 1998 1271 2061 de¹
1290 1998 1346 2059 der
1368 2000 1496 2080 belegna
1518 1997 1729 2081 sjtlebodarnc
1752 1998 1905 2061 liirllsrer
1926 1999 2062 2097 titlffiga
2154 2006 2156 2091 3

389 2082 515 2163 Sigtuns
537 2082 667 2144 blusters
687 2083 826 2145 omrtde.
1799 2162 1823 2219 Α
1852 2164 1867 2215 3
1893 2182 1908 2216 c

365 2297 566 2378 Omnibus
594 2316 798 2407 presentes
827 2299 979 2377 litteras
1016 2299 1266 2407 inspecturis.
1309 2296 1451 2375 Frater
1490 2300 1657 2377 Pennus.
1701 2296 1868 2379 fratrum
1898 2296 2060 2380 ordinis
2154 2294 2155 2381 ᾗ

253 2404 556 2490 Predicatorum
585 2414 626 2492 in
660 2412 870 2518 prouincia
902 2411 1042 2517 Dacie.
1064 2410 1180 2490 Prior
1210 2406 1481 2517 prouincialis.
1512 2408 1603 2488 licet
1632 2406 1833 2516 indignus.
1869 2411 2056 2491 Necnon.
2154 2426 2156 2497 ἓ

6 2595 16 2604 .
76 2534 119 2593 “.
254 2536 294 2599 et
321 2519 476 2600 fratres.
519 2524 753 2603 Nnaomus
795 2523 911 2603 Prior
946 2520 1233 2627 skeningensis.
1278 2521 1436 2599 annnr..
1478 2522 1596 2600 Prior
1622 2518 1892 2602 Sictuniensis.
1936 2520 2056 2602 Boro.

125 2637 129 2650 ’
251 2631 400 2712 Lector
428 2632 623 2743 Ripensis.
653 2656 870 2713 vesunnus.
900 2632 1027 2711 lector
1056 2630 1294 2711 Lundensis.
1324 2630 1573 2711 Disfinitores
1609 2632 1788 2739 Capituli
1816 2634 2056 2741 prouincia·

251 2742 312 2822 lis.
342 2740 557 2851 Slteningie
586 2743 786 2824 celebrati.
816 2742 991 2823 Salutem
1021 2746 1063 2822 in
1098 2741 1260 2823 domino
1289 2742 1581 2850 sempiternam.
1608 2740 1768 2822 Tenore
1799 2746 2055 2851 presencium

251 2869 436 2933 constare
463 2854 652 2934 uolumus
679 2855 900 2935 euidenter.
938 2852 1061 2957 Quod
1088 2855 1341 2963 questionem
1379 2856 1454 2932 iam
1486 2853 1638 2961 pluries
1680 2854 1911 2935 uentilatam
1943 2857 2056 2938 inter

252 2964 500 3048 Conuentus.
530 2965 819 3048 Sictuniensem
849 2982 889 3045 et
917 2983 1240 3072 strengenensem
1284 2962 1334 3044 de
1363 2964 1606 3046 limitacione
1648 2969 1909 3047 terminorum
1941 2970 2054 3050 circa

237 3074 474 3173 ‚stokbolm‚
504 3075 698 3158 decidere.
727 3093 766 3156 et
796 3078 933 3158 litibus
962 3079 1080 3156 finem
1112 3079 1305 3185 inponere
1336 3077 1525 3182 volentes.
1570 3074 1800 3160 ordinamus
1828 3095 1868 3158 et
1896 3077 2053 3160 diffini-

201 3189 205 3195 ’
248 3215 346 3267 mus.
376 3187 486 3296 quod
524 3189 760 3269 sialaboter
776 3205 816 3270 et
832 3205 915 3269 tota
944 3187 1139 3269 Perochia
1162 3187 1491 3284 stokbolrnensis,
1522 3189 1690 3274 attineat
1704 3189 1896 3272 fratribus
1923 3191 2052 3271 sictu·

249 3299 467 3378 niensibus.
498 3299 619 3407 pleno
648 3301 746 3380 iure.
782 3302 833 3379 Jn
862 3301 976 3379 euius
1012 3301 1070 3377 rei
1100 3301 1384 3379 testimonium.
1440 3299 1574 3407 Sigilla
1605 3327 1742 3380 nostra
1771 3303 2050 3409 presentibus,
2154 3333 2156 3388 ῑ

248 3423 342 3486 sunt
357 3436 545 3516 appensa.
573 3411 721 3490 Datum
744 3409 971 3515 Skeningie.
1000 3406 1298 3518 Annodominj.
1325 3407 1546 3492 lllillesimo.
1576 3409 1882 3494 Trecentesimo.
1911 3414 2050 3516 Quin·
2155 3461 2156 3470 κ

248 3534 302 3598 ῑο.
332 3521 385 3598 ln
412 3537 563 3602 nostro.
593 3523 795 3632 Capitulo.
825 3519 1078 3602 Prouinciali.

734 3665 860 3746 Sigilleu
880 3665 940 3726 Nto
966 3685 993 3744 1,
1014 3684 1049 3742 a,
1070 3663 1091 3724 5
1113 3663 1262 3742 sksdade,
1285 3663 1321 3744 3,
1343 3663 1365 3742 4
1385 3660 1563 3727 burtiallna.

118 4019 123 4032 ¹
252 4075 456 4220 1479.Ι
883 4059 1027 4171 1305
1070 4063 1118 4168 d.
1167 4103 1239 4211 29
1278 4063 1412 4209 Aug.

322 4271 458 4360 Konung
480 4276 610 4340 Bineses
631 4277 824 4342 Stadltstelse
844 4281 884 4364 pl
907 4281 1042 4366 Konnng
1064 4275 1193 4366 Magnus
1215 4286 1254 4346 ts
1274 4280 1364 4365 gallus
1387 4244 1425 4345 af
1441 4284 1566 4367 Sigursb'
1583 4287 1825 4370 tilliStrenguts
1846 4291 2038 4376 Domlyrlu.

1780 4405 1816 4460 a.
1834 4408 1859 4462 a.
1877 4427 1902 4478 ς.

351 4529 553 4612 Brneunus
583 4528 649 4611 dei
677 4533 811 4638 gracia
839 4560 1039 4614 sweorum
1069 4533 1367 4643 gothorumque
1399 4535 1484 4616 Rex
1514 4539 1710 4619 uniuersis
1741 4527 1942 4651 presentes
1969 4545 2034 4625 lit·

176 4667 179 4673 ’
238 4657 345 4720 teras
375 4644 627 4750 inspecturis,
656 4641 833 4724 Salutem
863 4645 905 4722 in
934 4644 1099 4724 domino
1128 4647 1422 4752 sempiternam.
1454 4649 1655 4751 Quoniam
1672 4651 1907 4760 Magnificus
1921 4659 2033 4763 prin-

237 4778 331 4858 ceps
361 4752 546 4832 dominus
575 4754 743 4863 Magnus
772 4755 879 4834 clare
909 4757 1115 4850 memorie,
1152 4753 1357 4865 quondam
1394 4758 1481 4838 Rex
1509 4788 1711 4842 sweorum
1755 4781 1869 4874 pater
1897 4786 2033 4850 noster

100 4915 106 4921 -
238 4857 468 4946 karissimus
497 4866 659 4945 Curiam
688 4865 892 4976 sighelmo,
932 4895 1022 4948 cum
1052 4867 1241 4948 omnibus
1269 4885 1310 4948 et
1338 4869 1505 4980 singulis
1533 4871 1581 4954 nd
1609 4901 1695 4953 eam
1739 4880 2031 4986 spectantibus,

2153 3493 2156 3614 l

2154 3663 2156 3792 Ι
