4317 5975
982 455 1038 479 ···
1149 418 1230 498 sati
1333 412 1411 479 '-

258 576 509 809 =x1186.¹
841 784 848 809 Γ
940 658 1023 810 ¹J
1112 579 1277 809 ¹²97·
1707 790 1712 795 ι
1775 640 2123 754 stockhotm

377 888 514 971 Kooung
536 888 666 951 Bmcuas
687 882 850 949 stultatelse
872 884 912 971 pt
937 882 1122 968 lo'regieude
1144 884 1399 985 Fru'lngeborgs
1420 884 1498 949 bref.
1764 966 1801 1023 A

738 1001 745 1009 ,
1012 1030 1014 1033 Ι
1818 983 1885 1038 7·1·
1955 990 1959 995 ,
1994 996 1997 1000 ,

404 1121 413 1151 2·
430 1086 632 1168 Bmonuus
673 1085 739 1167 dei
782 1085 914 1195 gracia
932 1103 1169 1197 ‘sweorums
1187 1082 1499 1193 Gothorumque
1543 1082 1628 1164 Rex
1659 1084 1859 1165 Omnibus
1888 1097 2082 1190 presentes
2148 1105 2152 1116 ·

171 1296 175 1301 A
208 1257 217 1266 -
298 1198 449 1281 litteras
490 1196 735 1307 jnspecturis
778 1198 946 1278 salutem
999 1199 1043 1278 in
1083 1192 1248 1275 domino
1298 1198 1581 1305 sempiternam
1630 1196 1834 1305 Potencia¹
1862 1194 2080 1301 principum

295 1309 440 1416 recipit
482 1309 776 1387 incrementum
824 1308 856 1387 si
898 1307 1020 1389 fuerit
1049 1308 1090 1387 in
1120 1305 1376 1387 subditorum
1407 1308 1584 1413 negociis
1613 1306 1829 1387 fructuosa.
1901 1305 2006 1385 Hinc
2030 1322 2083 1384 est
2146 1322 2153 1337 '

295 1419 408 1532 qood
440 1435 580 1498 notum
613 1417 782 1499 facimus
811 1446 885 1528 per
914 1410 1119 1526 presentes
1148 1416 1271 1520 Quod
1301 1420 1519 1499 constituta
1547 1418 1591 1498 in
1621 1419 1826 1527 presencia
1854 1431 1992 1495 nostra
2018 1441 2082 1493 no·
2147 1418 2152 1436 ¹

294 1530 388 1613 bilis
417 1528 560 1609 mulier
588 1526 751 1609 domina
780 1530 1013 1639 ingiburgis
1042 1530 1121 1610 lilia
1149 1526 1355 1637 quondum
1377 1525 1531 1610 domini
1560 1528 1749 1639 vlpbonis
1771 1526 1971 1606 Karlssou
1989 1546 2080 1605 vxor
2130 1565 2132 1572 ·

294 1640 449 1724 strenui
478 1641 555 1721 viri
599 1641 762 1721 Domini
805 1642 944 1721 aberni
986 1650 1244 1747 syxtenssons
1273 1656 1410 1719 nostra
1447 1640 1592 1722 dilecta
1631 1639 1932 1748 consanguinea
1973 1637 2080 1715 maic-
2147 1650 2152 1666 ·

288 1753 393 1835 stati
421 1768 559 1831 nostre
587 1754 695 1859 regie
724 1750 931 1831 notificare
965 1753 1126 1831 curauit
1154 1752 1280 1857 ipsam
1309 1778 1393 1830 nou
1424 1753 1541 1832 minis
1567 1750 1775 1860 aliquibus
1796 1748 1861 1828 vel
1884 1748 2080 1829 blandiciis

296 1892 369 1945 seu
398 1863 586 1971 precibus
622 1862 811 1943 illectiuis
840 1861 1006 1943 inducta
1035 1863 1104 1942 sed
1141 1861 1286 1967 lllagna
1330 1859 1606 1944 beniuolentia
1648 1865 1689 1941 81
1725 1858 1902 1971 quadam
1941 1860 2079 1940 sincera
2144 1876 2152 1889 ’

297 1973 514 2056 dilectione
542 1990 649 2054 mota
680 2000 730 2055 ex
760 2002 831 2055 sua
862 1970 967 2052 mera
999 1977 1039 2052 Sa
1073 1973 1192 2079 plena
1235 1999 1400 2053 suorum
1431 1975 1756 2082 propinquorum
1785 1970 1996 2051 voluntate
2020 1968 2079 2049 de·
2146 1987 2151 1995 '

295 2085 357 2168 dit
378 2084 511 2165 ‘eidem
541 2084 691 2165 dilecto
714 2084 879 2164 -marito
921 2110 996 2163 suo
1024 2083 1190 2164 domino
1222 2088 1253 2163 Α
1282 2085 1415 2164 curias
1450 2111 1542 2163 suas
1578 2085 1730 2164 scilicet
1771 2079 1977 2164 clastadba
2017 2079 2078 2158 ba·
2145 2094 2152 2111 '

296 2214 486 2302 ronstorp
529 2224 576 2275 ac
608 2196 738 2275 eciam
776 2196 945 2276 haranes
973 2222 1064 2273 cum
1094 2196 1282 2275 omnibus
1316 2191 1533 2273 earundem
1563 2198 1764 2275 curiarum
1795 2191 2021 2290 attinenciis‘
2043 2205 2078 2271 a*

208 2400 215 2409 ,
297 2310 380 2419 gris
415 2306 601 2387 videlicet
630 2309 756 2416 pratis
785 2304 1017 2387 nemoribus
1047 2304 1357 2386 molendinis&
1386 2304 1712 2386 molendinorum
1741 2305 1838 2387 locis
1871 2302 2078 2411 pascuis&
2144 2315 2152 2332 ·

295 2420 495 2530 piscariis·
520 2417 625 2498 infra
662 2444 775 2525 sepes
803 2424 843 2497 &
871 2434 985 2497 extra
1020 2416 1138 2525 longe
1168 2416 1229 2496 rel
1259 2442 1390 2523 prope
1418 2418 1559 2524 positis
1586 2425 1625 2499 A
1652 2476 1662 2496 .
1693 2476 1704 2496 .
1734 2478 1743 2498 .
1772 2418 1866 2524 jure
1895 2417 2103 2494 irreuoca··
2145 2425 2152 2441 ‘

285 2531 435 2613 uiliter
463 2536 731 2637 &perpetuo
761 2526 1023 2637 possidendas
1061 2544 1186 2636 prout
1220 2528 1262 2605 in
1293 2527 1526 2635 patentibus
1569 2525 1713 2609 litteris
1740 2554 1866 2637 super
1895 2526 1971 2604 boc
1996 2552 2077 2603 eon·
2151 2525 2152 2532 ’

298 2641 414 2723 lectis
445 2667 531 2720 non
556 2640 656 2719 rasis
686 2666 769 2719 non
806 2640 965 2721 abolitis
994 2666 1074 2718 non
1105 2637 1336 2718 cancellatis
1366 2666 1440 2718 nec
1468 2641 1512 2719 in
1539 2639 1674 2749 aliqua
1704 2654 1820 2747 parte
1854 2639 1915 2717 sui
1943 2636 2078 2717 viciatis
2148 2643 2152 2692 l

295 2755 337 2835 in
368 2750 575 2833 audiencia
620 2766 755 2831 nostra
800 2750 911 2831 lectis
952 2741 1166 2859 sigilloque
1211 2766 1350 2831 nostro
1392 2748 1444 2828 ad
1474 2752 1599 2858 ipsius
1641 2750 1885 2831 instanciam
1910 2746 2076 2855 sigillatis

295 2862 476 2973 plenarie
518 2864 749 2943 continetur
787 2862 826 2940 in
857 2862 929 2942 heu
975 2861 1098 2941 verba
1127 2862 1329 2942 Omnibus
1368 2866 1443 2941 &o
1487 2861 1539 2941 Se
1559 2864 1818 2968 soregriende
1866 2862 1948 2941 Nm
1980 2860 2075 2940 1185.
2146 2869 2152 2881 ‘

158 3047 163 3055 .
295 2973 527 3084 supplicans
555 2970 689 3053 eadem
726 2971 889 3055 domina
920 3035 930 3056 .
963 3034 972 3052 .
1001 3033 1011 3052 .
1042 2989 1211 3052 ‚nostre
1240 2973 1436 3053 maiestati
1454 2969 1671 3052 bumiliter
1696 2976 1738 3053 8(
1767 2974 1964 3054 instanter
1988 2996 2073 3079 qua·
2145 2968 2152 3029 7

296 3104 413 3168 tenus
454 3080 623 3164 eandem
672 3083 933 3164 donacionem
977 3080 1265 3191 predictarum¹
1301 3085 1504 3164 curiarum
1553 3085 1791 3165 confirmare
1833 3085 2072 3192 dignaremur
2151 3108 2152 3175 ι

295 3195 403 3280 vnde
431 3223 521 3274 cum
552 3195 594 3274 in
627 3195 814 3292 omnibus
842 3195 955 3273 iustis
978 3193 1235 3302 possibilibus
1263 3200 1304 3274 8ι
1330 3196 1508 3276 honestis
1530 3195 1801 3305 peticionibus
1828 3201 1869 3278 a
1887 3192 2071 3276 instanciis
2151 3180 2152 3249 3

263 3305 568 3412 'fauorabilem
597 3329 833 3384 consensum
864 3304 1085 3384 &facilem
1118 3305 1287 3412 prebere
1314 3307 1529 3386 debeamus
1562 3303 1798 3386 &velimus
1828 3322 1951 3416 prout
1978 3303 2070 3410 regie
2110 3294 2113 3302 ¹
2151 3340 2152 3353 ι

210 3417 216 3422 ’
295 3417 669 3527 semperconuenit
700 3417 892 3496 maiestati
929 3413 1210 3524 supradictam
1245 3415 1505 3496 donacionem
1536 3419 1576 3496 in
1606 3418 1791 3528 qualibet
1819 3421 1946 3527 ipsius
1973 3429 2070 3524 parte
2151 3430 2152 3483 i

295 3545 424 3610 ratam
454 3531 491 3604 &
522 3525 673 3606 firmam
718 3529 923 3635 perpetuis
949 3525 1217 3635 'temporibus
1259 3554 1343 3608 esse
1378 3528 1561 3608 volentes
1590 3547 1714 3636 prout
1741 3533 1927 3637 superius
1954 3542 2069 3606 actum
2151 3600 2152 3609 ,

295 3656 356 3721 est
382 3640 508 3748 ipsam
539 3640 787 3744 presencium
808 3641 913 3717 'serie
932 3637 1156 3718 litterarum
1176 3641 1413 3722 anctoritate
1441 3641 1550 3747 regia
1578 3640 1864 3721 confirmamus
1892 3631 2069 3721 aniben·
2143 3628 2148 3641 '

295 3770 353 3833 tes
393 3751 558 3830 firmiter
586 3747 845 3830 nibilominus
883 3754 922 3828 8s
949 3750 1131 3830 districte
1158 3752 1236 3830 sub
1264 3767 1436 3858 optentu
1465 3768 1601 3847 nostre
1620 3754 1765 3858 gracie,
1793 3753 1858 3833 Ne
1877 3754 1965 3861 quis
1980 3771 2070 3850 nune

295 3879 366 3944 aut
394 3863 435 3942 iu
465 3875 668 3969 posterum
698 3858 940 3968 sepedictam
983 3859 1245 3943 donacionem
1277 3861 1510 3971 aliqualiter
1545 3860 1741 3968 impedire
1769 3863 1834 3942 vel
1864 3855 2070 3973 quomodo·

294 3975 394 4057 libet
424 3971 570 4052 audeat
598 3971 755 4051 irritare
780 3971 1000 4080 quominus
1042 3972 1171 4053 robur
1205 3973 1355 4054 babeat
1392 3988 1588 4080 perpetue
1626 3971 1827 4053 firmitatis
1883 3978 1932 4055 ln
1974 3968 2069 4049 cuins

294 4085 388 4163 laeti
430 4094 665 4188 perpetuam
709 4083 919 4162 nocionem
965 4109 1130 4190 presens
1169 4087 1366 4192 scriptum
1395 4111 1485 4162 cum
1514 4080 1649 4189 sigillo
1679 4101 1841 4180 nostro,
1870 4115 1914 4165 ac
1946 4075 2102 4186 sigillis¹
2144 4068 2152 4088 ‘

247 4287 253 4294 Ι
294 4191 584 4275 venerabilium
616 4207 774 4299 patrum
805 4220 852 4272 ac
879 4193 1136 4274 dominorum
1164 4195 1458 4302 archiepiscopi
1487 4199 1526 4273 &
1552 4219 1716 4272 suorum
1739 4195 2069 4303 suffraganeorum

296 4299 545 4412 aliorumque
576 4317 807 4408 magnatum
835 4302 887 4382 de
915 4307 1085 4384 consilio
1113 4323 1254 4387 nostro
1282 4307 1448 4386 fecimus
1476 4303 1664 4384 roborari
1682 4306 1830 4387 Datum
1853 4300 2100 4388 stolsbolmis'

293 4443 400 4496 anno
428 4413 583 4496 domini
611 4413 691 4512 Μ’,
713 4413 821 4508 CC',
849 4413 961 4512 XC',
980 4418 1169 4525 septimo·

294 4589 341 4656 Al
357 4589 474 4672 sigilles
497 4609 528 4668 a,
549 4588 631 4672 5-9
655 4600 734 4650 iamt
756 4589 808 4651 det
826 4592 913 4668 sista,
935 4594 1036 4654 stone
1055 4592 1117 4654 och
1140 4593 1261 4656 mindae
1282 4595 1408 4675 styclen
1430 4613 1526 4678 qvar;
1547 4591 1583 4654 sl
1606 4613 1637 4670 ι,
1660 4592 1695 4673 3,
1716 4593 1753 4672 4,
1785 4615 1837 4674 ιο,
1870 4591 1927 4656 och
1949 4589 1996 4650 det
2015 4587 2068 4642 „aaa

292 4675 370 4749 sista,
393 4692 552 4736 remsorna
570 4671 766 4770 qnaraeller
792 4692 842 4750 ιι,
864 4672 958 4736 brari
978 4695 1078 4738 remia
1101 4675 1271 4753 bonitum,
1303 4687 1337 4738 tr
1357 4689 1403 4739 ett
1425 4677 1531 4759 stycle
1551 4676 1590 4736 af
1609 4676 1744 4738 brelvets
1765 4680 1859 4740 nedra
1882 4677 1968 4750 lant,
1981 4663 2067 4729 tillila
2091 4695 2094 4698 ·

296 4756 366 4818 med
377 4755 415 4818 de
426 4754 502 4818 desa
515 4754 648 4816 voruude
659 4753 749 4838 sagitt,
762 4755 915 4819 bortlrttt.
936 4757 1059 4822 Bresvet
1072 4768 1107 4820 tr
1118 4761 1158 4844 pt
1169 4759 1243 4822 llern
1255 4759 1361 4823 nattes
1372 4759 1537 4845 utplaiuadt
1547 4757 1609 4821 och
1621 4760 1631 4818 i
1641 4757 1811 4831 ullmtnbet
1822 4761 1943 4845 mytlet
1953 4743 2069 4816 uatkkt
