4317 5975
706 395 826 442 ’-
937 375 1019 483 559
1126 323 1347 444 -ἷ

106 598 255 684 cultate
272 595 515 706 sepedictam
540 595 703 678 Curiam
723 594 813 678 ullo
841 623 1031 708 umquam
1061 595 1368 692 edinuencionis
1383 597 1560 706 ingenio
1588 600 1818 686 reuocandi.
1852 607 1905 692 Js

106 711 226 802 Cuius
260 710 334 790 Rei
361 709 634 804 testimonium
668 706 843 812 sigillum
873 736 1004 792 meum
1034 709 1291 817 presentibus
1319 726 1379 795 est
1407 737 1643 818 appensum.
1701 715 1906 824 Scriptum

105 822 400 928 Rismbergbum
426 847 537 905 anuo
565 819 729 926 domini.
785 820 1076 916 M⁰.CCC⁰JX⁰.
1106 823 1290 932 sequenti
1320 821 1385 914 die
1415 839 1506 930 post
1528 823 1781 933 Epiphanie.
1814 855 1907 936 pre·

105 932 421 1020 sentibuseoiam
444 931 542 1024 viris
559 928 787 1036 lidedign'is.
815 927 1013 1013 uidelicet.
1041 931 1217 1013 domino.
1249 933 1454 1040 thirgillo.
1482 932 1663 1044 haquino
1690 936 1837 1046 dyaelm
1865 955 1907 1024 et

131 1043 275 1132 undam
304 1045 506 1149 armigero
546 1038 700 1122 domini
731 1041 934 1131 bernardi.
959 1040 1081 1126 dicto.
1098 1043 1266 1140 smirdh
1291 1074 1367 1152 pno
1390 1043 1531 1134 eodem
1554 1049 1786 1130 testimonio
1808 1078 1907 1134 con·
2008 1051 2015 1072 “

104 1075 311 1239 humando.
347 1151 646 1259 Risaebetghum
682 1153 807 1235 eciam
852 1153 960 1261 eligo
1002 1155 1252 1262 sepulturam
1297 1156 1435 1236 volens
1480 1155 1685 1245 humiliter
1721 1175 1762 1244 et
1795 1155 1907 1246 omni
1969 1156 2002 1172 ''

107 1268 276 1354 seruitio
305 1268 454 1349 instare
481 1264 779 1348 uenerabilibus
807 1264 983 1346 dominis
1010 1281 1051 1344 et
1080 1264 1306 1354 illustribus
1341 1267 1593 1374 principibus
1627 1269 1803 1354 dominis
1831 1271 1907 1354 du·

107 1380 217 1464 cibus
252 1393 298 1460 ut
333 1379 515 1486 ipsorum
552 1376 685 1481 gracia
722 1376 886 1484 speciali
923 1373 1126 1464 mediante
1162 1375 1239 1458 hoc
1274 1375 1386 1486 quod
1416 1404 1487 1486 pet·
1514 1408 1576 1460 me
1604 1383 1737 1476 uiuam
1766 1383 1907 1466 datum
2014 1413 2021 1418 ·

10 1508 11 1511 ‘
89 1489 226 1578 luerit
255 1505 348 1600 post
375 1489 548 1570 Mortem
577 1514 702 1568 meam
731 1504 866 1568 ratum
893 1487 1185 1595 teneriualeat
1213 1503 1254 1568 et
1279 1488 1429 1570 haberi.

615 1627 620 1649 ⁸
716 1628 1037 1712 Sigilletbortlalle13
1061 1648 1185 1692 remsan
1206 1651 1293 1714 qver.

119 1896 283 2004 1603.
691 1853 842 2008 1306
889 1893 937 2000 d
987 1883 1331 2037 7-12Jau2
1714 2007 1719 2016 .
1837 1896 1999 2042 ld.3
2082 1808 2084 1815 ⁴

186 2084 313 2145 Drotaet
349 2081 492 2146 Ambra
528 2079 722 2142 Summers
747 2077 916 2160 gdlrobrcl
937 2079 986 2139 till
1013 2080 1059 2140 sin
1096 2077 1311 2162 systematum,
1343 2079 1465 2142 Frblcn
1499 2079 1619 2164 ingrid,
1653 2082 1693 2168 pt
1720 2081 1759 2146 dc
1798 2082 1874 2166 goda
1900 2084 1911 2144 i

38 2163 44 2180 “
237 2157 320 2248 lby,
341 2162 534 2230 brillarban
554 2164 592 2224 af
609 2164 792 2245 flettignrne
814 2161 892 2226 Erit
913 2162 974 2224 ech
996 2161 1184 2226 Waldemar
1204 2162 1340 2232 erbtllit.
1648 2249 1685 2312 Δ.
1706 2247 1776 2313 6,.

217 2364 419 2449 Omnibus
446 2379 651 2472 presentes
679 2361 831 2447 litteras
859 2362 1102 2470 inspecturis
1129 2386 1308 2447 Arsanus
1328 2387 1548 2457 smmuson
1570 2361 1726 2473 dapifer
1747 2364 1912 2448 domini.
1943 2329 1949 2346 '
1979 2431 1988 2446 .

9 2518 11 2533 ·
109 2482 152 2562 Ε.
189 2477 305 2559 ducis
341 2502 541 2564 sweorum
574 2475 753 2572 illustris,
779 2474 949 2554 salutem
979 2475 1021 2554 in
1050 2471 1216 2556 domino
1248 2476 1528 2584 sempiternam
1558 2474 1719 2559 Tenere
1748 2489 1911 2588 pleseni

11 2696 12 2701 .
107 2594 209 2674 cium
234 2591 384 2670 Notum
407 2587 514 2668 facio
541 2586 730 2669 omnibus
757 2585 967 2666 euidenter
996 2585 1108 2696 quod
1138 2584 1244 2682 bona
1281 2615 1365 2668 mea
1399 2585 1486 2686 'abi‘
1525 2585 1654 2676 dicta.
1696 2615 1787 2669 cum
1828 2615 1909 2670 om·
2022 2651 2033 2664 .

108 2704 228 2786 nibus
256 2697 486 2804 attineneijs
512 2700 617 2782 sicut
644 2724 690 2778 ea
721 2698 816 2777 mihi
847 2695 941 2778 data
968 2714 1067 2790 sunt
1095 2724 1168 2803 per
1198 2699 1429 2806 magnificos
1458 2699 1681 2806 principes,
1727 2699 1912 2782 dominos·
2027 2781 2032 2790 ,

109 2840 228 2898 meos.
258 2815 303 2893 E.
331 2827 373 2892 et
398 2811 468 2890 W.
496 2807 618 2892 duces
646 2836 845 2894 sweorum
875 2808 1050 2888 illustres
1079 2824 1201 2916 prout
1230 2811 1271 2888 in
1301 2813 1479 2918 ipsorum
1510 2808 1651 2918 litteris
1681 2811 1911 2918 patentibus
1952 2829 1968 2849 '·

9 2978 15 2990 ·
107 2943 228 3037 snper
264 2925 343 3007 hoc
378 2921 571 3005 conlectis
606 2923 839 3005 continetur
883 2919 1059 3030 plenius,
1098 2919 1318 3003 Domicelle
1348 2917 1497 3029 ingridi
1525 2921 1606 3004 filie
1635 2925 1784 3003 sororis
1814 2951 1911 3021 mee,

81 3039 162 3121 'do
189 3054 230 3118 et
258 3037 302 3145 jn
321 3036 626 3143 'possessionem
656 3033 908 3141 corporalem
938 3033 1121 3138 assigno,
1149 3032 1227 3111 sibi
1255 3050 1295 3113 et
1323 3033 1405 3115 suis
1434 3033 1650 3114 heredibus
1675 3018 1797 3141 pleno
1822 3034 1918 3143 jure!
1957 3105 1962 3111 .
2050 3115 2052 3124 p

40 3160 46 3167 '
99 3141 579 3260 perpetuopossidenda.
636 3148 686 3225 Jn
715 3146 830 3226 cuius
858 3143 917 3250 rej
947 3144 1231 3224 testimonium.
1255 3164 1295 3225 et
1316 3144 1565 3227 euidenciam
1588 3144 1802 3227 firmiorem
1821 3174 1912 3252 pce-
2027 3161 2040 3246 ᾗ

108 3276 240 3343 sentes
269 3262 423 3340 litteras
460 3271 557 3365 peto
583 3256 723 3365 sigillis
761 3258 939 3365 ipsorum
976 3254 1230 3364 dominorum
1275 3284 1454 3335 meorum
1490 3258 1545 3337 Ε.
1579 3274 1619 3337 et
1657 3258 1725 3337 W.
1754 3256 1912 3337 'ducum
1996 3348 2001 3359 ι

107 3374 255 3455 swecie
295 3370 520 3456 illustrium.
559 3396 636 3447 vna
673 3396 764 3448 cum
802 3366 942 3474 sigillis
979 3366 1188 3447 Nobilium
1237 3367 1555 3449 consiliariorum
1595 3366 1828 3449 eorundem.
1871 3386 1913 3448 et

107 3512 215 3580 meo,
249 3481 489 3563 communiri
533 3480 682 3559 Datum
718 3506 826 3557 anno
863 3475 1016 3557 domini
1052 3477 1274 3557 Millesimo.
1311 3480 1621 3560 trescentesim0.
1653 3504 1771 3560 nono.
1801 3478 1914 3588 apud

107 3595 310 3677 ecelesiam
341 3592 397 3673 iid
427 3591 531 3672 inira
560 3608 745 3671 octauam
773 3587 988 3696 epiphanie
1015 3582 1221 3669 eiusdem.⁸
1877 3638 1880 3646 .

334 3734 463 3816 sigilles
489 3754 520 3810 t,
543 3751 578 3810 a,
600 3732 619 3793 3
640 3731 826 3809 hcrtsallna3
847 3750 1007 3798 remsorna
1028 3752 1115 3813 qvor.
1156 3730 1250 3793 Flete
1271 3730 1366 3792 balva
1387 3732 1415 3811 ej
1438 3731 1540 3793 blilrit
1562 3673 1691 3815 picatis.

39 4054 43 4059 V
117 4102 281 4230 1604.
750 4095 902 4241 1309
947 4091 997 4199 d.
1051 4096 1116 4199 15
1159 4081 1284 4231 lam
1668 4092 1934 4208 A.lewath.·

191 4289 307 4369 Biston
334 4287 452 4350 Parin
473 4287 484 4347 i
504 4284 627 4348 Odense
653 4282 814 4350 slrilrelsc
841 4284 892 4345 till
917 4282 1064 4354 Delancn
1087 4280 1191 4341 Grido
1213 4282 1221 4339 i
1244 4277 1335 4341 Lund
1361 4301 1412 4343 om
1438 4279 1621 4364 laglighcten
1643 4282 1679 4343 af
1695 4280 1735 4346 dc
1756 4282 1911 4365 &glinden

246 4392 312 4433 som
334 4370 487 4452 ridtagits,
509 4368 550 4429 ds
564 4366 632 4430 'hau
654 4366 795 4429 utraldes
817 4368 864 4429 till
885 4370 1028 4430 Decanus
1048 4365 1086 4425 al
1102 4362 1266 4447 Kapitleti
1288 4361 1387 4425 Lund.
1601 4448 1634 4509 B·
1660 4468 1687 4511 ι.
1714 4446 1779 4525 148.

223 4573 368 4655 Fnatsr
393 4571 553 4651 Pennus
580 4566 648 4649 dei
674 4566 808 4674 gracia
837 4566 1051 4676 episcopus
1084 4566 1332 4645 ottoniensis.
1391 4564 1547 4644 Dilecto
1582 4565 1657 4645 sibi
1687 4564 1769 4644 filio
1798 4562 1913 4644 Gwi·

108 4686 225 4770 doni.
245 4680 446 4766 'lundensi
481 4678 634 4761 decano
670 4678 839 4759 salntem
875 4694 917 4758 et
943 4679 1139 4757 sinceram
1169 4679 1210 4755 in
1241 4677 1406 4756 domino
1433 4674 1812 4784 caritatemNuper
1841 4702 1914 4755 no·

107 4798 284 4907 bis.per
332 4792 602 4874 venerabilem
639 4789 682 4869 in
719 4790 869 4870 christo
908 4806 1062 4897 patrem
1102 4816 1147 4866 ae
1190 4785 1410 4867 dominum.
1468 4788 1683 4866 Dominum
1727 4790 1914 4885 isarnum

50 5004 62 5013 ο
108 4907 254 4992 diuina
270 4906 529 5019 prouidencia
560 4903 796 4984 lundensem
825 4902 1180 5019 archiepiscopum.
1214 4901 1346 4981 suecie
1375 4900 1598 5008 primatem.
1629 4897 1835 4983 electionis
1864 4900 1931 4989 de,
