4317 5975
688 411 1295 515 ,·-=115'-,²

120 624 395 743 immobilibus,
423 626 456 711 si
480 628 573 713 iare
601 602 917 738 prasentacionis
939 660 993 716 ac
1021 634 1109 716 vice
1136 649 1300 718 retento
1326 632 1537 719 domicum
1557 632 1741 719 clauum
1776 651 1908 720 recto·

12 764 16 901 q
114 766 191 823 rem
219 737 384 827 ecclesie
412 737 761 827 tbumboberradb
790 742 1060 830 fidelissimum
1089 772 1139 825 ao
1165 742 1463 833 dilectissimum
1476 744 1761 854 cappellanum
1776 772 1909 830 meum

12 902 14 937 r
113 852 319 939 intruere
351 848 459 934 inira
488 868 673 935 octauam
698 852 916 939 beatorum
945 855 1220 963 apostolorum
1250 858 1356 964 petri
1386 863 1426 936 δι
1446 856 1561 963 pauli
1575 853 1907 942 dominiustrea·
2039 864 2043 876 '

12 950 15 1143 Ι
114 963 294 1071 gerrensis
315 958 489 1071 dignum
518 964 682 1047 duxerit
710 967 754 1047 in
781 964 935 1063 eadem,
966 968 1027 1049 siu
1064 987 1197 1053 autem
1228 969 1356 1053 solam
1393 968 1545 1050 cariam
1587 969 1631 1049 in
1665 967 1910 1058 ramshsmar

12 1144 14 1167 ,
111 1070 289 1183 predicte
314 1072 482 1159 ecclesie
508 1073 689 1172 confero,
706 1078 844 1171 ‚Curia
872 1076 1029 1177 ddistm
1059 1075 1113 1166 ad
1143 1076 1284 1159 eredes
1314 1106 1422 1160 meos
1450 1077 1660 1175 deuolute,
1695 1082 1801 1180 Jtem
1842 1108 1908 1159 ve·
1971 1118 1975 1125 ·

12 1196 14 1207 “
108 1184 274 1265 acrabili
301 1183 411 1291 patri
453 1182 618 1269 domino
657 1186 827 1271 anundo
869 1188 934 1273 dei
975 1190 1112 1298 gracia
1153 1190 1431 1296 strengeasasi
1473 1191 1664 1297 episcopo
1705 1190 1798 1296 lego
1838 1218 1909 1281 vas

12 1388 14 1409 ,
112 1320 234 1377 mcum
262 1310 500 1403 argenteum
530 1295 770 1381 deauratum
798 1328 889 1385 cum
927 1300 1030 1409 pede
1070 1317 1114 1383 et
1151 1300 1443 1408 cooperculum
1486 1298 1677 1396 eiusdem,
1718 1316 1758 1390 ct
1795 1301 1908 1414 pale-

109 1402 255 1487 bcdem
286 1433 417 1489 meum
447 1408 665 1505 meliorem,
694 1414 758 1493 lta
787 1427 922 1495 tamen
951 1410 1063 1521 quod
1093 1439 1157 1495 me
1191 1410 1333 1493 reddat
1360 1411 1583 1523 quietatum
1606 1438 1729 1519 super
1742 1409 1908 1497 decimis

12 1484 14 1603 l
107 1515 266 1599 ecclesie
290 1522 572 1626 atmngenensi
599 1548 701 1629 quas
730 1524 773 1605 in
801 1521 1019 1605 westcrrek
1051 1540 1194 1607 mutuo
1222 1526 1369 1631 recepi,
1397 1525 1500 1605 Jtem
1530 1550 1608 1629 pro
1622 1521 1907 1631 redempcione

12 1604 14 1697 l
105 1630 231 1713 crucis
260 1646 436 1711 assumto
464 1660 541 1739 pro
570 1633 712 1740 viginti
735 1649 919 1743 quatuor
948 1634 1120 1725 marchis
1148 1635 1363 1723 examinati
1397 1635 1557 1743 argenti
1591 1634 1742 1719 curiam
1781 1662 1907 1727 meam
1968 1633 1998 1741 ⁸,

109 1740 289 1823 barnaem
318 1740 500 1851 obbliga
530 1742 634 1823 infra
664 1742 836 1827 duorum
865 1773 1066 1829 annorum
1093 1748 1274 1854 spacium
1304 1742 1584 1853 persoluende,
1613 1743 1779 1825 relicum
1816 1774 1906 1852 pre-
2058 1764 2065 1779 '

106 1853 204 1933 mam
220 1850 401 1933 eiusdem
418 1855 528 1935 curie
543 1883 634 1935 cnm
656 1857 770 1939 curia
795 1883 879 1937 mea
904 1857 1116 1965 skyldaeby‘·
1137 1886 1226 1939 cum
1250 1857 1468 1950 attinencia
1493 1883 1564 1935 sua
1590 1854 1907 1944 videlicetthor·

110 1980 294 2045 munastae
308 1962 479 2061 bolstad,
497 1994 545 2047 ac
559 1968 670 2049 curia
688 1993 774 2047 mea
790 1966 1048 2076 maeldrungae
1061 1966 1210 2049 ordino
1226 1994 1302 2076 pro
1316 1967 1585 2076 quadraginta
1599 1966 1772 2054 marchis
1789 1994 1905 2048 vsua·

109 2074 325 2155 lismonete
355 2074 533 2183 geraddo
562 2074 764 2183 bogbulth
792 2080 874 2161 ciui
905 2079 1122 2179 libicensi,
1152 2108 1200 2161 ac
1229 2079 1377 2161 debitis
1404 2078 1741 2188 quibuscumque,
1762 2078 1906 2185 'preter

107 2182 233 2265 debita
263 2185 417 2265 ciuicam
446 2188 707 2269 amsiensium
734 2218 781 2270 ac
826 2218 901 2299 pro
938 2192 1078 2297 legatis
1122 2192 1199 2298 piis
1242 2191 1340 2271 locis
1380 2187 1585 2271 soluendis
1625 2190 1904 2299 infrascriptis,
1936 2285 1941 2291 ,

108 2296 275 2379 Ecclesie
306 2300 500 2379 arusiensi
529 2298 566 2383 le
592 2328 619 2380 o
648 2315 728 2379 tres
772 2302 950 2381 marchas
989 2303 1161 2411 argenti.
1205 2330 1252 2382 ac
1293 2299 1498 2399 dimidiam
1544 2298 1685 2382 boram
1727 2317 1832 2383 terre
1859 2305 1904 2381 in

109 2405 388 2515 mydlyngasbir
416 2407 468 2488 ad
498 2328 747 2517 prebendam
778 2411 932 2491 dommi
961 2413 1130 2522 haqnini
1168 2414 1352 2491 canonici
1389 2410 1550 2507 ibidem,
1584 2411 1778 2491 fratribus
1811 2441 1903 2522 pre·

27 2597 33 2611 ,
109 2516 347 2600 dicatoribus
374 2517 522 2601 ibidem
553 2537 634 2600 tres
662 2549 815 2603 marcas
845 2522 1012 2629 argenti.
1058 2524 1251 2605 fratribus
1286 2524 1338 2603 de
1365 2522 1587 2630 argbughae
1613 2540 1695 2603 tres
1723 2523 1904 2603 marchas

108 2631 266 2739 argenti,
299 2657 346 2713 ac
374 2656 493 2713 rnatu
522 2630 707 2739 lagenam
738 2634 876 2730 butiri,
913 2635 1016 2719 duos
1050 2635 1255 2740 thynones
1290 2635 1472 2742 siliginis,
1513 2659 1636 2713 vnum
1671 2635 1902 2730 tentorium,

108 2769 214 2823 vnam
242 2768 404 2839 nauem,
434 2743 679 2825 Monasterio
708 2744 826 2837 fotbc
855 2761 937 2825 tres
966 2745 1147 2825 marchas
1174 2748 1343 2853 argenti,
1374 2744 1570 2827 fratribus
1607 2746 1902 2853 strengenensi·

106 2852 173 2933 bus
199 2870 284 2935 tres
313 2854 497 2937 marchas
524 2856 695 2962 argenti,
724 2854 936 2937 Fratribus
964 2856 1189 2939 minoribns
1217 2856 1268 2937 de
1303 2854 1539 2936 stukholmh
1588 2871 1670 2935 tres
1720 2857 1902 2939 marchas

104 2968 264 3072 argenti,
290 2965 443 3074 Domuj
471 2982 609 3050 sancte
646 2967 753 3048 clare
795 2987 876 3050 tres
919 2968 1102 3052 marchas
1143 2967 1312 3075 argenti,
1355 2966 1511 3052 Deinde
1546 2965 1714 3046 cuilibet
1761 2967 1901 3076 domuj

105 3076 377 3185 religiosorum
407 3079 448 3158 in
478 3105 605 3186 regno
633 3081 779 3160 swecic
808 3081 1026 3161 constitute
1061 3106 1183 3158 vnarn
1222 3079 1421 3160 marcham
1459 3079 1627 3186 argenti,
1673 3077 1717 3185 jn
1758 3102 1901 3188 supra·

106 3185 212 3268 dictis
241 3190 377 3272 tribus
412 3190 585 3270 marchis
634 3183 781 3272 usualis
818 3206 977 3270 monete
1024 3191 1266 3298 compotatis
1303 3217 1380 3296 pro
1416 3216 1494 3269 vna
1531 3188 1693 3270 marcha
1729 3191 1900 3296 argenti,

103 3300 198 3383 item
225 3299 398 3382 cuilibet
426 3301 589 3386 ecclesie
618 3302 660 3381 in
692 3330 773 3411 qua
800 3303 1051 3386 mansionem
1094 3301 1226 3388 habeo
1271 3328 1389 3380 vnam
1432 3297 1657 3379 sollidatam
1699 3318 1817 3397 terre,
1860 3309 1936 3384 et*
2001 3392 2006 3402 .

108 3428 236 3494 carata
265 3410 444 3494 eiusdem
474 3440 592 3492 vnam
623 3439 811 3510 waccam,
847 3414 950 3492 ltem
988 3413 1150 3493 skuloni
1188 3412 1269 3519 cinj
1311 3413 1504 3491 arosiensi
1545 3414 1704 3519 assigno
1748 3413 1900 3496 curiam

105 3549 220 3604 meam
250 3526 293 3604 in
324 3522 427 3621 rabir
456 3551 548 3602 oum
578 3522 720 3631 predio
750 3525 789 3602 in
828 3523 1033 3604 cumblum
1071 3552 1148 3633 pro
1186 3523 1324 3602 debito
1357 3550 1433 3602 suo
1474 3523 1531 3629 jta
1576 3519 1690 3630 quod
1713 3523 1900 3632 'recipiat

105 3634 318 3742 quamlibet
350 3629 577 3716 collidatam
606 3661 682 3741 pro
711 3652 888 3744 quatuor
917 3635 1090 3716 marchis
1125 3634 1398 3730 denariorum,
1432 3635 1495 3713 sin
1529 3649 1662 3713 autem
1692 3635 1809 3714 curia
1846 3633 1898 3714 ad
1962 3635 1968 3642 ’

32 3739 39 3744 ’
103 3743 228 3826 eredes
257 3773 368 3828 meas
398 3743 537 3828 redeat
565 3761 606 3826 et
634 3747 710 3852 ipsi
736 3745 924 3826 ‘debitum
954 3745 1202 3854 persoluent,
1230 3748 1336 3825 item
1374 3747 1525 3826 curiam
1564 3770 1693 3822 meam
1733 3745 1898 3855 byrgbae

104 3858 253 3964 assigno
288 3857 432 3938 ceteris
472 3858 767 3940 mercatoribus
795 3861 923 3938 arosie
951 3887 1026 3967 pro
1056 3855 1203 3938 debitis
1244 3852 1478 3952 eorundem,
1521 3855 1554 3934 si
1597 3853 1703 3933 infra
1742 3885 1898 3938 ,annum
1982 3862 1984 3865 ’

106 3991 178 4045 non
206 3967 361 4048 fuerint
390 3967 607 4076 persoluta,
637 3969 739 4048 Jtem
783 3967 1003 4076 predilecte
1046 3974 1165 4052 vxori
1208 3995 1292 4047 mee
1334 3965 1575 4075 ingeborghi
1620 3993 1696 4072 pro
1738 3967 1895 4051 cambio
1995 4018 2000 4022 -
2086 3985 2094 4000 ’

105 4079 296 4158 curiarum
326 4107 490 4159 suarum
520 4080 707 4173 naeuistae,
736 4077 960 4177 skiddaebir
1005 4077 1271 4186 fyellastatha,
1315 4079 1516 4184 assignari
1553 4076 1778 4166 froshamar
1806 4107 1896 4159 cum

105 4189 325 4270 attinenciis
356 4189 540 4286 locauaes,
568 4207 608 4270 et
638 4190 883 4286 molendino,
911 4219 1005 4270 cum
1038 4188 1180 4297 predio
1209 4187 1341 4268 sudrae
1369 4190 1579 4285 aedraenaes,
1601 4188 1738 4266 ambas
1766 4193 1897 4268 curias

107 4297 142 4377 in
167 4301 278 4400 asbi,
309 4301 472 4381 Curiam
502 4301 542 4379 in
572 4297 737 4397 danaro,
766 4329 855 4381 cum
893 4300 1060 4409 singulis
1096 4302 1323 4380 attinenciis
1351 4298 1579 4394 earundem,
1615 4302 1790 4406 insuper
1827 4328 1898 4379 cu·
2030 4322 2033 4327 ⁴

105 4411 191 4490 riam
215 4412 394 4494 borustae
419 4438 500 4522 pro
528 4413 650 4492 tercia
679 4413 757 4491 sibi
785 4410 920 4492 debita
950 4413 1000 4492 de
1030 4411 1182 4521 prediis
1211 4440 1284 4518 per
1323 4437 1384 4489 me
1420 4414 1545 4508 emtis,
1574 4413 1779 4517 Expcnsas
1814 4438 1895 4518 que
1936 4479 1941 4486 .

12 4529 14 4614 l
103 4525 259 4612 suntin
288 4517 467 4622 s'udaebir,
496 4537 537 4601 ct
566 4523 801 4619 frcshamar,
828 4522 979 4604 ordino
1007 4523 1057 4604 ad
1088 4523 1296 4632 exsequias
1324 4525 1511 4602 tricesimi
1546 4523 1643 4600 mihi
1681 4519 1894 4617 faciendas,

48 4680 50 4686 ι
107 4631 300 4742 Expensas
327 4658 427 4714 vero
455 4637 496 4715 in
525 4631 632 4740 rydo
659 4633 711 4715 ad
740 4635 999 4718 solemniores
1027 4635 1238 4745 exsequias
1266 4661 1373 4714 meas
1407 4662 1498 4715 cum
1547 4633 1679 4740 primo
1726 4651 1895 4740 oportu-

106 4744 195 4827 nitas
229 4745 400 4827 affuerit
429 4743 716 4855 preparandas,
747 4743 950 4826 Predictas
978 4763 1113 4827 autem
1150 4747 1282 4825 curias
1317 4761 1357 4823 et
1393 4771 1587 4851 expensas
1624 4746 1664 4822 in
1703 4745 1760 4822 eis
1785 4771 1892 4822 ,con-

105 4867 224 4936 tentas
254 4855 371 4940 dictis
398 4855 717 4943 solemnitatibus
746 4855 798 4938 ad
825 4855 1035 4968 aptandas,
1065 4858 1196 4939 donec
1223 4873 1455 4936 consumate
1493 4856 1642 4936 fuerint
1672 4855 1891 4960 predilectc

105 4968 228 5052 vxoris
270 4997 353 5052 mee
390 4968 581 5079 regimim
614 4973 830 5054 »committo
869 4967 1171 5082 dispensandas,
1213 4995 1304 5052 oum
1333 4966 1615 5050 cooadintorio
1651 4965 1890 5048 dilectorum
