4317 5975
961 364 1019 383 ..
1131 321 1378 426 378...-

270 548 496 635 vendicioni
527 546 629 628 lacte
659 536 763 625 in'ter
792 572 866 626 nos
893 558 935 640 et
964 540 1114 623 dictum
1152 540 1387 649 radgernm,
1433 540 1606 625 adhibiti
1635 540 1798 623 suerunt
1826 542 2023 660 subscripti,

269 666 397 750 silicet
424 660 624 769 fartbegn,
653 654 869 765 spelbudbi
888 654 920 769 ²)
950 682 1077 764 nepos
1105 658 1203 748 eius,
1232 655 1422 735 Nicolaus
1451 656 1493 734 in
1521 680 1666 761 sungu,
1694 655 1941 764 lngieldusin
1966 664 2025 748 lla

267 777 363 871 ska,
392 771 649 880 guttbormus
678 770 719 848 in
749 764 848 847 kioll
866 767 899 883 ³]
928 769 1032 849 lilius
1060 769 1183 847 loans
1212 765 1308 847 dioti
1353 764 1473 846 lrarlrs
1498 764 1552 873 l),
1583 767 1682 847 bcro
1712 766 1881 876 kieptcr‚
1920 775 2027 882 sigbur

267 892 321 971 tle
348 883 574 991 diupuvijlr,
603 896 643 961 et
673 878 865 962 Nicolaus
894 880 1107 991 presbiteri
1144 878 1256 987 lilius
1283 879 1334 960 de
1363 876 1472 987 lijth,
1508 895 1550 959 et
1577 880 1743 987 insuper
1773 882 1813 959 in
1842 882 2028 969 tradicione

268 998 529 1110 possessionis
556 992 785 1074 huiusmodi
814 994 1024 1101 wlgariter
1051 992 1158 1072 dicta
1189 988 1403 1097 slrptniug,
1438 993 1631 1099 assumpti
1669 992 1832 1071 luerunt
1874 995 1910 1073 in
1937 1012 2028 1081 testes

268 1110 465 1191 Dominus
493 1104 724 1215 prepositus
752 1103 1029 1213 biggiulpbus
1056 1120 1099 1183 et
1128 1102 1262 1209 helghi
1291 1103 1342 1183 de
1371 1102 1478 1199 lithi‚
1515 1104 1564 1183 Jn
1596 1105 1796 1209 premissis
1825 1104 2028 1215 proloqntar

252 1222 404 1305 extitit
431 1218 685 1327 supradictus
716 1217 815 1295 bero
851 1216 1028 1325 kiepter‚
1070 1216 1120 1293 ln
1151 1214 1295 1295 horum
1325 1215 1449 1321 igitur
1477 1213 1656 1295 omnium
1680 1215 1809 1296 robur
1836 1234 1876 1296 et
1900 1217 2028 1302 cuidan-

265 1335 368 1415 aiam
400 1330 642 1440 pleniorem,
670 1329 844 1434 sigillum
872 1346 1054 1408 nostrum
1086 1326 1342 1435 presentibus
1370 1325 1559 1406 duximus
1587 1328 1885 1435 apponendum,
1913 1331 2028 1413 Datun

262 1443 616 1555 ‘apud‘ecclesiam
663 1441 766 1531 sian
822 1466 933 1519 anno
974 1437 1128 1520 domiui
1165 1437 1375 1519 lllillesimo
1410 1438 1749 1537 Tresceutesimo,
1785 1439 1923 1520 'l'ercio
1948 1442 2027 1525 Nou.

268 1585 420 1664 marcu·
640 1661 761 1743 sigillet
782 1639 945 1735 sladadt,⁸
959 1658 1121 1740 bingande
1142 1660 1181 1745 pt
1203 1680 1240 1721 eu
1263 1658 1443 1723 arbreisel
1465 1658 1567 1743 llippt
1590 1680 1698 1721 retusa.

222 1976 225 1982 Ι
282 2031 436 2158 1384.
900 2026 1048 2133 1303
1097 2024 1145 2132 d.
1201 2026 1267 2131 13
1313 2026 1489 2134 Mars..

351 2254 485 2330 llonung
509 2250 638 2311 Baiocas
660 2248 816 2308 allmrtnuu
839 2249 949 2312 deud
970 2270 1022 2309 orn
1047 2248 1244 2310 liic-svarsliisa
1276 2246 1336 2309 och
1371 2245 1562 2309 lrammaude
1585 2246 1810 2333 landsstylares
1842 2248 2027 2329 scirdrilrandr,

404 2336 474 2396 med
498 2331 731 2413 liirelaggande,
758 2342 820 2404 att,
851 2334 883 2392 sai
907 2332 977 2392 vida
1000 2334 1114 2393 acidane
1138 2350 1283 2413 personet·
1306 2334 1313 2392 i
1336 2330 1428 2391 Rilet
1450 2332 1559 2392 l'rnrnos
1581 2332 1668 2395 asco·
1700 2340 1738 2391 'en
1776 2332 1899 2393 niduads
1919 2335 1955 2394 tid
1972 2338 2029 2395 cltrr

348 2450 352 2457 ·
403 2418 502 2477 denna
525 2414 644 2492 stadgas
667 2413 884 2495 langiis-ande,
917 2414 956 2475 de
977 2414 1075 2475 slnlle
1098 2418 1157 2473 visu
1183 2415 1237 2475 bos
1270 2414 1360 2473 brem
1384 2414 1423 2473 de
1443 2436 1520 2474 roro
1543 2416 1550 2472 i
1575 2408 1677 2490 tiensl,
1710 2417 1741 2474 sd
1767 2416 1832 2475 tart
1853 2418 1918 2476 dem
1940 2428 2028 2478 rar-att

402 2500 539 2561 undvika
562 2498 670 2557 tor-tarr
691 2499 728 2556 ul
744 2500 801 2557 allt
824 2498 906 2557 lrvad
928 2498 967 2557 de
987 2500 1080 2575 agila,
1113 2497 1256 2579 spiistrall
1274 2496 1332 2555 oclr
1355 2502 1486 2557 dioneos
1507 2498 1705 2579 stynrpande‚
1738 2510 1817 2559 sanrl
1838 2497 2028 2561 elibertina

401 2582 582 2666 ylterligare
602 2602 639 2641 en
663 2581 790 2641 trrdnads
810 2583 1056 2664 qvorsladaande
1078 2584 1214 2662 undergr'r
1237 2591 1274 2639 a'n
1298 2581 1431 2641 hta-dccc
1454 2580 1659 2661 bestrall'ning.

1013 2746 1019 2758 .
1822 2662 1928 2732 [ως.
1961 2738 1962 2741 ¹

378 2803 579 2881 Btaoaaus
623 2800 699 2878 Dsi
740 2801 868 2907 gratia
897 2800 1103 2879 chorunr
1149 2798 1460 2909 Gothorumqne
1506 2800 1589 2879 Rex
1634 2798 1824 2880 omnibns
1851 2798 2028 2881 Tiundian

267 2914 585 2998 inhabitantibus
613 2912 784 3019 gratiam
827 2938 917 2991 cnm
947 2912 1084 2992 salute.
1142 2912 1244 2992 Cum
1273 2912 1382 3021 apud
1420 2911 1676 3018 Slreningiam
1720 2908 1870 2992 dudum
1915 2910 2027 2990 luimus

267 3028 496 3120 constituti,
527 3051 647 3134 quam
678 3021 837 3131 plurimi
853 3023 982 3132 Regni
1005 3025 1131 3102 nostri
1162 3024 1401 3117 nobiliores,
1431 3041 1510 3102 tam
1528 3024 1746 3102 consiliarii
1780 3025 1913 3118 nostri,
1939 3051 2026 3131 quan

265 3140 332 3220 alii
363 3137 518 3218 nobiles
546 3132 694 3214 ibidem
725 3152 1002 3229 occurrentes,
1032 3136 1246 3244 querulosa
1295 3135 1410 3214 nobis
1453 3136 1722 3214 insinuatione
1770 3151 2026 3224 monstrarunt,

265 3250 378 3362 qaod
408 3249 533 3358 ipsius
561 3247 702 3353 Regni¹
721 3246 880 3342 incolae,
912 3266 1079 3355 propter
1114 3247 1305 3326 clientum
1336 3263 1376 3326 et
1406 3275 1614 3326 cursorum
1646 3275 1692 3326 ac
1721 3247 1956 3327 Garcionum
1980 3272 2027 3319 ra-

267 3362 411 3470 gorum
440 3356 642 3438 dictorum
671 3358 871 3454 sculuara,
899 3375 940 3438 et
970 3361 1170 3466 prraeoipnc
1200 3388 1246 3440 ac
1284 3361 1448 3438 maxime
1489 3375 1775 3438 extraneorum
1813 3358 1908 3438 nulli
1935 3357 2026 3435 serri-

265 3474 416 3580 entium
450 3467 614 3550 crebros
640 3471 854 3564 transitus,
885 3487 1195 3576 pregravantur,
1224 3474 1295 3580 qui
1326 3471 1366 3548 in
1399 3470 1644 3550 nurltislocis
1664 3469 1875 3552 homicidia
1903 3465 2025 3546 occulta

264 3583 381 3665 Mord
412 3583 540 3677 dicta,
573 3579 681 3662 l'urta
709 3598 750 3660 et
781 3581 1009 3670 latrocinia,
1052 3609 1097 3660 ac
1128 3583 1203 3659 alia
1236 3580 1405 3689 plurima
1449 3581 1666 3662 forefacta
1708 3583 1962 3663 dinoscuntur
1985 3579 2028 3656 iu·

204 3719 207 3724 ·
266 3692 508 3778 tollerabilia
539 3693 789 3772 commisisse.
822 3694 904 3771 Nos
934 3690 1058 3800 igitur
1087 3693 1387 3772 considerantes
1418 3694 1877 3801 praedictaetnrbationis
1905 3691 2027 3800 pcricu·

266 3809 350 3898 lam
381 3807 590 3886 imminens
621 3801 944 3913 praecavendum,
973 3807 1074 3883 DEo
1104 3808 1265 3912 auspice
1294 3834 1343 3884 ex
1374 3806 1592 3913 peritorum
1619 3827 1847 3887 nostrorum
1877 3801 2027 3886 oonsilio,

218 3943 223 3950 ’
266 3917 551 4028 praedictorum
582 3913 887 3995 malefactorum
917 3915 1095 3996 audaoiae
1124 3918 1243 3997 celeri
1285 3915 1460 3996 remedio
1490 3918 1655 3997 obviare
1696 3919 1931 4028 quantocius
1955 3908 2029 3990 alle-

266 4050 440 4126 ctamus,
469 4056 520 4109 ne
550 4029 591 4108 in
621 4027 815 4133 jacturam
847 4032 957 4134 pacis
986 4027 1219 4135 hujusmodi
1249 4027 1415 4108 audacia
1458 4045 1636 4110 transeat
1679 4029 1898 4140 iurpunita3
1939 4019 2026 4103 Unde

267 4173 340 4253 per
369 4138 526 4224 eosdem
553 4139 802 4220 consiliarios
831 4155 990 4219 nostros
1018 4142 1090 4250 qui
1119 4156 1217 4220 tunc
1247 4137 1430 4235 aderant,
1474 4141 1661 4220 duximus
1699 4141 1961 4230 statuendum,
1995 4149 2026 4211 ttt

265 4257 500 4368 quicunqne
543 4249 677 4331 Cliens
721 4249 783 4331 tel
814 4251 964 4330 Cursor
993 4281 1062 4332 seu
1093 4251 1242 4334 Garico
1281 4279 1421 4360 vagus,
1468 4251 1567 4332 nulli
1597 4259 1773 4336 serviens
1806 4269 1848 4333 ut
1876 4240 2028 4360 praedixi·

266 4396 373 4459 mus,
404 4367 590 4445 inventus
621 4361 742 4441 luerit
771 4365 811 4440 in
840 4363 982 4468 Regno
1016 4361 1280 4472 vagabundus
1321 4381 1360 4443 et
1404 4364 1619 4445 Dominum
1664 4367 1729 4445 cni
1774 4366 1930 4456 serviat,
1965 4379 2023 4435 nott

200 4499 206 4504 “
265 4476 487 4561 ostenderit
517 4471 621 4554 infra
653 4502 826 4552 mensem
858 4503 979 4554 unum
1013 4492 1103 4582 post
1143 4475 1455 4583 publicationem
1502 4479 1777 4583 praesentium,
1824 4501 1933 4586 quam
1969 4463 2024 4546 sibi

266 4617 344 4698 pro
371 4591 545 4671 termino
575 4589 845 4696 peremptorie
875 4587 1123 4690 assignamus
1151 4587 1285 4667 viatici
1316 4589 1566 4682 testimonio,
1604 4589 1667 4668 vel
1697 4619 1770 4698 per
1801 4577 2024 4697 patenteslit·

183 4743 193 4756 ’
268 4719 394 4796 teras,
421 4727 490 4779 seu
519 4698 606 4779 aliis
635 4697 925 4777 sufficientibus
955 4699 1235 4796 Documentis,
1278 4701 1408 4806 ipsum
1453 4725 1583 4808 poena
1621 4704 1841 4784 amissionis
1879 4689 2021 4779 omnium

264 4887 539 4915 ...,..-...-....

307 4954 337 5024 2)
360 4949 373 5011 l
394 4945 511 5009 Ascla:
534 4941 702 5026 lartbigign
726 4941 915 5028 spiaelbudbi.
959 4943 989 5022 3)
1011 4945 1022 5004 l
1044 4943 1152 5005 alala:
1177 4941 1245 5022 iol.
1287 4943 1318 5022 4)
1340 4945 1355 5006 l
1378 4943 1486 5006 ablat
1509 4943 1612 5008 Karls.
