<?xml version="1.0" encoding="UTF-8"?>
<!DOCTYPE html PUBLIC "-//W3C//DTD XHTML 1.0 Transitional//EN"
    "http://www.w3.org/TR/xhtml1/DTD/xhtml1-transitional.dtd">
<html xmlns="http://www.w3.org/1999/xhtml" xml:lang="en" lang="en">
 <head>
  <title>
</title>
<meta http-equiv="Content-Type" content="text/html;charset=utf-8" />
  <meta name='ocr-system' content='tesseract 3.04.00' />
  <meta name='ocr-capabilities' content='ocr_page ocr_carea ocr_par ocr_line ocrx_word'/>
</head>
<body>
  <div class='ocr_page' id='page_1' title='image "./svensktdiplomat01swegoog/svensktdiplomat01swegoog_0068.png"; bbox 0 0 4317 5975; ppageno 0'>
   <div class='ocr_carea' id='block_1_1' title="bbox 784 392 1311 485">
    <p class='ocr_par' dir='ltr' id='par_1_1' title="bbox 784 392 1311 485">
     <span class='ocr_line' id='line_1_1' title="bbox 784 392 1311 485; baseline -0.004 0"><span class='ocrx_word' id='word_1_1' title='bbox 784 400 1004 485; x_wconf 78' lang='lat'><strong>-&#39;55</strong></span> <span class='ocrx_word' id='word_1_2' title='bbox 1112 392 1311 469; x_wconf 72' lang='lat'><strong>-&#39;</strong></span> 
     </span>
    </p>
   </div>
   <div class='ocr_carea' id='block_1_2' title="bbox 23 606 2136 4525">
    <p class='ocr_par' dir='ltr' id='par_1_2' title="bbox 32 606 1876 740">
     <span class='ocr_line' id='line_1_2' title="bbox 32 606 1876 740; baseline 0.001 -37"><span class='ocrx_word' id='word_1_3' title='bbox 32 622 35 703; x_wconf 75' lang='lat' dir='ltr'><strong>l</strong></span> <span class='ocrx_word' id='word_1_4' title='bbox 75 606 78 616; x_wconf 35' lang='lat'>¹</span> <span class='ocrx_word' id='word_1_5' title='bbox 111 624 250 713; x_wconf 78' lang='lat' dir='ltr'><strong>fideliter</strong></span> <span class='ocrx_word' id='word_1_6' title='bbox 277 616 492 719; x_wconf 75' lang='lat' dir='ltr'><strong>astabimus</strong></span> <span class='ocrx_word' id='word_1_7' title='bbox 521 648 598 729; x_wconf 92' lang='lat' dir='ltr'><strong>pro</strong></span> <span class='ocrx_word' id='word_1_8' title='bbox 627 647 743 729; x_wconf 86' lang='lat' dir='ltr'><strong>posse</strong></span> <span class='ocrx_word' id='word_1_9' title='bbox 772 637 913 701; x_wconf 92' lang='lat' dir='ltr'><strong>nostro</strong></span> <span class='ocrx_word' id='word_1_10' title='bbox 941 619 994 701; x_wconf 89' lang='lat' dir='ltr'><strong>ad</strong></span> <span class='ocrx_word' id='word_1_11' title='bbox 1022 621 1154 703; x_wconf 82' lang='lat' dir='ltr'><strong>talem·</strong></span> <span class='ocrx_word' id='word_1_12' title='bbox 1171 637 1412 734; x_wconf 19' lang='lat' dir='ltr'><strong>&#39;extraneum</strong></span> <span class='ocrx_word' id='word_1_13' title='bbox 1455 619 1665 704; x_wconf 88' lang='lat' dir='ltr'><strong>dominum</strong></span> <span class='ocrx_word' id='word_1_14' title='bbox 1708 623 1763 704; x_wconf 88' lang='lat' dir='ltr'><strong>ab</strong></span> <span class='ocrx_word' id='word_1_15' title='bbox 1800 619 1876 740; x_wconf 67' lang='lat' dir='ltr'><strong>eis·</strong></span> 
     </span>
    </p>

    <p class='ocr_par' dir='ltr' id='par_1_3' title="bbox 32 702 1878 843">
     <span class='ocr_line' id='line_1_3' title="bbox 32 702 1878 843; baseline -0.003 -25"><span class='ocrx_word' id='word_1_16' title='bbox 32 730 34 805; x_wconf 88' lang='lat' dir='ltr'><strong>l</strong></span> <span class='ocrx_word' id='word_1_17' title='bbox 112 740 182 823; x_wconf 91' lang='lat' dir='ltr'><strong>dem</strong></span> <span class='ocrx_word' id='word_1_18' title='bbox 205 727 436 813; x_wconf 82' lang='lat' dir='ltr'><strong>rurensihus</strong></span> <span class='ocrx_word' id='word_1_19' title='bbox 475 731 750 812; x_wconf 86' lang='lat' dir='ltr'><strong>introductum</strong></span> <span class='ocrx_word' id='word_1_20' title='bbox 794 760 886 812; x_wconf 89' lang='lat' dir='ltr'><strong>cum</strong></span> <span class='ocrx_word' id='word_1_21' title='bbox 925 723 1017 812; x_wconf 73' lang='lat' dir='ltr'><strong>suis¹</strong></span> <span class='ocrx_word' id='word_1_22' title='bbox 1051 726 1282 814; x_wconf 83' lang='lat' dir='ltr'><strong>fautoribus</strong></span> <span class='ocrx_word' id='word_1_23' title='bbox 1309 741 1348 815; x_wconf 99' lang='grc'><strong>8(</strong></span> <span class='ocrx_word' id='word_1_24' title='bbox 1381 732 1646 843; x_wconf 91' lang='lat' dir='ltr'><strong>complicibus</strong></span> <span class='ocrx_word' id='word_1_25' title='bbox 1674 702 1878 842; x_wconf 63' lang='lat' dir='ltr'><strong>expelled-</strong></span> 
     </span>
    </p>

    <p class='ocr_par' dir='ltr' id='par_1_4' title="bbox 31 841 1880 953">
     <span class='ocr_line' id='line_1_4' title="bbox 31 841 1880 953; baseline -0.006 -19"><span class='ocrx_word' id='word_1_26' title='bbox 31 922 32 953; x_wconf 21' lang='grc' dir='ltr'>ἰ</span> <span class='ocrx_word' id='word_1_27' title='bbox 110 848 185 934; x_wconf 89' lang='lat' dir='ltr'><strong>dum</strong></span> <span class='ocrx_word' id='word_1_28' title='bbox 210 844 248 925; x_wconf 92' lang='lat' dir='ltr'><strong>Si</strong></span> <span class='ocrx_word' id='word_1_29' title='bbox 277 869 375 924; x_wconf 88' lang='lat' dir='ltr'><strong>vero</strong></span> <span class='ocrx_word' id='word_1_30' title='bbox 403 841 595 952; x_wconf 81' lang='lat' dir='ltr'><strong>sepedicti</strong></span> <span class='ocrx_word' id='word_1_31' title='bbox 625 860 872 951; x_wconf 83' lang='lat' dir='ltr'><strong>gotcnenses</strong></span> <span class='ocrx_word' id='word_1_32' title='bbox 894 842 1067 925; x_wconf 90' lang='lat' dir='ltr'><strong>eundem</strong></span> <span class='ocrx_word' id='word_1_33' title='bbox 1109 841 1319 924; x_wconf 87' lang='lat' dir='ltr'><strong>dominum</strong></span> <span class='ocrx_word' id='word_1_34' title='bbox 1354 861 1545 925; x_wconf 87' lang='lat' dir='ltr'><strong>nostrum</strong></span> <span class='ocrx_word' id='word_1_35' title='bbox 1583 848 1631 933; x_wconf 82' lang='lat' dir='ltr'><strong>iu</strong></span> <span class='ocrx_word' id='word_1_36' title='bbox 1660 848 1787 940; x_wconf 70' lang='lat' dir='ltr'><strong>,iure¹</strong></span> <span class='ocrx_word' id='word_1_37' title='bbox 1804 871 1880 925; x_wconf 90' lang='lat' dir='ltr'><strong>suo</strong></span> 
     </span>
    </p>

    <p class='ocr_par' dir='ltr' id='par_1_5' title="bbox 31 952 1881 1071">
     <span class='ocr_line' id='line_1_5' title="bbox 110 952 1881 1065; baseline -0.002 -25.171"><span class='ocrx_word' id='word_1_38' title='bbox 110 988 186 1040; x_wconf 88' lang='lat' dir='ltr'><strong>ausu</strong></span> <span class='ocrx_word' id='word_1_39' title='bbox 214 954 425 1036; x_wconf 83' lang='lat' dir='ltr'><strong>temerario</strong></span> <span class='ocrx_word' id='word_1_40' title='bbox 453 952 701 1062; x_wconf 89' lang='lat' dir='ltr'><strong>perturbare.</strong></span> <span class='ocrx_word' id='word_1_41' title='bbox 724 957 1056 1064; x_wconf 83' lang='lat' dir='ltr'><strong>presumpserint,</strong></span> <span class='ocrx_word' id='word_1_42' title='bbox 1088 954 1154 1036; x_wconf 90' lang='lat' dir='ltr'><strong>uel</strong></span> <span class='ocrx_word' id='word_1_43' title='bbox 1176 956 1217 1035; x_wconf 93' lang='lat' dir='ltr'><strong>in</strong></span> <span class='ocrx_word' id='word_1_44' title='bbox 1234 955 1373 1065; x_wconf 89' lang='lat' dir='ltr'><strong>aliquo</strong></span> <span class='ocrx_word' id='word_1_45' title='bbox 1387 955 1782 1038; x_wconf 80' lang='lat' dir='ltr'><strong>rebellesextiterlnt</strong></span> <span class='ocrx_word' id='word_1_46' title='bbox 1795 956 1881 1038; x_wconf 88' lang='lat' dir='ltr'><strong>Nos</strong></span> 
     </span>
    </p>

    <p class='ocr_par' dir='ltr' id='par_1_6' title="bbox 31 1062 1996 1399">
     <span class='ocr_line' id='line_1_6' title="bbox 31 1062 1996 1181; baseline -0.001 -32"><span class='ocrx_word' id='word_1_47' title='bbox 31 1072 33 1121; x_wconf 75' lang='lat' dir='ltr'><strong>l</strong></span> <span class='ocrx_word' id='word_1_48' title='bbox 109 1098 164 1181; x_wconf 89' lang='lat' dir='ltr'><strong>per</strong></span> <span class='ocrx_word' id='word_1_49' title='bbox 186 1068 336 1148; x_wconf 85' lang='lat' dir='ltr'><strong>litteras</strong></span> <span class='ocrx_word' id='word_1_50' title='bbox 363 1062 540 1145; x_wconf 89' lang='lat' dir='ltr'><strong>eiusdem</strong></span> <span class='ocrx_word' id='word_1_51' title='bbox 569 1064 723 1146; x_wconf 89' lang='lat' dir='ltr'><strong>domiui</strong></span> <span class='ocrx_word' id='word_1_52' title='bbox 760 1068 889 1147; x_wconf 91' lang='lat' dir='ltr'><strong>nostri</strong></span> <span class='ocrx_word' id='word_1_53' title='bbox 917 1067 1069 1147; x_wconf 83' lang='lat' dir='ltr'><strong>moniti</strong></span> <span class='ocrx_word' id='word_1_54' title='bbox 1111 1067 1282 1147; x_wconf 91' lang='lat' dir='ltr'><strong>nuncios</strong></span> <span class='ocrx_word' id='word_1_55' title='bbox 1323 1094 1418 1147; x_wconf 90' lang='lat' dir='ltr'><strong>suos</strong></span> <span class='ocrx_word' id='word_1_56' title='bbox 1459 1069 1597 1177; x_wconf 89' lang='lat' dir='ltr'><strong>siquos</strong></span> <span class='ocrx_word' id='word_1_57' title='bbox 1624 1066 1675 1149; x_wconf 92' lang='lat' dir='ltr'><strong>ad</strong></span> <span class='ocrx_word' id='word_1_58' title='bbox 1707 1094 1782 1147; x_wconf 92' lang='lat' dir='ltr'><strong>nos</strong></span> <span class='ocrx_word' id='word_1_59' title='bbox 1810 1065 1882 1148; x_wconf 91' lang='lat' dir='ltr'><strong>de·</strong></span> <span class='ocrx_word' id='word_1_60' title='bbox 1993 1076 1996 1079; x_wconf 75' lang='grc'><strong><em>’</em></strong></span> 
     </span>
     <span class='ocr_line' id='line_1_7' title="bbox 106 1174 1881 1289; baseline -0.001 -27"><span class='ocrx_word' id='word_1_61' title='bbox 106 1176 286 1262; x_wconf 73' lang='lat' dir='ltr'><strong>elinandus</strong></span> <span class='ocrx_word' id='word_1_62' title='bbox 313 1174 475 1261; x_wconf 86' lang='lat' dir='ltr'><strong>duxerit</strong></span> <span class='ocrx_word' id='word_1_63' title='bbox 507 1176 730 1257; x_wconf 89' lang='lat' dir='ltr'><strong>honestiori</strong></span> <span class='ocrx_word' id='word_1_64' title='bbox 759 1176 992 1287; x_wconf 86' lang='lat' dir='ltr'><strong>modoque</strong></span> <span class='ocrx_word' id='word_1_65' title='bbox 1021 1180 1247 1287; x_wconf 86' lang='lat' dir='ltr'><strong>poterimus</strong></span> <span class='ocrx_word' id='word_1_66' title='bbox 1279 1175 1513 1287; x_wconf 83' lang='lat' dir='ltr'><strong>colligemus</strong></span> <span class='ocrx_word' id='word_1_67' title='bbox 1549 1177 1735 1287; x_wconf 83' lang='lat' dir='ltr'><strong>juuando&#39;</strong></span> <span class='ocrx_word' id='word_1_68' title='bbox 1769 1178 1881 1289; x_wconf 84' lang='lat' dir='ltr'><strong>ipsos</strong></span> 
     </span>
     <span class='ocr_line' id='line_1_8' title="bbox 106 1287 1974 1399; baseline 0.003 -26"><span class='ocrx_word' id='word_1_69' title='bbox 106 1292 189 1373; x_wconf 88' lang='lat' dir='ltr'><strong>infra</strong></span> <span class='ocrx_word' id='word_1_70' title='bbox 214 1293 350 1368; x_wconf 88' lang='lat' dir='ltr'><strong>muros</strong></span> <span class='ocrx_word' id='word_1_71' title='bbox 377 1289 553 1369; x_wconf 88' lang='lat' dir='ltr'><strong>ciuitatis</strong></span> <span class='ocrx_word' id='word_1_72' title='bbox 581 1303 718 1369; x_wconf 90' lang='lat' dir='ltr'><strong>nostre</strong></span> <span class='ocrx_word' id='word_1_73' title='bbox 747 1289 923 1369; x_wconf 90' lang='lat' dir='ltr'><strong>consiliis</strong></span> <span class='ocrx_word' id='word_1_74' title='bbox 952 1289 1179 1371; x_wconf 84' lang='lat' dir='ltr'><strong>&amp;auxiliis</strong></span> <span class='ocrx_word' id='word_1_75' title='bbox 1207 1287 1358 1398; x_wconf 90' lang='lat' dir='ltr'><strong>quibus</strong></span> <span class='ocrx_word' id='word_1_76' title='bbox 1393 1287 1615 1399; x_wconf 86' lang='lat' dir='ltr'><strong>poterimus</strong></span> <span class='ocrx_word' id='word_1_77' title='bbox 1652 1316 1730 1397; x_wconf 89' lang='lat' dir='ltr'><strong>pro</strong></span> <span class='ocrx_word' id='word_1_78' title='bbox 1762 1291 1881 1375; x_wconf 84' lang='lat' dir='ltr'><strong>iusti·</strong></span> <span class='ocrx_word' id='word_1_79' title='bbox 1967 1372 1974 1379; x_wconf 90' lang='lat'><strong>.</strong></span> 
     </span>
    </p>

    <p class='ocr_par' dir='ltr' id='par_1_7' title="bbox 29 1397 1880 1512">
     <span class='ocr_line' id='line_1_9' title="bbox 29 1397 1880 1512; baseline -0.001 -25"><span class='ocrx_word' id='word_1_80' title='bbox 29 1400 31 1487; x_wconf 92' lang='lat' dir='ltr'><strong>l</strong></span> <span class='ocrx_word' id='word_1_81' title='bbox 106 1406 152 1484; x_wconf 86' lang='lat' dir='ltr'><strong>cia</strong></span> <span class='ocrx_word' id='word_1_82' title='bbox 175 1400 222 1480; x_wconf 91' lang='lat' dir='ltr'><strong>ab</strong></span> <span class='ocrx_word' id='word_1_83' title='bbox 251 1398 397 1480; x_wconf 89' lang='lat' dir='ltr'><strong>eisdem</strong></span> <span class='ocrx_word' id='word_1_84' title='bbox 435 1400 671 1480; x_wconf 89' lang='lat' dir='ltr'><strong>rurensihus</strong></span> <span class='ocrx_word' id='word_1_85' title='bbox 700 1398 978 1510; x_wconf 88' lang='lat' dir='ltr'><strong>extorquenda</strong></span> <span class='ocrx_word' id='word_1_86' title='bbox 1009 1404 1113 1482; x_wconf 92' lang='lat' dir='ltr'><strong>Jtem</strong></span> <span class='ocrx_word' id='word_1_87' title='bbox 1140 1401 1175 1480; x_wconf 88' lang='lat' dir='ltr'><strong>si</strong></span> <span class='ocrx_word' id='word_1_88' title='bbox 1203 1399 1362 1510; x_wconf 88' lang='lat' dir='ltr'><strong>aliquos</strong></span> <span class='ocrx_word' id='word_1_89' title='bbox 1398 1397 1457 1481; x_wconf 91' lang='lat' dir='ltr'><strong>de.</strong></span> <span class='ocrx_word' id='word_1_90' title='bbox 1486 1425 1614 1512; x_wconf 79' lang='lat' dir='ltr'><strong>regnu</strong></span> <span class='ocrx_word' id='word_1_91' title='bbox 1639 1406 1793 1498; x_wconf 83' lang='lat' dir='ltr'><strong>sweoie</strong></span> <span class='ocrx_word' id='word_1_92' title='bbox 1809 1398 1880 1487; x_wconf 69' lang='lat' dir='ltr'><strong>md</strong></span> 
     </span>
    </p>

    <p class='ocr_par' dir='ltr' id='par_1_8' title="bbox 104 1510 1881 1621">
     <span class='ocr_line' id='line_1_10' title="bbox 104 1510 1881 1621; baseline 0.001 -25"><span class='ocrx_word' id='word_1_93' title='bbox 104 1515 283 1596; x_wconf 86' lang='lat' dir='ltr'><strong>ciuitatem</strong></span> <span class='ocrx_word' id='word_1_94' title='bbox 313 1526 491 1591; x_wconf 85' lang='lat' dir='ltr'><strong>nostram</strong></span> <span class='ocrx_word' id='word_1_95' title='bbox 520 1511 723 1592; x_wconf 88' lang='lat' dir='ltr'><strong>declinare</strong></span> <span class='ocrx_word' id='word_1_96' title='bbox 751 1512 968 1620; x_wconf 85' lang='lat' dir='ltr'><strong>contigerit</strong></span> <span class='ocrx_word' id='word_1_97' title='bbox 1007 1534 1113 1621; x_wconf 89' lang='lat' dir='ltr'><strong>quos</strong></span> <span class='ocrx_word' id='word_1_98' title='bbox 1153 1511 1413 1592; x_wconf 84' lang='lat' dir='ltr'><strong>manifestum</strong></span> <span class='ocrx_word' id='word_1_99' title='bbox 1442 1515 1483 1592; x_wconf 90' lang='grc'><strong>8(</strong></span> <span class='ocrx_word' id='word_1_100' title='bbox 1510 1510 1718 1591; x_wconf 90' lang='lat' dir='ltr'><strong>notorium</strong></span> <span class='ocrx_word' id='word_1_101' title='bbox 1742 1524 1881 1598; x_wconf 63' lang='lat' dir='ltr'><strong>est‘rce</strong></span> 
     </span>
    </p>

    <p class='ocr_par' dir='ltr' id='par_1_9' title="bbox 103 1620 1881 1735">
     <span class='ocr_line' id='line_1_11' title="bbox 103 1620 1881 1735; baseline 0 -30"><span class='ocrx_word' id='word_1_102' title='bbox 103 1628 185 1735; x_wconf 81' lang='lat' dir='ltr'><strong>giam</strong></span> <span class='ocrx_word' id='word_1_103' title='bbox 215 1624 461 1702; x_wconf 87' lang='lat' dir='ltr'><strong>maiestatem</strong></span> <span class='ocrx_word' id='word_1_104' title='bbox 485 1620 707 1703; x_wconf 79' lang='lat' dir='ltr'><strong>offendisse</strong></span> <span class='ocrx_word' id='word_1_105' title='bbox 744 1627 783 1702; x_wconf 88' lang='lat'>&amp;</span> <span class='ocrx_word' id='word_1_106' title='bbox 818 1624 851 1702; x_wconf 90' lang='lat' dir='ltr'><strong>si</strong></span> <span class='ocrx_word' id='word_1_107' title='bbox 887 1624 1042 1707; x_wconf 89' lang='lat' dir='ltr'><strong>litteras</strong></span> <span class='ocrx_word' id='word_1_108' title='bbox 1070 1651 1094 1707; x_wconf 86' lang='lat' dir='ltr'><strong>a</strong></span> <span class='ocrx_word' id='word_1_109' title='bbox 1130 1620 1298 1704; x_wconf 90' lang='lat' dir='ltr'><strong>domino</strong></span> <span class='ocrx_word' id='word_1_110' title='bbox 1338 1638 1480 1704; x_wconf 87' lang='lat' dir='ltr'><strong>nostro</strong></span> <span class='ocrx_word' id='word_1_111' title='bbox 1514 1650 1629 1732; x_wconf 56' lang='lat' dir='ltr'><strong>rege„</strong></span> <span class='ocrx_word' id='word_1_112' title='bbox 1645 1624 1881 1731; x_wconf 69' lang='lat' dir='ltr'><strong>superbus</strong></span> 
     </span>
    </p>

    <p class='ocr_par' dir='ltr' id='par_1_10' title="bbox 28 1728 1999 1957">
     <span class='ocr_line' id='line_1_12' title="bbox 28 1728 1881 1845; baseline -0.002 -28"><span class='ocrx_word' id='word_1_113' title='bbox 28 1734 29 1737; x_wconf 44' lang='lat'>‘</span> <span class='ocrx_word' id='word_1_114' title='bbox 86 1736 346 1845; x_wconf 42' lang='lat' dir='ltr'><strong>,receperimus</strong></span> <span class='ocrx_word' id='word_1_115' title='bbox 383 1732 473 1813; x_wconf 91' lang='lat' dir='ltr'><strong>illos</strong></span> <span class='ocrx_word' id='word_1_116' title='bbox 509 1734 543 1815; x_wconf 90' lang='lat' dir='ltr'><strong>si</strong></span> <span class='ocrx_word' id='word_1_117' title='bbox 580 1732 688 1814; x_wconf 89' lang='lat' dir='ltr'><strong>infra</strong></span> <span class='ocrx_word' id='word_1_118' title='bbox 731 1760 904 1815; x_wconf 86' lang='lat' dir='ltr'><strong>mensem</strong></span> <span class='ocrx_word' id='word_1_119' title='bbox 934 1762 1020 1842; x_wconf 85' lang='lat' dir='ltr'><strong>-per</strong></span> <span class='ocrx_word' id='word_1_120' title='bbox 1060 1760 1135 1814; x_wconf 89' lang='lat' dir='ltr'><strong>nos</strong></span> <span class='ocrx_word' id='word_1_121' title='bbox 1177 1732 1320 1815; x_wconf 88' lang='lat' dir='ltr'><strong>moniti</strong></span> <span class='ocrx_word' id='word_1_122' title='bbox 1361 1731 1551 1815; x_wconf 87' lang='lat' dir='ltr'><strong>recedere</strong></span> <span class='ocrx_word' id='word_1_123' title='bbox 1593 1728 1881 1834; x_wconf 57' lang='lat' dir='ltr'><strong>noluerint&amp;</strong></span> 
     </span>
     <span class='ocr_line' id='line_1_13' title="bbox 103 1844 1999 1957; baseline 0.002 -31"><span class='ocrx_word' id='word_1_124' title='bbox 103 1848 251 1957; x_wconf 81' lang='lat' dir='ltr'><strong>graciam</strong></span> <span class='ocrx_word' id='word_1_125' title='bbox 281 1844 433 1953; x_wconf 83' lang='lat' dir='ltr'><strong>regiam</strong></span> <span class='ocrx_word' id='word_1_126' title='bbox 462 1872 546 1923; x_wconf 92' lang='lat' dir='ltr'><strong>non</strong></span> <span class='ocrx_word' id='word_1_127' title='bbox 575 1844 846 1941; x_wconf 88' lang='lat' dir='ltr'><strong>rehabueriut‚</strong></span> <span class='ocrx_word' id='word_1_128' title='bbox 876 1862 1026 1926; x_wconf 82' lang='lat' dir='ltr'><strong>extunc</strong></span> <span class='ocrx_word' id='word_1_129' title='bbox 1054 1873 1077 1923; x_wconf 93' lang='lat' dir='ltr'><strong>a</strong></span> <span class='ocrx_word' id='word_1_130' title='bbox 1107 1847 1273 1946; x_wconf 86' lang='lat' dir='ltr'><strong>ciuitate</strong></span> <span class='ocrx_word' id='word_1_131' title='bbox 1300 1863 1441 1927; x_wconf 87' lang='lat' dir='ltr'><strong>nostra</strong></span> <span class='ocrx_word' id='word_1_132' title='bbox 1474 1848 1571 1927; x_wconf 90' lang='lat' dir='ltr'><strong>totis</strong></span> <span class='ocrx_word' id='word_1_133' title='bbox 1612 1845 1795 1949; x_wconf 74' lang='lat' dir='ltr'><strong>nisibus&#39;I</strong></span> <span class='ocrx_word' id='word_1_134' title='bbox 1811 1858 1881 1929; x_wconf 74' lang='lat' dir='ltr'><strong>ex·</strong></span> <span class='ocrx_word' id='word_1_135' title='bbox 1996 1881 1999 1885; x_wconf 50' lang='lat'><em>⁴</em></span> 
     </span>
    </p>

    <p class='ocr_par' dir='ltr' id='par_1_11' title="bbox 27 1954 2136 2399">
     <span class='ocr_line' id='line_1_14' title="bbox 27 1954 1881 2068; baseline 0.001 -32"><span class='ocrx_word' id='word_1_136' title='bbox 27 1994 28 2007; x_wconf 21' lang='grc' dir='ltr'><strong><em>Ν</em></strong></span> <span class='ocrx_word' id='word_1_137' title='bbox 104 1957 272 2067; x_wconf 82' lang='lat' dir='ltr'><strong>pellemus</strong></span> <span class='ocrx_word' id='word_1_138' title='bbox 307 1954 619 2036; x_wconf 90' lang='lat' dir='ltr'><strong>Procurabimus</strong></span> <span class='ocrx_word' id='word_1_139' title='bbox 659 1957 785 2034; x_wconf 86' lang='lat' dir='ltr'><strong>eciam</strong></span> <span class='ocrx_word' id='word_1_140' title='bbox 814 1984 837 2035; x_wconf 89' lang='lat' dir='ltr'><strong>a</strong></span> <span class='ocrx_word' id='word_1_141' title='bbox 864 1956 1100 2037; x_wconf 89' lang='lat' dir='ltr'><strong>ciuitatibus</strong></span> <span class='ocrx_word' id='word_1_142' title='bbox 1135 1954 1283 2065; x_wconf 81' lang='lat' dir='ltr'><strong>lybelse</strong></span> <span class='ocrx_word' id='word_1_143' title='bbox 1310 1958 1495 2037; x_wconf 85' lang='lat' dir='ltr'><strong>wismere</strong></span> <span class='ocrx_word' id='word_1_144' title='bbox 1537 1955 1681 2039; x_wconf 83' lang='lat' dir='ltr'><strong>rostok</strong></span> <span class='ocrx_word' id='word_1_145' title='bbox 1719 1962 1881 2068; x_wconf 81' lang='lat' dir='ltr'><strong>gripes·</strong></span> 
     </span>
     <span class='ocr_line' id='line_1_15' title="bbox 101 2063 1878 2181; baseline 0 -30"><span class='ocrx_word' id='word_1_146' title='bbox 101 2066 186 2151; x_wconf 86' lang='lat' dir='ltr'><strong>wald</strong></span> <span class='ocrx_word' id='word_1_147' title='bbox 210 2063 467 2148; x_wconf 90' lang='lat' dir='ltr'><strong>stralesundh</strong></span> <span class='ocrx_word' id='word_1_148' title='bbox 494 2070 535 2147; x_wconf 93' lang='grc'><strong>8(</strong></span> <span class='ocrx_word' id='word_1_149' title='bbox 563 2066 677 2173; x_wconf 84' lang='lat' dir='ltr'><strong>righa</strong></span> <span class='ocrx_word' id='word_1_150' title='bbox 706 2066 859 2147; x_wconf 87' lang='lat' dir='ltr'><strong>litteras</strong></span> <span class='ocrx_word' id='word_1_151' title='bbox 886 2064 1157 2148; x_wconf 89' lang='lat' dir='ltr'><strong>fideiussorias</strong></span> <span class='ocrx_word' id='word_1_152' title='bbox 1193 2069 1446 2150; x_wconf 84' lang='lat' dir='ltr'><strong>continentes</strong></span> <span class='ocrx_word' id='word_1_153' title='bbox 1482 2066 1595 2178; x_wconf 90' lang='lat' dir='ltr'><strong>quod</strong></span> <span class='ocrx_word' id='word_1_154' title='bbox 1629 2069 1663 2149; x_wconf 90' lang='lat' dir='ltr'><strong>si</strong></span> <span class='ocrx_word' id='word_1_155' title='bbox 1700 2068 1878 2181; x_wconf 76' lang='lat' dir='ltr'><strong>aliquem</strong></span> 
     </span>
     <span class='ocr_line' id='line_1_16' title="bbox 102 2175 2126 2290; baseline 0.003 -31"><span class='ocrx_word' id='word_1_156' title='bbox 102 2196 313 2259; x_wconf 87' lang='lat' dir='ltr'><strong>extraneum</strong></span> <span class='ocrx_word' id='word_1_157' title='bbox 343 2178 566 2287; x_wconf 91' lang='lat' dir='ltr'><strong>principem</strong></span> <span class='ocrx_word' id='word_1_158' title='bbox 608 2203 679 2256; x_wconf 88' lang='lat' dir='ltr'><strong>seu</strong></span> <span class='ocrx_word' id='word_1_159' title='bbox 713 2176 919 2259; x_wconf 88' lang='lat' dir='ltr'><strong>dominum</strong></span> <span class='ocrx_word' id='word_1_160' title='bbox 958 2194 1096 2287; x_wconf 90' lang='lat' dir='ltr'><strong>preter</strong></span> <span class='ocrx_word' id='word_1_161' title='bbox 1131 2201 1267 2287; x_wconf 82' lang='lat' dir='ltr'><strong>regem</strong></span> <span class='ocrx_word' id='word_1_162' title='bbox 1296 2177 1449 2261; x_wconf 87' lang='lat' dir='ltr'><strong>Swecie</strong></span> <span class='ocrx_word' id='word_1_163' title='bbox 1484 2180 1634 2287; x_wconf 83' lang='lat' dir='ltr'><strong>eligere</strong></span> <span class='ocrx_word' id='word_1_164' title='bbox 1668 2175 1881 2290; x_wconf 77' lang='lat' dir='ltr'><strong>presump·</strong></span> <span class='ocrx_word' id='word_1_165' title='bbox 2123 2276 2126 2279; x_wconf 37' lang='grc'><em>,</em></span> 
     </span>
     <span class='ocr_line' id='line_1_17' title="bbox 101 2283 2136 2399; baseline 0.001 -28"><span class='ocrx_word' id='word_1_166' title='bbox 101 2295 239 2371; x_wconf 82' lang='lat' dir='ltr'><strong>serimus</strong></span> <span class='ocrx_word' id='word_1_167' title='bbox 272 2290 337 2371; x_wconf 90' lang='lat' dir='ltr'><strong>uel</strong></span> <span class='ocrx_word' id='word_1_168' title='bbox 367 2292 557 2397; x_wconf 89' lang='lat' dir='ltr'><strong>premissa</strong></span> <span class='ocrx_word' id='word_1_169' title='bbox 587 2285 759 2367; x_wconf 88' lang='lat' dir='ltr'><strong>fideliter</strong></span> <span class='ocrx_word' id='word_1_170' title='bbox 787 2316 870 2368; x_wconf 94' lang='lat' dir='ltr'><strong>non</strong></span> <span class='ocrx_word' id='word_1_171' title='bbox 898 2291 1192 2381; x_wconf 87' lang='lat' dir='ltr'><strong>seruauerimus</strong></span> <span class='ocrx_word' id='word_1_172' title='bbox 1221 2288 1330 2371; x_wconf 87' lang='lat' dir='ltr'><strong>dicte</strong></span> <span class='ocrx_word' id='word_1_173' title='bbox 1357 2291 1543 2371; x_wconf 86' lang='lat' dir='ltr'><strong>ciuitates</strong></span> <span class='ocrx_word' id='word_1_174' title='bbox 1570 2293 1713 2399; x_wconf 90' lang='lat' dir='ltr'><strong>ipsum.</strong></span> <span class='ocrx_word' id='word_1_175' title='bbox 1750 2283 1881 2378; x_wconf 66' lang='lat' dir='ltr'><strong>domis</strong></span> <span class='ocrx_word' id='word_1_176' title='bbox 1971 2299 2004 2373; x_wconf 71' lang='lat' dir='ltr'>s</span> <span class='ocrx_word' id='word_1_177' title='bbox 2131 2350 2136 2357; x_wconf 76' lang='lat'><em>,</em></span> 
     </span>
    </p>

    <p class='ocr_par' dir='ltr' id='par_1_12' title="bbox 25 2397 1880 2509">
     <span class='ocr_line' id='line_1_18' title="bbox 25 2397 1880 2509; baseline 0.001 -27"><span class='ocrx_word' id='word_1_178' title='bbox 25 2417 33 2471; x_wconf 74' lang='lat'><strong>1&#39;</strong></span> <span class='ocrx_word' id='word_1_179' title='bbox 100 2430 176 2483; x_wconf 88' lang='lat' dir='ltr'><strong>uum</strong></span> <span class='ocrx_word' id='word_1_180' title='bbox 203 2417 385 2483; x_wconf 88' lang='lat' dir='ltr'><strong>nostrum</strong></span> <span class='ocrx_word' id='word_1_181' title='bbox 416 2416 551 2509; x_wconf 86' lang='lat' dir='ltr'><strong>regem</strong></span> <span class='ocrx_word' id='word_1_182' title='bbox 580 2397 731 2479; x_wconf 90' lang='lat' dir='ltr'><strong>Swecie</strong></span> <span class='ocrx_word' id='word_1_183' title='bbox 761 2417 902 2479; x_wconf 87' lang='lat' dir='ltr'><strong>contra</strong></span> <span class='ocrx_word' id='word_1_184' title='bbox 931 2427 1005 2481; x_wconf 91' lang='lat' dir='ltr'><strong>nos</strong></span> <span class='ocrx_word' id='word_1_185' title='bbox 1042 2397 1094 2480; x_wconf 93' lang='lat' dir='ltr'><strong>ad</strong></span> <span class='ocrx_word' id='word_1_186' title='bbox 1122 2400 1438 2482; x_wconf 82' lang='lat' dir='ltr'><strong>destructionem</strong></span> <span class='ocrx_word' id='word_1_187' title='bbox 1466 2418 1653 2482; x_wconf 86' lang='lat' dir='ltr'><strong>nostram</strong></span> <span class='ocrx_word' id='word_1_188' title='bbox 1687 2406 1784 2487; x_wconf 85' lang='lat' dir='ltr'><strong>totis</strong></span> <span class='ocrx_word' id='word_1_189' title='bbox 1819 2406 1880 2484; x_wconf 85' lang='lat' dir='ltr'><strong>vi-</strong></span> 
     </span>
    </p>

    <p class='ocr_par' dir='ltr' id='par_1_13' title="bbox 25 2511 1879 2622">
     <span class='ocr_line' id='line_1_19' title="bbox 25 2511 1879 2622; baseline 0.002 -30"><span class='ocrx_word' id='word_1_190' title='bbox 25 2588 26 2609; x_wconf 21' lang='lat'>}</span> <span class='ocrx_word' id='word_1_191' title='bbox 99 2513 189 2593; x_wconf 90' lang='lat' dir='ltr'><strong>ribus</strong></span> <span class='ocrx_word' id='word_1_192' title='bbox 215 2512 473 2593; x_wconf 90' lang='lat' dir='ltr'><strong>adiuuabunt</strong></span> <span class='ocrx_word' id='word_1_193' title='bbox 514 2511 825 2594; x_wconf 78' lang='lat' dir='ltr'><strong>procurabimus</strong></span> <span class='ocrx_word' id='word_1_194' title='bbox 860 2512 1024 2621; x_wconf 90' lang='lat' dir='ltr'><strong>insuper</strong></span> <span class='ocrx_word' id='word_1_195' title='bbox 1053 2513 1094 2591; x_wconf 92' lang='lat' dir='ltr'><strong>in</strong></span> <span class='ocrx_word' id='word_1_196' title='bbox 1124 2514 1311 2620; x_wconf 83' lang='lat' dir='ltr'><strong>expensis</strong></span> <span class='ocrx_word' id='word_1_197' title='bbox 1338 2514 1517 2622; x_wconf 86' lang='lat' dir='ltr'><strong>propriis</strong></span> <span class='ocrx_word' id='word_1_198' title='bbox 1551 2513 1768 2597; x_wconf 66' lang='lat' dir='ltr'><strong>litteratura.</strong></span> <span class='ocrx_word' id='word_1_199' title='bbox 1785 2513 1879 2597; x_wconf 85' lang='lat' dir='ltr'><strong>sede</strong></span> 
     </span>
    </p>

    <p class='ocr_par' dir='ltr' id='par_1_14' title="bbox 24 2619 1879 2733">
     <span class='ocr_line' id='line_1_20' title="bbox 24 2619 1879 2733; baseline 0.003 -29"><span class='ocrx_word' id='word_1_200' title='bbox 24 2720 25 2729; x_wconf 11' lang='grc' dir='ltr'><strong><em>Ν</em></strong></span> <span class='ocrx_word' id='word_1_201' title='bbox 98 2625 296 2733; x_wconf 85' lang='lat' dir='ltr'><strong>apostolica</strong></span> <span class='ocrx_word' id='word_1_202' title='bbox 324 2622 545 2733; x_wconf 88' lang='lat' dir='ltr'><strong>inquibus</strong></span> <span class='ocrx_word' id='word_1_203' title='bbox 573 2619 852 2704; x_wconf 91' lang='lat' dir='ltr'><strong>continebitur</strong></span> <span class='ocrx_word' id='word_1_204' title='bbox 879 2620 993 2731; x_wconf 93' lang='lat' dir='ltr'><strong>quod</strong></span> <span class='ocrx_word' id='word_1_205' title='bbox 1021 2623 1054 2703; x_wconf 92' lang='lat' dir='ltr'><strong>si</strong></span> <span class='ocrx_word' id='word_1_206' title='bbox 1086 2622 1336 2730; x_wconf 88' lang='lat' dir='ltr'><strong>sepedictum</strong></span> <span class='ocrx_word' id='word_1_207' title='bbox 1365 2623 1574 2707; x_wconf 88' lang='lat' dir='ltr'><strong>dominum</strong></span> <span class='ocrx_word' id='word_1_208' title='bbox 1598 2636 1788 2707; x_wconf 82' lang='lat' dir='ltr'><strong>nostrum</strong></span> <span class='ocrx_word' id='word_1_209' title='bbox 1816 2654 1879 2710; x_wconf 84' lang='lat' dir='ltr'><strong>re.-</strong></span> 
     </span>
    </p>

    <p class='ocr_par' dir='ltr' id='par_1_15' title="bbox 24 2731 1880 2845">
     <span class='ocr_line' id='line_1_21' title="bbox 24 2731 1880 2845; baseline 0.004 -30"><span class='ocrx_word' id='word_1_210' title='bbox 24 2740 26 2779; x_wconf 67' lang='lat' dir='ltr'><strong>r</strong></span> <span class='ocrx_word' id='word_1_211' title='bbox 98 2764 168 2845; x_wconf 84' lang='lat' dir='ltr'><strong>gem</strong></span> <span class='ocrx_word' id='word_1_212' title='bbox 192 2735 349 2817; x_wconf 90' lang='lat' dir='ltr'><strong>Swecie</strong></span> <span class='ocrx_word' id='word_1_213' title='bbox 376 2735 419 2817; x_wconf 90' lang='lat' dir='ltr'><strong>in</strong></span> <span class='ocrx_word' id='word_1_214' title='bbox 448 2734 650 2844; x_wconf 87' lang='lat' dir='ltr'><strong>premissis</strong></span> <span class='ocrx_word' id='word_1_215' title='bbox 678 2731 967 2814; x_wconf 83' lang='lat' dir='ltr'><strong>offenderimus</strong></span> <span class='ocrx_word' id='word_1_216' title='bbox 995 2737 1085 2841; x_wconf 90' lang='lat' dir='ltr'><strong>ipso</strong></span> <span class='ocrx_word' id='word_1_217' title='bbox 1113 2734 1224 2814; x_wconf 84' lang='lat' dir='ltr'><strong>lacto</strong></span> <span class='ocrx_word' id='word_1_218' title='bbox 1259 2736 1294 2815; x_wconf 90' lang='lat' dir='ltr'><strong>si</strong></span> <span class='ocrx_word' id='word_1_219' title='bbox 1341 2736 1523 2845; x_wconf 82' lang='lat' dir='ltr'><strong>legaliter</strong></span> <span class='ocrx_word' id='word_1_220' title='bbox 1569 2737 1760 2835; x_wconf 70' lang='lat' dir='ltr'><strong>onumen.</strong></span> <span class='ocrx_word' id='word_1_221' title='bbox 1791 2735 1880 2823; x_wconf 73' lang='lat' dir='ltr'><strong>fue·</strong></span> 
     </span>
    </p>

    <p class='ocr_par' dir='ltr' id='par_1_16' title="bbox 23 2844 1879 2938">
     <span class='ocr_line' id='line_1_22' title="bbox 23 2844 1879 2938; baseline 0.001 -11"><span class='ocrx_word' id='word_1_222' title='bbox 23 2916 25 2935; x_wconf 79' lang='grc'>,</span> <span class='ocrx_word' id='word_1_223' title='bbox 96 2849 198 2927; x_wconf 88' lang='lat' dir='ltr'><strong>rimus</strong></span> <span class='ocrx_word' id='word_1_224' title='bbox 222 2844 657 2929; x_wconf 81' lang='lat' dir='ltr'><strong>excommunicacionis</strong></span> <span class='ocrx_word' id='word_1_225' title='bbox 685 2846 927 2924; x_wconf 89' lang='lat' dir='ltr'><strong>sentenciam</strong></span> <span class='ocrx_word' id='word_1_226' title='bbox 955 2846 1209 2924; x_wconf 89' lang='lat' dir='ltr'><strong>incurramus</strong></span> <span class='ocrx_word' id='word_1_227' title='bbox 1237 2845 1499 2927; x_wconf 85' lang='lat' dir='ltr'><strong>nihilomiuus</strong></span> <span class='ocrx_word' id='word_1_228' title='bbox 1534 2844 1767 2929; x_wconf 86' lang='lat' dir='ltr'><strong>iuridicioni</strong></span> <span class='ocrx_word' id='word_1_229' title='bbox 1794 2875 1879 2938; x_wconf 79' lang='lat' dir='ltr'><strong>:nos</strong></span> 
     </span>
    </p>

    <p class='ocr_par' dir='ltr' id='par_1_17' title="bbox 23 2944 1878 3069">
     <span class='ocr_line' id='line_1_23' title="bbox 23 2944 1878 3069; baseline 0.002 -30"><span class='ocrx_word' id='word_1_230' title='bbox 23 2972 25 3016; x_wconf 67' lang='lat' dir='ltr'><strong>r</strong></span> <span class='ocrx_word' id='word_1_231' title='bbox 96 2956 225 3067; x_wconf 86' lang='lat' dir='ltr'><strong>dominj</strong></span> <span class='ocrx_word' id='word_1_232' title='bbox 255 2959 500 3069; x_wconf 90' lang='lat' dir='ltr'><strong>lincopensis</strong></span> <span class='ocrx_word' id='word_1_233' title='bbox 528 2971 804 3066; x_wconf 87' lang='lat' dir='ltr'><strong>supponentes</strong></span> <span class='ocrx_word' id='word_1_234' title='bbox 831 2972 876 3035; x_wconf 87' lang='lat' dir='ltr'><strong>vt</strong></span> <span class='ocrx_word' id='word_1_235' title='bbox 903 2955 937 3036; x_wconf 87' lang='lat' dir='ltr'><strong>si</strong></span> <span class='ocrx_word' id='word_1_236' title='bbox 965 2956 1008 3034; x_wconf 91' lang='lat' dir='ltr'><strong>in</strong></span> <span class='ocrx_word' id='word_1_237' title='bbox 1049 2953 1278 3036; x_wconf 89' lang='lat' dir='ltr'><strong>huiusmodi</strong></span> <span class='ocrx_word' id='word_1_238' title='bbox 1318 2954 1616 3068; x_wconf 84' lang='lat' dir='ltr'><strong>deliquerimus</strong></span> <span class='ocrx_word' id='word_1_239' title='bbox 1647 2944 1878 3067; x_wconf 74' lang='lat' dir='ltr'><strong>,plenariam</strong></span> 
     </span>
    </p>

    <p class='ocr_par' dir='ltr' id='par_1_18' title="bbox 23 3059 1972 3185">
     <span class='ocr_line' id='line_1_24' title="bbox 23 3059 1972 3185; baseline -0.003 -37"><span class='ocrx_word' id='word_1_240' title='bbox 23 3059 25 3106; x_wconf 67' lang='lat' dir='ltr'><strong>l</strong></span> <span class='ocrx_word' id='word_1_241' title='bbox 95 3075 356 3155; x_wconf 88' lang='lat' dir='ltr'><strong>auctoritatem</strong></span> <span class='ocrx_word' id='word_1_242' title='bbox 398 3069 547 3152; x_wconf 84' lang='lat' dir='ltr'><strong>babeat</strong></span> <span class='ocrx_word' id='word_1_243' title='bbox 596 3069 640 3148; x_wconf 92' lang='lat' dir='ltr'><strong>in</strong></span> <span class='ocrx_word' id='word_1_244' title='bbox 692 3093 766 3146; x_wconf 91' lang='lat' dir='ltr'><strong>nos</strong></span> <span class='ocrx_word' id='word_1_245' title='bbox 815 3067 1249 3151; x_wconf 85' lang='lat' dir='ltr'><strong>excommunicacionis</strong></span> <span class='ocrx_word' id='word_1_246' title='bbox 1302 3066 1547 3150; x_wconf 88' lang='lat' dir='ltr'><strong>sentenciam</strong></span> <span class='ocrx_word' id='word_1_247' title='bbox 1588 3067 1877 3185; x_wconf 71' lang='lat' dir='ltr'><strong>promulgandi</strong></span> <span class='ocrx_word' id='word_1_248' title='bbox 1966 3134 1972 3143; x_wconf 81' lang='grc'><em>,</em></span> 
     </span>
    </p>

    <p class='ocr_par' dir='ltr' id='par_1_19' title="bbox 23 3174 1879 3293">
     <span class='ocr_line' id='line_1_25' title="bbox 23 3174 1879 3293; baseline 0.001 -31"><span class='ocrx_word' id='word_1_249' title='bbox 23 3175 24 3232; x_wconf 68' lang='lat'>³</span> <span class='ocrx_word' id='word_1_250' title='bbox 93 3179 125 3264; x_wconf 87' lang='lat' dir='ltr'><strong>Si</strong></span> <span class='ocrx_word' id='word_1_251' title='bbox 149 3185 271 3266; x_wconf 89' lang='lat' dir='ltr'><strong>eciam</strong></span> <span class='ocrx_word' id='word_1_252' title='bbox 298 3179 505 3293; x_wconf 86' lang='lat' dir='ltr'><strong>sepedicto</strong></span> <span class='ocrx_word' id='word_1_253' title='bbox 533 3177 700 3262; x_wconf 90' lang='lat' dir='ltr'><strong>domino</strong></span> <span class='ocrx_word' id='word_1_254' title='bbox 726 3194 871 3258; x_wconf 90' lang='lat' dir='ltr'><strong>nostro</strong></span> <span class='ocrx_word' id='word_1_255' title='bbox 898 3179 1042 3260; x_wconf 88' lang='lat' dir='ltr'><strong>swecie</strong></span> <span class='ocrx_word' id='word_1_256' title='bbox 1071 3177 1269 3287; x_wconf 89' lang='lat' dir='ltr'><strong>placuerit</strong></span> <span class='ocrx_word' id='word_1_257' title='bbox 1288 3174 1357 3266; x_wconf 59' lang='lat' dir='ltr'><strong>ad:</strong></span> <span class='ocrx_word' id='word_1_258' title='bbox 1377 3205 1452 3260; x_wconf 86' lang='lat' dir='ltr'><strong>nos</strong></span> <span class='ocrx_word' id='word_1_259' title='bbox 1494 3180 1633 3274; x_wconf 75' lang='lat' dir='ltr'><strong>venire</strong></span> <span class='ocrx_word' id='word_1_260' title='bbox 1673 3182 1879 3274; x_wconf 81' lang='lat' dir='ltr'><strong>ciuitatem</strong></span> 
     </span>
    </p>

    <p class='ocr_par' dir='ltr' id='par_1_20' title="bbox 23 3279 1976 3401">
     <span class='ocr_line' id='line_1_26' title="bbox 23 3286 1976 3401; baseline -0.001 -25"><span class='ocrx_word' id='word_1_261' title='bbox 23 3327 25 3354; x_wconf 36' lang='grc' dir='ltr'>ι</span> <span class='ocrx_word' id='word_1_262' title='bbox 95 3311 248 3377; x_wconf 88' lang='lat' dir='ltr'><strong>nostram</strong></span> <span class='ocrx_word' id='word_1_263' title='bbox 282 3323 327 3376; x_wconf 89' lang='lat' dir='ltr'><strong>ae</strong></span> <span class='ocrx_word' id='word_1_264' title='bbox 356 3313 504 3377; x_wconf 85' lang='lat' dir='ltr'><strong>terram</strong></span> <span class='ocrx_word' id='word_1_265' title='bbox 537 3287 839 3401; x_wconf 83' lang='lat' dir='ltr'><strong>gotlaudensem</strong></span> <span class='ocrx_word' id='word_1_266' title='bbox 867 3290 1001 3398; x_wconf 85' lang='lat' dir='ltr'><strong>gracia</strong></span> <span class='ocrx_word' id='word_1_267' title='bbox 1031 3286 1221 3368; x_wconf 85' lang='lat' dir='ltr'><strong>visitandi</strong></span> <span class='ocrx_word' id='word_1_268' title='bbox 1250 3290 1382 3397; x_wconf 90' lang='lat' dir='ltr'><strong>ipsum</strong></span> <span class='ocrx_word' id='word_1_269' title='bbox 1419 3292 1524 3372; x_wconf 93' lang='lat' dir='ltr'><strong>sicut</strong></span> <span class='ocrx_word' id='word_1_270' title='bbox 1566 3318 1667 3372; x_wconf 86' lang='lat' dir='ltr'><strong>vero</strong></span> <span class='ocrx_word' id='word_1_271' title='bbox 1711 3289 1877 3374; x_wconf 90' lang='lat' dir='ltr'><strong>domino</strong></span> <span class='ocrx_word' id='word_1_272' title='bbox 1950 3319 1976 3393; x_wconf 60' lang='grc' dir='ltr'><em>ἦ</em></span> 
     </span>
    </p>

    <p class='ocr_par' dir='ltr' id='par_1_21' title="bbox 23 3396 1877 3626">
     <span class='ocr_line' id='line_1_27' title="bbox 23 3396 1876 3514; baseline 0.001 -31"><span class='ocrx_word' id='word_1_273' title='bbox 23 3401 25 3418; x_wconf 83' lang='grc'>’</span> <span class='ocrx_word' id='word_1_274' title='bbox 91 3407 195 3514; x_wconf 87' lang='lat' dir='ltr'><strong>recipi</strong></span> <span class='ocrx_word' id='word_1_275' title='bbox 222 3414 262 3489; x_wconf 92' lang='grc'><strong>8(</strong></span> <span class='ocrx_word' id='word_1_276' title='bbox 309 3405 503 3487; x_wconf 88' lang='lat' dir='ltr'><strong>honorari</strong></span> <span class='ocrx_word' id='word_1_277' title='bbox 546 3401 665 3484; x_wconf 90' lang='lat' dir='ltr'><strong>debet</strong></span> <span class='ocrx_word' id='word_1_278' title='bbox 708 3405 747 3480; x_wconf 88' lang='lat'>&amp;</span> <span class='ocrx_word' id='word_1_279' title='bbox 788 3416 950 3482; x_wconf 88' lang='lat' dir='ltr'><strong>tenetur</strong></span> <span class='ocrx_word' id='word_1_280' title='bbox 979 3427 1070 3480; x_wconf 91' lang='lat' dir='ltr'><strong>cum</strong></span> <span class='ocrx_word' id='word_1_281' title='bbox 1113 3396 1249 3479; x_wconf 87' lang='lat' dir='ltr'><strong>debita</strong></span> <span class='ocrx_word' id='word_1_282' title='bbox 1292 3399 1516 3482; x_wconf 89' lang='lat' dir='ltr'><strong>bumilitate</strong></span> <span class='ocrx_word' id='word_1_283' title='bbox 1544 3407 1600 3483; x_wconf 84' lang='grc'><strong>8(</strong></span> <span class='ocrx_word' id='word_1_284' title='bbox 1641 3406 1876 3486; x_wconf 89' lang='lat' dir='ltr'><strong>reuerencia</strong></span> 
     </span>
     <span class='ocr_line' id='line_1_28' title="bbox 91 3509 1877 3626; baseline 0 -30"><span class='ocrx_word' id='word_1_285' title='bbox 91 3519 245 3626; x_wconf 86' lang='lat' dir='ltr'><strong>recipere</strong></span> <span class='ocrx_word' id='word_1_286' title='bbox 278 3516 509 3598; x_wconf 90' lang='lat' dir='ltr'><strong>curabimus</strong></span> <span class='ocrx_word' id='word_1_287' title='bbox 536 3519 576 3595; x_wconf 89' lang='grc'><strong>8(</strong></span> <span class='ocrx_word' id='word_1_288' title='bbox 607 3513 711 3593; x_wconf 91' lang='lat' dir='ltr'><strong>sicut</strong></span> <span class='ocrx_word' id='word_1_289' title='bbox 740 3513 980 3591; x_wconf 89' lang='lat' dir='ltr'><strong>maiestatem</strong></span> <span class='ocrx_word' id='word_1_290' title='bbox 1011 3509 1126 3592; x_wconf 88' lang='lat' dir='ltr'><strong>decet</strong></span> <span class='ocrx_word' id='word_1_291' title='bbox 1154 3512 1302 3620; x_wconf 84' lang='lat' dir='ltr'><strong>regiam</strong></span> <span class='ocrx_word' id='word_1_292' title='bbox 1330 3512 1373 3592; x_wconf 92' lang='lat' dir='ltr'><strong>in</strong></span> <span class='ocrx_word' id='word_1_293' title='bbox 1409 3512 1597 3595; x_wconf 90' lang='lat' dir='ltr'><strong>omnibus</strong></span> <span class='ocrx_word' id='word_1_294' title='bbox 1625 3531 1877 3625; x_wconf 88' lang='lat' dir='ltr'><strong>pertractare</strong></span> 
     </span>
    </p>

    <p class='ocr_par' dir='ltr' id='par_1_22' title="bbox 33 3617 1892 3869">
     <span class='ocr_line' id='line_1_29' title="bbox 33 3617 1876 3739; baseline -0.002 -27"><span class='ocrx_word' id='word_1_295' title='bbox 33 3705 35 3712; x_wconf 78' lang='grc'><strong><em>,</em></strong></span> <span class='ocrx_word' id='word_1_296' title='bbox 90 3630 346 3710; x_wconf 75' lang='lat' dir='ltr'><strong>promittimus</strong></span> <span class='ocrx_word' id='word_1_297' title='bbox 369 3626 494 3709; x_wconf 86' lang='lat' dir='ltr'><strong>eciam</strong></span> <span class='ocrx_word' id='word_1_298' title='bbox 523 3624 600 3706; x_wconf 88' lang='lat' dir='ltr'><strong>lide</strong></span> <span class='ocrx_word' id='word_1_299' title='bbox 629 3623 852 3704; x_wconf 87' lang='lat' dir='ltr'><strong>firmissima</strong></span> <span class='ocrx_word' id='word_1_300' title='bbox 910 3620 992 3739; x_wconf 77' lang='lat' dir='ltr'><strong>uod</strong></span> <span class='ocrx_word' id='word_1_301' title='bbox 1020 3623 1053 3702; x_wconf 90' lang='lat' dir='ltr'><strong>si</strong></span> <span class='ocrx_word' id='word_1_302' title='bbox 1081 3617 1280 3733; x_wconf 77' lang='lat' dir='ltr'><strong>umquam¹</strong></span> <span class='ocrx_word' id='word_1_303' title='bbox 1301 3623 1459 3703; x_wconf 89' lang='lat' dir='ltr'><strong>inuenti</strong></span> <span class='ocrx_word' id='word_1_304' title='bbox 1487 3623 1682 3706; x_wconf 87' lang='lat' dir='ltr'><strong>fuerimus</strong></span> <span class='ocrx_word' id='word_1_305' title='bbox 1710 3628 1752 3708; x_wconf 95' lang='lat' dir='ltr'><strong>in</strong></span> <span class='ocrx_word' id='word_1_306' title='bbox 1784 3655 1876 3735; x_wconf 89' lang='lat' dir='ltr'><strong>pre·</strong></span> 
     </span>
     <span class='ocr_line' id='line_1_30' title="bbox 89 3653 1892 3869; baseline 0 -51"><span class='ocrx_word' id='word_1_307' title='bbox 89 3741 194 3820; x_wconf 89' lang='lat' dir='ltr'><strong>missis</strong></span> <span class='ocrx_word' id='word_1_308' title='bbox 220 3769 293 3821; x_wconf 89' lang='lat' dir='ltr'><strong>seu</strong></span> <span class='ocrx_word' id='word_1_309' title='bbox 323 3741 365 3844; x_wconf 90' lang='lat' dir='ltr'><strong>in</strong></span> <span class='ocrx_word' id='word_1_310' title='bbox 394 3738 533 3848; x_wconf 87' lang='lat' dir='ltr'><strong>aliquo</strong></span> <span class='ocrx_word' id='word_1_311' title='bbox 562 3735 853 3845; x_wconf 86' lang='lat' dir='ltr'><strong>premissorum·</strong></span> <span class='ocrx_word' id='word_1_312' title='bbox 866 3653 1094 3846; x_wconf 76' lang='lat' dir='ltr'><strong>deliquisse</strong></span> <span class='ocrx_word' id='word_1_313' title='bbox 1128 3762 1232 3842; x_wconf 89' lang='lat' dir='ltr'><strong>pene</strong></span> <span class='ocrx_word' id='word_1_314' title='bbox 1266 3728 1404 3815; x_wconf 81' lang='lat' dir='ltr'><strong>decem</strong></span> <span class='ocrx_word' id='word_1_315' title='bbox 1444 3733 1611 3817; x_wconf 91' lang='lat' dir='ltr'><strong>millium</strong></span> <span class='ocrx_word' id='word_1_316' title='bbox 1648 3728 1892 3869; x_wconf 57' lang='lat' dir='ltr'><strong>marearftrpr¹</strong></span> 
     </span>
    </p>

    <p class='ocr_par' dir='ltr' id='par_1_23' title="bbox 23 3845 1874 4070">
     <span class='ocr_line' id='line_1_31' title="bbox 23 3845 1874 3958; baseline 0.001 -28"><span class='ocrx_word' id='word_1_317' title='bbox 23 3937 24 3948; x_wconf 14' lang='grc' dir='ltr'><strong><em>Ν</em></strong></span> <span class='ocrx_word' id='word_1_318' title='bbox 89 3855 161 3958; x_wconf 90' lang='lat' dir='ltr'><strong>puri</strong></span> <span class='ocrx_word' id='word_1_319' title='bbox 185 3857 228 3950; x_wconf 87' lang='grc'><strong>8(</strong></span> <span class='ocrx_word' id='word_1_320' title='bbox 256 3851 474 3952; x_wconf 81' lang='lat' dir='ltr'><strong>examinati</strong></span> <span class='ocrx_word' id='word_1_321' title='bbox 518 3847 792 3956; x_wconf 78' lang='lat' dir='ltr'><strong>argentinus</strong></span> <span class='ocrx_word' id='word_1_322' title='bbox 834 3845 1052 3938; x_wconf 86' lang='lat' dir='ltr'><strong>subicimus</strong></span> <span class='ocrx_word' id='word_1_323' title='bbox 1102 3875 1177 3955; x_wconf 87' lang='lat' dir='ltr'><strong>per</strong></span> <span class='ocrx_word' id='word_1_324' title='bbox 1219 3864 1423 3953; x_wconf 88' lang='lat' dir='ltr'><strong>presentes</strong></span> <span class='ocrx_word' id='word_1_325' title='bbox 1464 3873 1659 3929; x_wconf 86' lang='lat' dir='ltr'><strong>summam</strong></span> <span class='ocrx_word' id='word_1_326' title='bbox 1701 3877 1874 3958; x_wconf 88' lang='lat' dir='ltr'><strong>pecumc</strong></span> 
     </span>
     <span class='ocr_line' id='line_1_32' title="bbox 85 3949 1873 4070; baseline 0.002 -31"><span class='ocrx_word' id='word_1_327' title='bbox 85 3963 147 4070; x_wconf 85' lang='lat' dir='ltr'><strong>ipsi</strong></span> <span class='ocrx_word' id='word_1_328' title='bbox 165 3961 426 4044; x_wconf 88' lang='lat' dir='ltr'><strong>dilectissimo</strong></span> <span class='ocrx_word' id='word_1_329' title='bbox 454 3961 539 4066; x_wconf 84' lang='lat' dir='ltr'><strong>regi</strong></span> <span class='ocrx_word' id='word_1_330' title='bbox 570 3974 707 4040; x_wconf 92' lang='lat' dir='ltr'><strong>nostro</strong></span> <span class='ocrx_word' id='word_1_331' title='bbox 734 3952 909 4041; x_wconf 91' lang='lat' dir='ltr'><strong>soluturi</strong></span> <span class='ocrx_word' id='word_1_332' title='bbox 938 3986 1013 4067; x_wconf 92' lang='lat' dir='ltr'><strong>pro</strong></span> <span class='ocrx_word' id='word_1_333' title='bbox 1049 3984 1120 4037; x_wconf 88' lang='lat' dir='ltr'><strong>sue</strong></span> <span class='ocrx_word' id='word_1_334' title='bbox 1157 3955 1276 4046; x_wconf 88' lang='lat' dir='ltr'><strong>libito</strong></span> <span class='ocrx_word' id='word_1_335' title='bbox 1311 3956 1531 4055; x_wconf 67' lang='lat' dir='ltr'><strong>voluntatis</strong></span> <span class='ocrx_word' id='word_1_336' title='bbox 1567 3957 1629 4038; x_wconf 87' lang='lat' dir='ltr'><strong>Ne</strong></span> <span class='ocrx_word' id='word_1_337' title='bbox 1658 3949 1792 4068; x_wconf 70' lang='lat' dir='ltr'><strong>igitur</strong></span> <span class='ocrx_word' id='word_1_338' title='bbox 1828 3964 1873 4044; x_wconf 93' lang='lat' dir='ltr'><strong>in</strong></span> 
     </span>
    </p>

    <p class='ocr_par' dir='ltr' id='par_1_24' title="bbox 23 4063 1957 4185">
     <span class='ocr_line' id='line_1_33' title="bbox 23 4063 1957 4185; baseline -0.001 -30"><span class='ocrx_word' id='word_1_339' title='bbox 23 4115 24 4162; x_wconf 71' lang='lat'>3</span> <span class='ocrx_word' id='word_1_340' title='bbox 86 4063 269 4182; x_wconf 73' lang='lat' dir='ltr'><strong>premissis</strong></span> <span class='ocrx_word' id='word_1_341' title='bbox 293 4073 492 4154; x_wconf 84' lang='lat' dir='ltr'><strong>&#39;omnibus</strong></span> <span class='ocrx_word' id='word_1_342' title='bbox 533 4071 761 4185; x_wconf 84' lang='lat' dir='ltr'><strong>quempiam</strong></span> <span class='ocrx_word' id='word_1_343' title='bbox 806 4066 857 4148; x_wconf 89' lang='lat' dir='ltr'><strong>de</strong></span> <span class='ocrx_word' id='word_1_344' title='bbox 899 4086 1037 4149; x_wconf 89' lang='lat' dir='ltr'><strong>cetero</strong></span> <span class='ocrx_word' id='word_1_345' title='bbox 1079 4067 1267 4148; x_wconf 84' lang='lat' dir='ltr'><strong>vacillare</strong></span> <span class='ocrx_word' id='word_1_346' title='bbox 1308 4069 1537 4176; x_wconf 88' lang='lat' dir='ltr'><strong>contingat,</strong></span> <span class='ocrx_word' id='word_1_347' title='bbox 1566 4068 1705 4179; x_wconf 85' lang='lat' dir='ltr'><strong>Sigilla</strong></span> <span class='ocrx_word' id='word_1_348' title='bbox 1733 4089 1875 4154; x_wconf 87' lang='lat' dir='ltr'><strong>nostra</strong></span> <span class='ocrx_word' id='word_1_349' title='bbox 1955 4074 1957 4079; x_wconf 76' lang='grc'><strong>’</strong></span> 
     </span>
    </p>

    <p class='ocr_par' dir='ltr' id='par_1_25' title="bbox 23 4178 2026 4525">
     <span class='ocr_line' id='line_1_34' title="bbox 23 4178 2026 4296; baseline 0 -32"><span class='ocrx_word' id='word_1_350' title='bbox 23 4257 24 4282; x_wconf 24' lang='lat' dir='ltr'><strong>p</strong></span> <span class='ocrx_word' id='word_1_351' title='bbox 82 4185 161 4268; x_wconf 86' lang='lat' dir='ltr'><strong>huie</strong></span> <span class='ocrx_word' id='word_1_352' title='bbox 184 4187 346 4294; x_wconf 82' lang='lat' dir='ltr'><strong>scripto</strong></span> <span class='ocrx_word' id='word_1_353' title='bbox 373 4182 425 4272; x_wconf 85' lang='lat' dir='ltr'><strong>ad</strong></span> <span class='ocrx_word' id='word_1_354' title='bbox 447 4179 951 4287; x_wconf 84' lang='lat' dir='ltr'><strong>&#39;euidenciampleniorem</strong></span> <span class='ocrx_word' id='word_1_355' title='bbox 984 4178 1172 4260; x_wconf 87' lang='lat' dir='ltr'><strong>duximus</strong></span> <span class='ocrx_word' id='word_1_356' title='bbox 1205 4179 1475 4288; x_wconf 90' lang='lat' dir='ltr'><strong>supponenda</strong></span> <span class='ocrx_word' id='word_1_357' title='bbox 1511 4182 1683 4291; x_wconf 71' lang='lat' dir='ltr'><strong>Datum,</strong></span> <span class='ocrx_word' id='word_1_358' title='bbox 1697 4184 1873 4296; x_wconf 60' lang='lat' dir='ltr'><strong>nieopie</strong></span> <span class='ocrx_word' id='word_1_359' title='bbox 2021 4187 2026 4199; x_wconf 88' lang='lat'><em>&#39;</em></span> 
     </span>
     <span class='ocr_line' id='line_1_35' title="bbox 83 4289 1719 4407; baseline -0.002 -29"><span class='ocrx_word' id='word_1_360' title='bbox 83 4295 360 4404; x_wconf 74' lang='lat' dir='ltr'><strong>modominj</strong></span> <span class='ocrx_word' id='word_1_361' title='bbox 388 4290 717 4390; x_wconf 65' lang='lat' dir='ltr'>M&#39;AEG&#39;LXXX</span> <span class='ocrx_word' id='word_1_362' title='bbox 745 4290 843 4371; x_wconf 93' lang='lat' dir='ltr'><strong>Vlll</strong></span> <span class='ocrx_word' id='word_1_363' title='bbox 872 4290 915 4398; x_wconf 86' lang='lat' dir='ltr'><strong>jn</strong></span> <span class='ocrx_word' id='word_1_364' title='bbox 944 4291 1081 4400; x_wconf 86' lang='lat' dir='ltr'><strong>vigilia</strong></span> <span class='ocrx_word' id='word_1_365' title='bbox 1110 4292 1238 4371; x_wconf 90' lang='lat' dir='ltr'><strong>sancti</strong></span> <span class='ocrx_word' id='word_1_366' title='bbox 1259 4289 1453 4373; x_wconf 88' lang='lat' dir='ltr'><strong>laurencii</strong></span> <span class='ocrx_word' id='word_1_367' title='bbox 1480 4291 1667 4400; x_wconf 62' lang='lat' dir='ltr'><strong>martiris.⁴</strong></span> <span class='ocrx_word' id='word_1_368' title='bbox 1690 4369 1719 4407; x_wconf 17' lang='lat' dir='ltr'><strong>q„</strong></span> 
     </span>
     <span class='ocr_line' id='line_1_36' title="bbox 80 4398 1859 4525; baseline -0.003 -34"><span class='ocrx_word' id='word_1_369' title='bbox 80 4461 87 4468; x_wconf 95' lang='lat'>-</span> <span class='ocrx_word' id='word_1_370' title='bbox 174 4402 670 4515; x_wconf 61' lang='lat' dir='ltr'><strong>Bereasterssrlr&#39;tillogdt:</strong></span> <span class='ocrx_word' id='word_1_371' title='bbox 702 4402 855 4486; x_wconf 88' lang='lat' dir='ltr'><strong>Littera</strong></span> <span class='ocrx_word' id='word_1_372' title='bbox 885 4401 1122 4513; x_wconf 83' lang='lat' dir='ltr'><strong>principalis</strong></span> <span class='ocrx_word' id='word_1_373' title='bbox 1149 4398 1211 4484; x_wconf 83' lang='lat' dir='ltr'><strong>est</strong></span> <span class='ocrx_word' id='word_1_374' title='bbox 1237 4402 1278 4482; x_wconf 90' lang='lat' dir='ltr'><strong>in</strong></span> <span class='ocrx_word' id='word_1_375' title='bbox 1309 4401 1485 4488; x_wconf 87' lang='lat' dir='ltr'><strong>Ecclesia</strong></span> <span class='ocrx_word' id='word_1_376' title='bbox 1512 4402 1811 4525; x_wconf 64' lang='lat' dir='ltr'><strong>Linccpeusi.ss&#39;</strong></span> <span class='ocrx_word' id='word_1_377' title='bbox 1853 4416 1859 4505; x_wconf 78' lang='lat' dir='ltr'><strong>j</strong></span> 
     </span>
    </p>
   </div>
   <div class='ocr_carea' id='block_1_3' title="bbox 53 1614 56 1631">
    <p class='ocr_par' dir='ltr' id='par_1_26' title="bbox 53 1614 56 1631">
     <span class='ocr_line' id='line_1_37' title="bbox 53 1614 56 1631; baseline 0 0"><span class='ocrx_word' id='word_1_378' title='bbox 53 1614 56 1631; x_wconf 87' lang='lat' dir='ltr'><strong>l</strong></span> 
     </span>
    </p>
   </div>
   <div class='ocr_carea' id='block_1_4' title="bbox 125 4559 482 4661">
    <p class='ocr_par' dir='ltr' id='par_1_27' title="bbox 125 4559 482 4661">
     <span class='ocr_line' id='line_1_38' title="bbox 125 4559 482 4605; baseline 0 -10"><span class='ocrx_word' id='word_1_379' title='bbox 125 4559 204 4604; x_wconf 39' lang='lat'><strong>:¹³³</strong></span> <span class='ocrx_word' id='word_1_380' title='bbox 232 4568 291 4605; x_wconf 69' lang='grc' dir='ltr'><strong>ε...</strong></span> <span class='ocrx_word' id='word_1_381' title='bbox 374 4595 377 4602; x_wconf 20' lang='grc' dir='ltr'><strong>Α</strong></span> <span class='ocrx_word' id='word_1_382' title='bbox 479 4589 482 4601; x_wconf 80' lang='grc'>,</span> 
     </span>
     <span class='ocr_line' id='line_1_39' title="bbox 199 4598 427 4637; baseline -0.009 -3"><span class='ocrx_word' id='word_1_383' title='bbox 199 4598 204 4634; x_wconf 93' lang='lat' dir='ltr'><strong>l</strong></span> <span class='ocrx_word' id='word_1_384' title='bbox 231 4607 237 4632; x_wconf 79' lang='lat' dir='ltr'><strong>r</strong></span> <span class='ocrx_word' id='word_1_385' title='bbox 306 4601 321 4637; x_wconf 73' lang='lat' dir='ltr'><strong>&#39;j</strong></span> <span class='ocrx_word' id='word_1_386' title='bbox 424 4601 427 4608; x_wconf 86' lang='lat'>&#39;</span> 
     </span>
     <span class='ocr_line' id='line_1_40' title="bbox 219 4645 417 4661; baseline 0 0"><span class='ocrx_word' id='word_1_387' title='bbox 219 4645 223 4654; x_wconf 85' lang='lat'>&#39;</span> <span class='ocrx_word' id='word_1_388' title='bbox 414 4649 417 4661; x_wconf 88' lang='lat' dir='ltr'><strong>r</strong></span> 
     </span>
    </p>
   </div>
   <div class='ocr_carea' id='block_1_5' title="bbox 0 0 2164 5975">
    <p class='ocr_par' dir='ltr' id='par_1_28' title="bbox 0 0 2164 5975">
     <span class='ocr_line' id='line_1_41' title="bbox 0 0 2164 5975; baseline 0 5"><span class='ocrx_word' id='word_1_389' title='bbox 0 0 2164 5975; x_wconf 95' lang='lat' dir='ltr'><strong> </strong></span> 
     </span>
    </p>
   </div>
  </div>
 </body>
</html>
