4317 5975
899 353 1364 529 «ro-

262 640 308 724 in
328 565 512 722 mauride
537 632 606 720 die
628 632 859 719 Nsnuuuu
884 628 1049 717 domini.
1078 631 1304 745 pasche-&2
1322 630 1625 744 penteobostes,
1664 658 1714 715 ac
1741 657 1818 743 per
1849 630 2078 721 earundem

263 750 550 849 mammam,
574 776 648 833 seu
673 746 1017 858 sollempnitatum
1041 762 1214 829 octaum
1247 772 1343 831 oum
1356 747 1588 829 reuercncia
1600 748 1642 829 u
1651 743 1812 835 honore
1825 750 1889 829 &c
1911 741 1970 857 (se
1991 748 2079 837 Neo

263 862 612 977 desperaremus.
636 863 695 945 Ju
721 860 837 947 cums
849 865 909 941 rei
923 859 1174 943 euideneiam
1184 860 1393 972 siggillnm
1408 874 1594 945 nostrum
1606 858 1795 946 duximus
1808 859 2073 969 presentibus

262 973 578 1170 ἰξροἰᾶώάυἳ.
594 977 745 1108 Datum
772 971 885 1087 apud
912 972 1151 1085 Nioopiani
1179 976 1302 1057 Anno
1322 972 1488 1057 Domini
1516 972 2012 1059 .M·.cc·.Lxxx·vt11·.
2031 971 2076 1056 Χ

318 1090 383 1171 ¹⁰¹¹
412 1114 455 1167 ³⁵
483 1087 538 1171 Fe
569 1116 707 1197 mani·
892 1224 1014 1312 sigillet
1033 1226 1205 1311 bortiallet,
1225 1137 1455 1317 remseniqur.

162 1568 169 1573 .
257 1474 466 1579 'ululatii
891 1528 910 1581 .·
970 1484 1005 1553 ’ἶ
1064 1500 1119 1583 Ξῖ
1198 1482 1224 1581 ⁹2
1293 1528 1297 1548 ³
1376 1530 1433 1580 ·;

270 1594 425 1755 955.
551 1728 553 1735 Ι
663 1704 668 1711 ,
900 1594 1070 1713 1288.
1111 1592 1163 1701 d.
1208 1593 1242 1703 3
1288 1592 1438 1736 Febr.
1911 1592 2122 1709 Lunds

349 1810 605 1915 Konuuggssnm
625 1810 818 1878 stedfflstelee
839 1813 881 1901 pd
904 1838 942 1880 en
964 1815 1056 1901 afgib
1075 1817 1114 1883 af
1129 1815 1236 1883 Lnnds
1255 1815 1324 1881 etad
1344 1755 1395 1881 lill
1415 1815 1654 1903 bom-Capitlet
1672 1813 1957 1880 durommastsdes.

1810 1959 1946 2023 Eum

578 2102 643 2185 De
660 2105 837 2214 perusio
863 2104 1025 2188 estiuoli
1048 2102 1322 2210 Confirmaozb
1343 2128 1421 2214 per
1446 2108 1597 2185 erz'cum
1623 2128 1770 2212 regem.

284 2280 288 2294 ·
378 2246 424 2329 E.
452 2245 527 2327 Dei
555 2246 700 2355 gracia.
730 2248 942 2331 Danorum
969 2230 1264 2359 Slauoruinqne
1293 2248 1404 2329 rem
1436 2247 1639 2331 Omnibus
1675 2262 1883 2357 presentes
1921 2244 2079 2331 litteras

266 2359 521 2471 inspecturis.
549 2358 716 2443 salutem
731 2360 774 2441 in
800 2358 968 2441 domino
995 2361 1277 2477 sempiternam
1305 2360 1508 2441 Nouerint
1536 2360 1724 2442 rniuersi.
1751 2357 1866 2469 qnod
1893 2384 1979 2441 nos.
2006 2386 2082 2442 vo·

267 2471 407 2553 lentes.
435 2470 544 2553 Jura.
575 2469 785 2554 libertates
813 2489 855 2553 et
883 2475 972 2582 pias
999 2472 1245 2557 donaciones
1259 2474 1397 2581 potius
1418 2497 1566 2580 augere
1579 2500 1704 2582 quam
1732 2468 1969 2553 diminuere.
1997 2498 2084 2581 qne

268 2584 335 2667 vel
362 2610 465 2695 quas
493 2582 726 2693 Capitulum
753 2584 970 2669 Lundense
999 2614 1021 2666 a
1050 2583 1383 2696 progenitoribus
1410 2584 1559 2666 nostris
1585 2583 1664 2669 sibi
1705 2578 1759 2664 ad
1806 2582 1962 2665 cultum
2003 2584 2082 2667 Dei

268 2697 440 2777 assensit
467 2694 681 2804 indulgeri.
710 2696 971 2808 priuilegium
999 2700 1293 2779 canonicorum
1329 2694 1609 2803 Lundensium
1644 2712 1768 2807 super
1804 2694 1948 2777 debito
1982 2696 2082 2776 esti·

267 2808 366 2890 nali.
393 2824 634 2917 nuncupato
662 2809 885 2915 vulgariter.
925 2806 1259 2917 mytznmergeld.
1302 2808 1402 2916 ipsis
1444 2805 1665 2890 liberaliter
1703 2803 1865 2889 in‘dul'to
1892 2834 1944 2889 ex
1971 2806 2082 2888 anti·

269 2946 366 3030 quo.
394 2934 538 3002 tenore
566 2919 821 3028 presencium
850 2920 1143 3004 confirmamus
1199 2914 1436 3001 Mandantes
1475 2917 1635 3001 ciuibus
1655 2915 1967 3008 ,Lundensibus
2006 2947 2083 3030 per

119 3031 125 3038 ’
268 3031 446 3143 graciam
493 3047 673 3110 nostram
715 3030 897 3111 districte
939 3027 1218 3140 precipiendo
1254 3047 1454 3141 quatenus
1488 3031 1623 3140 ipsum
1660 3058 1824 3138 censum
1859 3023 2083 3114 estiualem.

269 3157 453 3250 tempore
467 3139 607 3222 debito
622 3155 663 3220 et
690 3157 898 3236 consueto,
928 3168 1002 3252 per
1024 3139 1220 3223 discretos
1248 3145 1356 3226 viros
1384 3139 1435 3222 de
1460 3169 1657 3224 consensu
1685 3142 1854 3252 capituli
1881 3142 2081 3253 colligere

250 3251 464 3360 studeant
487 3249 716 3360 diligenter.
782 3252 835 3333 Et
875 3267 1093 3364 antequam
1134 3251 1357 3362 quidquam
1400 3255 1649 3363 percipiatur
1689 3253 1742 3336 de
1777 3255 1959 3352 collecta.
1996 3255 2086 3338 sol·

268 3337 654 3472 'daniel'assignent
681 3365 884 3446 canonicis
912 3349 1120 3473 predictii'
1133 3358 1286 3473 viginti
1303 3357 1459 3474 septem
1487 3393 1641 3450 marcas
1669 3364 1933 3450 denariorum
1952 3393 2087 3453 nouo·

271 3505 375 3557 rum.
402 3471 565 3586 quoad
599 3502 741 3568 eornm
777 3491 962 3584 spectant
984 3474 1239 3584 prebendas.
1274 3475 1451 3586 Singulis
1486 3479 1616 3585 annis.
1652 3477 1802 3560 eisdem
1835 3480 2090 3588 integraliter

272 3585 563 3699 persoluendas
591 3586 714 3693 Quod
743 3589 819 3668 nisi
847 3587 1028 3670 fecerint.
1054 3589 1206 3696 regiam
1235 3616 1318 3671 non
1345 3585 1544 3698 effugiant
1572 3588 1783 3674 ulcionem.
1798 3583 1963 3672 'Pensm
1991 3593 2087 3702 qui·

272 3700 376 3794 dem.
406 3727 498 3782 cum
526 3699 633 3781 diota
661 3698 868 3782 solucione
896 3698 1165 3783 residentibus
1193 3715 1234 3780 et
1262 3700 1580 3798 contumacibus.
1609 3700 1715 3781 hanc
1752 3700 1941 3784 duximus
1976 3703 2088 3784 infli-

265 3798 459 3895 ''endam.
488 3804 688 3893 uidelicet.
715 3808 828 3922 quod
856 3810 1080 3921 principale
1116 3809 1301 3892 debitum
1343 3809 1507 3893 solnant
1547 3841 1638 3895 cum
1681 3810 1882 3917 emenda„
1935 3815 2090 3896 Datum

266 3843 442 4007 lundis
495 3928 618 4006 Anno
645 3923 740 4004 Dzni
782 3921 991 4011 millesimo
1019 3921 1294 4007 ducentesimo
1320 3925 1580 4033 octogesimo,
1595 3940 1755 4012 octauo.
1784 3927 1835 4006 Jn
1872 3922 1938 4026 die
1973 3925 2089 4033 beati

272 4033 396 4144 Blasij
423 4037 599 4118 martiris
633 4033 753 4118 Teste
780 4037 887 4117 Dzno
916 4052 1033 4146 petro
1062 4035 1268 4148 Dapifero.
1383 4123 1417 4161 ,Ι

266 4355 413 4576 ‚ggg
824 4489 827 4499 ·
914 4433 1060 4544 1288
1103 4433 1152 4541 d.
1208 4472 1275 4542 ιο
1320 4431 1467 4546 Febr.
1801 4533 1805 4541 -

358 4581 511 4670 Rislopen
532 4585 542 4646 i
565 4585 753 4674 Linlb‘ping,
773 4587 882 4674 liertig
903 4588 1021 4656 Bmors
1040 4584 1231 4654 stadiistelse
1251 4587 1702 4676 plBislropHeuriksbreiem
1710 4584 2093 4653 Cniltiondeneiliuv.

1753 4749 1949 4809 diffie

196 4975 201 4984 .
385 4883 594 4969 Vniuersis
622 4907 829 5000 presentes
858 4889 1014 4972 litteras
1050 4889 1304 5000 jnspeoturis
1340 4913 1584 4985 uumerus
1611 4891 1691 4986 dei,
1705 4877 1851 5002 gracia}
1867 4889 2088 5000 episeopus

274 4995 555 5108 lyncopensis,
579 4997 664 5116 dux
693 5000 885 5086 finlandie
912 4999 1080 5084 salutern
1109 5004 1153 5084 in
1181 5001 1350 5106 domino
1376 5007 1680 5115 sempiternam
1712 5003 1884 5098 ‚Nosnm
1908 5003 1963 5084 sit
1990 5028 2085 5083 om·
