4317 5975
769 396 1355 573 *2⁷⁰-

255 668 379 764 uiros,
395 668 611 747 Dominum
626 662 839 745 Nicolaum
849 664 1069 759 Uscanam,
1084 678 1125 742 et
1139 663 1374 771 Magistrum
1383 661 1648 741 Laurentium
1662 657 1881 760 canonicos
1893 654 2055 738 ecclesie

208 822 211 831 2
256 780 489 889 upsaliensis
531 776 841 884 metropol-itane
887 791 1024 855 nostre
1059 773 1280 883 quemlibet
1321 800 1461 853 eorum
1508 774 1548 853 in
1596 769 1768 851 solidum
1810 771 1865 851 ita
1901 785 2058 851 utnon

257 892 309 971 sit
338 890 478 969 melior
506 886 688 968 conditio
717 887 953 994 occupantis
981 882 1033 965 ad
1062 884 1422 993 representandum
1452 883 1502 965 de
1531 897 1671 963 nostro
1707 899 1749 964 et
1784 882 1950 963 ecclesie
1979 906 2056 961 ao·

258 1018 339 1083 stre
378 1000 539 1079 nomine
588 1028 724 1085 coram
766 997 988 1079 Sanctitate
1030 998 1174 1076 Vestra
1217 1014 1258 1077 et
1295 995 1347 1076 ad
1388 992 1675 1103 exponendum
1717 992 1867 1075 damna
1916 1019 2058 1102 graua-
2150 1053 2151 1058 a

259 1112 378 1192 mina·
401 1128 441 1189 ct
483 1109 743 1217 inportabilia
788 1137 910 1188 onera
961 1135 1043 1218 que
1085 1108 1343 1188 obuenerunt
1378 1106 1603 1187 obueniuut
1642 1122 1683 1185 et
1716 1106 1915 1186 obuenire
1968 1130 2059 1212 pos·

221 1310 223 1313 ,
258 1240 352 1303 sunt
381 1222 497 1301 nobis
528 1236 569 1300 et
600 1221 753 1329 prefate
782 1219 948 1300 ecclesie
977 1218 1177 1327 upsalensi
1217 1245 1368 1328 proco
1396 1234 1515 1297 etex
1543 1243 1592 1296 eo
1620 1235 1662 1299 et
1689 1244 1735 1296 ea
1771 1216 1985 1298 occasione
2019 1230 2059 1293 et

242 1322 396 1428 causa,
447 1330 558 1441 quod
610 1329 816 1412 lundensis
870 1328 1197 1437 archiepiscopus
1226 1349 1366 1411 contra
1397 1355 1471 1407 nos
1501 1344 1541 1407 et
1569 1328 1776 1409 ecclesiam
1810 1326 2058 1437 upsalensem

257 1446 321 1553 jus
336 1442 525 1523 vendicat
540 1459 579 1521 et
595 1443 809 1523 nendicare
825 1444 968 1523 nititur
986 1443 1188 1548 primacie,
1205 1468 1386 1521 asserens
1399 1438 1512 1549 quod
1537 1440 1758 1549 upsalensis
1778 1441 1941 1534 electus,
1962 1465 2059 1517 eon·
2104 1436 2107 1445 ’

258 1557 528 1635 firmacionem
547 1584 567 1633 a
585 1552 773 1634 lundensi
798 1554 1103 1661 archiepiscopo
1124 1555 1472 1649 consecracionem
1487 1567 1528 1631 et
1542 1553 1667 1633 eciam
1689 1551 1854 1659 pallium
1878 1551 2058 1657 recipere

120 1666 128 1677 ’
258 1683 455 1747 teneatur.
515 1666 567 1744 Et
596 1662 647 1744 ad
675 1664 986 1774 supplicandum
1016 1663 1227 1744 Sanctitati
1256 1666 1398 1743 Vestre
1431 1664 1623 1771 quatinus
1657 1663 1951 1769 compacientes
1986 1687 2059 1741 no·

259 1778 321 1858 bis
365 1789 424 1856 et'
448 1775 611 1857 ecclesie
663 1792 799 1855 nostre
841 1775 1073 1883 upsalensi·
1096 1802 1302 1883 apponere
1353 1771 1572 1882 dignemini
1624 1771 1844 1853 remedium
1890 1791 2059 1880 oportu-

160 1886 163 1893 ’
259 1917 355 1968 num
404 1906 447 1969 ut
488 1888 593 1968 dicta
638 1888 858 1995 upsalensis
900 1887 1066 1967 ecclesia
1113 1888 1321 1966 occasione
1361 1881 1590 1967 huiusmodi
1632 1884 1800 1966 ulterius
1841 1913 1922 1991 non
1997 1912 2061 1962 ra·

260 2016 390 2078 uetur.
448 2000 598 2079 Damus
627 1999 791 2107 insuper
818 1995 937 2078 dictis
978 1997 1312 2106 procuratoribus
1356 2014 1397 2076 et
1423 1996 1591 2077 cuilibet
1630 2024 1769 2077 eorum
1807 1998 1850 2076 in
1885 1914 2061 2075 solidum

258 2126 497 2219 potestatem
529 2114 569 2191 in
599 2110 751 2189 animas
780 2127 937 2189 nostras
969 2128 1010 2189 et
1038 2108 1255 2189 cuiuslibet
1282 2128 1463 2188 nostrum
1500 2105 1706 2216 prestandi
1742 2108 1793 2188 de
1830 2107 2062 2214 calumpnia

258 2240 298 2301 et
326 2218 376 2301 de
404 2222 573 2302 veritate
603 2221 771 2302 dicenda
808 2239 848 2302 et
877 2220 1092 2303 cuiuslibet
1119 2220 1283 2303 alterius
1311 2222 1468 2329 generis
1495 2220 1784 2313 iuramentum,
1816 2217 2060 2299 Restitucio·

258 2362 350 2413 nem
379 2336 421 2413 in
450 2334 650 2441 integrum
682 2332 958 2441 principaliter
987 2350 1027 2413 et
1056 2329 1281 2413 incidenter
1308 2331 1428 2411 semel
1458 2347 1499 2409 et
1537 2330 1689 2439 pluries
1726 2327 1891 2437 petendi
1925 2348 1966 2410 et
2001 2327 2062 2408 fa·

259 2443 392 2524 ciendi
433 2444 474 2524 in
518 2444 710 2551 predictis
757 2463 812 2525 et·
838 2446 942 2524 circa
987 2441 1167 2551 predicta
1204 2439 1404 2552 quidquid
1444 2471 1517 2523 nos
1553 2444 1629 2550 ipsi
1671 2442 1804 2523 facere
1853 2468 2062 2547 possemus

258 2558 291 2635 si
320 2569 526 2663 presentes
565 2582 747 2637 essemus.
793 2559 842 2635 Jn
886 2556 1079 2663 predictis
1115 2569 1248 2634 autem
1295 2554 1485 2634 omnibus
1521 2569 1569 2633 et
1611 2554 1781 2663 singulis
1821 2553 1944 2633 alium
1986 2578 2061 2632 seu

259 2665 358 2747 alios
387 2683 671 2775 procuratores
700 2668 903 2769 semelffet
945 2667 1095 2774 pluries
1138 2664 1407 2759 substituendi
1457 2666 1528 2773 qui
1572 2663 1738 2745 eandem
1782 2667 1826 2744 in
1869 2663 2061 2745 omnibus

257 2775 434 2858 habeant
462 2794 701 2885 potestatem
738 2797 777 2859 et
805 2779 846 2857 in
885 2803 927 2857 se
962 2780 1070 2885 ipsos
1113 2778 1419 2886 procuracionis
1460 2774 1639 2857 officium
1681 2773 1910 2857 resumendi
1952 2802 2062 2885 quo·

257 2889 365 2969 ciens
393 2890 449 2967 eis
477 2907 518 2969 et
559 2916 698 2968 eorum
743 2888 910 2968 cuilibet
953 2886 1159 2971 uidebitur
1193 2886 1386 2997 expedire
1426 2890 1708 2996 promittentes
1743 2887 1821 2968 sub
1856 2886 2063 2996 ipotheca

256 3016 297 3080 et
324 3000 578 3108 obligacione
607 3001 784 3080 omnium
815 2999 1017 3080 bonorum
1054 3015 1298 3094 nostrorum,
1340 3027 1415 3081 nos
1455 3017 1587 3079 ratum
1627 3019 1783 3109 gratum
1820 3029 1867 3080 ac
1900 3000 2063 3078 lirmum

257 3127 455 3220 perpetuo
482 3111 709 3207 habituros,
738 3109 941 3220 quidquid
971 3138 1043 3219 per
1085 3109 1215 3190 dictos
1258 3125 1521 3217 procuratur,
1565 3127 1607 3191 et
1646 3115 1788 3192 eorum
1835 3108 2064 3220 quemlibet

258 3223 518 3303 substitutum
556 3249 626 3301 seu
655 3220 896 3300 substitutos
925 3222 975 3301 ab
1009 3223 1065 3300 eis
1094 3239 1302 3301 eteorum
1337 3221 1468 3328 altero
1507 3238 1663 3321 actum,
1699 3239 1855 3329 gestum
1889 3239 1931 3301 et
1961 3249 2065 3329 pro-

257 3349 441 3414 curatum
470 3332 592 3412 luerit
620 3334 660 3411 in
691 3331 891 3439 premissis
920 3349 959 3410 et
987 3333 1092 3411 cirea
1123 3333 1325 3439 premissa.
1366 3335 1421 3413 Jn¹
1447 3336 1561 3415 cuius
1591 3334 1650 3412 rei
1677 3335 1948 3414 testimonium
1963 3360 2064 3440 pre·

257 3461 388 3526 sentes
419 3445 570 3522 litteras
599 3443 683 3522 fieri
713 3443 879 3522 fecimus
907 3459 947 3522 et
972 3443 1198 3551 =sigillorum
1236 3460 1467 3525 nostrorum
1497 3447 1720 3528 munimine
1747 3445 1945 3526 roborari.
1974 3447 2063 3526 Da·

257 3573 344 3634 tum
372 3554 483 3662 apud
512 3553 682 3664 feringnt.
713 3554 828 3633 XVI·
859 3551 1053 3635 kalendas
1081 3554 1190 3664 Julij.

342 3697 508 3780 Bislopeus
528 3697 622 3778 sigili,
643 3696 775 3764 sladadt
796 3697 908 3773 finnes;
931 3697 967 3757 ul
984 3697 1244 3842 ngt-Capiplrts,
1266 3699 1307 3780 pa
1330 3719 1368 3760 en
1397 3721 1435 3761 ur
1461 3697 1582 3763 brefuet
1611 3700 1723 3761 skuren
1756 3720 1865 3779 mursa,
1897 3701 1982 3763 blott
2014 3715 2063 3767 ett

1023 3802 1047 3866 ¹,
1097 3794 1162 3864 stye
1182 3803 1202 3842 e
1223 3801 1309 3863 quau
1779 3821 1791 3834 ι

261 4015 393 4161 996.
460 4121 464 4128 ,
911 3989 1077 4160 1289.
1121 4013 1191 4152 d..
1227 4011 1408 4118 ticli.
1525 4125 1527 4127 ,
1765 4014 2062 4162 Strengniis.

299 4174 302 4182 Ι
338 4200 512 4282 Konungeu
534 4201 664 4260 Maestus
687 4199 725 4260 lte
746 4201 914 4263 Fastebrel
929 4203 970 4285 pt
997 4200 1117 4286 Eleby,
1143 4201 1263 4264 huillet
1289 4201 1446 4265 Riddaren
1475 4205 1609 4267 Werner
1637 4203 1760 4265 Brunle
1788 4201 1897 4264 teratu
1922 4201 1968 4264 till
2001 4203 2064 4265 Bi·

389 4283 466 4366 slop
487 4282 599 4400 Auund
622 4283 630 4340 i
654 4281 826 4365 strengnaa
1080 4305 1086 4318 ¹
1205 4325 1210 4334 ·
1700 4363 1862 4436 ΜΗ.
1879 4367 1920 4437 ¹4·

367 4465 576 4546 Uniuersis
604 4467 742 4547 christi
770 4464 956 4546 fidelibus
984 4486 1188 4574 presentes
1217 4467 1369 4546 litteras
1398 4468 1646 4576 inspecturis.
1675 4467 1844 4577 Magnus
1872 4466 1937 4548 dei
1960 4496 2063 4574 gra·

256 4578 315 4658 cia
346 4605 547 4656 sweorum
582 4579 865 4687 Gotorumque
902 4605 988 4658 aex.
1017 4578 1195 4657 Salutem
1239 4578 1281 4656 in
1324 4578 1491 4659 domino
1533 4579 1643 4660 ihesu
1685 4579 1858 4675 christo,
1902 4580 2062 4662 Coram

256 4690 517 4768 uniuersitate
547 4707 676 4769 vestra
706 4705 846 4769 tenore
891 4691 1139 4798 presencium
1175 4694 1499 4798 recognoscimus
1539 4687 1732 4770 dilectum
1766 4689 1933 4778 ,fidelem
1977 4719 2063 4772 no·

255 4815 381 4880 strum
412 4806 452 4878 u
481 4800 656 4881 militem.
685 4799 893 4881 dominum
924 4827 1150 4882 wernerum
1179 4798 1331 4881 dictum
1360 4797 1534 4882 Brunltae
1562 4801 1747 4912 predium
1778 4798 1930 4882 dictum
1945 4801 2062 4884 Else-
2129 4893 2132 4898 ,

255 4909 313 5010 bu
341 4909 526 4992 uidelicet
553 4912 781 5020 quindecim
813 4911 977 4992 sollidos
1005 4931 1112 4995 terre
1140 4941 1232 4994 cum
1261 4910 1428 4994 dimidio
1470 4913 1689 4996 venerabili
1733 4916 1838 5023 patri
1883 4911 2061 4996 domino

142 5025 146 5038 ’
196 5053 201 5058 ·
254 5021 434 5132 Anundo
462 5023 713 5129 strengnensi
743 5023 952 5134 Episcopo·
974 5051 1051 5133 pro
1073 5027 1239 5136 triginta
1266 5024 1440 5108 marchis
1467 5023 1725 5117 mariarum
1753 5033 1793 5108 8(
1806 5053 1885 5110 uua
1900 5026 2062 5110 usualis
