4317 5975
796 390 1214 473 -305-

109 612 215 693 dium
244 636 373 719 meum
404 606 518 719 quod
548 607 696 688 ibidem
725 610 883 691 retineo
911 636 994 691 esse
1028 612 1197 693 situatas
1224 614 1273 693 Jn
1310 610 1426 689 cuius
1461 614 1518 691 rei
1546 611 1817 692 testimoninm
1853 612 1907 695 si·

107 723 245 833 gillum
274 748 403 801 meum
420 721 673 826 presentibus
702 736 761 800 est
790 748 1024 829 appensum,
1054 725 1202 802 Datum
1219 721 1369 829 vpsalie
1399 748 1507 801 anno
1528 720 1692 803 domini.
1716 724 1790 803 Μ’.
1807 724 1905 805 CC‘.

107 834 372 941 Nonagesinro
401 834 542 928 Nono,
566 836 616 911 ln
647 834 822 911 crastino
852 832 959 913 beati
988 834 1142 914 Nicolai
1171 834 1350 942 episcopi
1379 838 1419 913 8ι
1446 832 1695 915 confessoris.
1798 921 1801 929 ,

506 976 626 1061 sigillet
650 952 814 1038 bortlnllet
837 976 906 1039 frio
929 974 988 1037 deo
1013 997 1052 1037 ur
1073 974 1198 1039 brefvet
1219 974 1344 1059 klipptn
1366 996 1498 1037 remsan.

80 1310 286 1486 ⁵1295.
760 1343 1007 1489 ¹²99'd·
1059 1385 1086 1486 7
1143 1343 1266 1447 Dec
1404 1284 1452 1382 1'

183 1527 397 1592 Abbedissans
419 1531 429 1590 i
451 1530 686 1612 Wdrl‘rubergn
708 1530 827 1592 kloster
849 1510 1005 1593 Salubref
1024 1532 1064 1615 pt
1090 1552 1107 1593 2
1129 1530 1301 1612 drtugland
1323 1530 1384 1593 och
1405 1532 1424 1593 3
1446 1529 1659 1614 penningland
1686 1530 1755 1615 jord
1775 1532 1786 1592 i
1808 1532 1908 1618 styr·
2018 1535 2020 1546 '

271 1612 318 1691 la,
341 1612 451 1675 bvilka
472 1612 583 1677 ollitas
604 1614 652 1676 till
674 1613 740 1676 sko
763 1614 894 1693 kloster,
925 1624 991 1676 mot
1012 1614 1150 1699 ndjaktig
1173 1614 1343 1696 beltlsslflss·
1647 1694 1674 1748 Α
1703 1696 1719 1749 3
1748 1692 1766 1747 k

210 1800 426 1879 Vniuersis
456 1814 661 1907 presentes
691 1798 844 1879 litteras
872 1798 1134 1879 cernentibus
1161 1800 1203 1879 K
1232 1797 1282 1879 de
1312 1814 1448 1878 monte
1479 1796 1595 1877 beate
1620 1797 1806 1907 uirginis,
1834 1800 1907 1881 ab·
1975 1793 1983 1804 ’

110 1910 253 1991 batissa
283 1911 450 1991 salutem
482 1912 532 1991 in·
552 1907 718 1989 domino
755 1910 1059 2018 sempiternam,
1089 1910 1250 2018 Terrore
1289 1910 1538 2017 presencium
1574 1923 1761 1989 constare
1790 1911 1911 1991 uolu-¹
2003 1951 2011 1974 ·

11 2083 14 2123 ι
109 2049 189 2101 mus
221 2049 298 2103 nos
325 2050 416 2103 cum
445 2021 581 2111 nostri¹
603 2036 832 2101 conuentus
860 2020 1032 2101 consilio
1058 2018 1161 2099 duos
1189 2018 1339 2105 solidos
1367 2047 1458 2100 cum
1488 2020 1620 2103 tribus
1634 2018 1810 2101 denariis
1824 2037 1906 2101 ter·

108 2158 281 2242 requos
309 2134 350 2212 in
381 2130 513 2231 skirtla
543 2131 756 2213 habuimus
775 2130 992 2211 'sororibus
1024 2129 1075 2211 de
1103 2130 1177 2211 sko
1208 2159 1283 2239 pro
1313 2133 1450 2239 precio
1478 2129 1684 2239 condigno
1701 2129 1907 2217 uendidis-

107 2272 143 2323 se
167 2243 461 2325 transferentes
490 2244 531 2323 in
561 2242 756 2347 ipsasius
785 2246 825 2321 &
854 2239 1076 2343 dominium
1100 2242 1333 2349 possidendi
1363 2242 1584 2350 predictam
1612 2258 1774 2338 terrain,
1805 2270 1907 2325 uen-
1997 2262 2007 2283 ⁴
2138 2244 2146 2255 ⁴

12 2397 13 2411 ι
109 2353 220 2436 dendi
257 2383 326 2435 seu
355 2381 524 2465 quoquo
563 2353 643 2433 alio
680 2348 801 2432 nrodo
837 2350 1056 2437 ordinandi
1085 2355 1291 2433 noluerint
1320 2380 1496 2461 prorue
1530 2353 1646 2436 libito
1685 2354 1911 2445 uoluntatis,

11 2488 17 2541 ῖ-
111 2468 147 2545 in
173 2468 294 2547 cuius
332 2467 390 2547 rei
426 2465 698 2546 testimonium
735 2462 910 2572 sigillum
953 2480 1136 2545 nostrum
1174 2481 1235 2543 est
1278 2492 1521 2573 appensum,
1557 2463 1758 2573 Scriptum
1795 2484 1904 2547 anno

13 2663 17 2680 ,
111 2574 261 2657 domini
289 2576 347 2656 Μ·
380 2578 464 2657 CC'
497 2575 756 2683 nonagesimo
785 2600 897 2655 nono
926 2576 969 2655 in
997 2572 1143 2655 octana
1172 2575 1279 2655 beati
1307 2572 1470 2657 andree.

745 2714 792 2777 Pt
812 2712 982 2779 baksident
1001 2734 1099 2801 supra
1119 2714 1240 2781 abital·-
1430 2708 1439 2795 s

522 2830 723 2919 sigillet‚.pl
745 2852 783 2895 en
805 2852 845 2895 nr
866 2830 992 2896 brelvet
1012 2830 1119 2918 llippt
1139 2851 1255 2914 remu,
1276 2829 1421 2902 akadedt.

123 3183 289 3350 1296,
605 3295 610 3306 ,
803 3237 955 3347 1299
1011 3197 1310 3346 dpDec.
1705 3197 1944 3349 Upsala..

184 3391 300 3455 Fom
320 3387 501 3452 Jonrsrons
520 3387 691 3534 lldtesbrel
708 3385 748 3474 pt
770 3387 839 3473 jord
859 3390 870 3450 i
891 3387 1094 3470 Beldiogstad
1115 3385 1177 3450 ocb
1198 3387 1289 3466 Fors,
1309 3405 1377 3448 ιοιιι
1398 3381 1516 3449 lemnae
1535 3383 1732 3471 trtebntop
1751 3384 1818 3448 Nils
1844 3349 1913 3460 och.
2005 3418 2011 3430 s

270 3471 479 3557 nomtyrkm
501 3471 513 3532 i
568 3473 670 3557 prela,
692 3483 759 3535 mot
779 3469 848 3556 jord
869 3473 880 3534 i
901 3472 983 3536 Lino
1003 3471 1065 3535 ocb
1088 3491 1129 3534 ao
1149 3470 1240 3534 marl
1262 3472 1445 3554 penningar.

1609 3549 1773 3620 ncnc

215 3655 423 3740 Omnibus
450 3675 653 3764 presentes
680 3655 834 3738 litteras
861 3655 1116 3764 inspecturis,
1144 3653 1310 3736 Formo
1339 3656 1541 3749 lorusort,
1569 3652 1738 3734 salutem
1768 3654 1809 3734 in
1833 3651 1906 3734 do-

117 3767 216 3846 mino
250 3768 544 3876 sempiternam,
568 3767 719 3848 Notum
749 3766 854 3847 facio
883 3793 957 3876 per
983 3781 1203 3877 presentes,
1231 3764 1343 3875 quod
1372 3764 1596 3846 uenerabili
1622 3764 1730 3871 patri
1760 3791 1807 3844 ae
1835 3760 1909 3846 do·

10 3923 11 3930 1
115 3878 215 3958 mino
249 3875 496 3974 reuerendo,
527 3879 700 3958 Domino
731 3875 889 3958 nicolao
918 3878 1177 3958 miseracione
1204 3875 1341 3957 diuina
1381 3875 1683 3984 archiepiscopo
1720 3873 1907 3983 upsalen·
1951 3961 1965 3978 ,

9 4001 14 4073 ς’
116 3988 144 4067 ti
170 4017 213 4068 ac
246 3991 332 4070 eius
360 3989 536 4086 ecclesie,
564 3991 723 4097 assigno
750 3986 953 4069 dimidiam
982 3989 1185 4070 maroham
1213 4003 1321 4068 terre
1334 3988 1377 4067 in
1396 3983 1906 4094 ballingstathum,&duas
1992 4039 1997 4058 .

4 4107 11 4172 f
116 4121 198 4179 oras
213 4115 325 4180 terre
341 4101 382 4180 in
401 4101 482 4182 lors
497 4100 538 4180 in
556 4098 739 4197 olandia,
768 4105 809 4180 8ι
830 4125 1003 4180 exnunc
1032 4101 1073 4180 in
1102 4101 1233 4208 ipsum
1263 4103 1304 4178 8<
1331 4097 1417 4206 ejus
1443 4097 1650 4178 ecclesiam
1681 4097 1905 4205 proprieta-

118 4226 188 4290 tem
212 4212 431 4321 &plenum
462 4215 524 4291 ius
553 4210 660 4294 dicte
687 4227 793 4291 terre
821 4208 1035 4307 transfero,
1065 4238 1141 4320 pro
1170 4237 1251 4320 qua
1269 4227 1376 4289 terra
1393 4206 1675 4291 habuiadicto
1694 4222 1808 4316 patre
1824 4225 1906 4304 tres

10 4409 17 4431 ι
66 4321 72 4332 ’
120 4345 203 4401 oras
229 4339 339 4404 terre
368 4323 411 4402 in
439 4323 545 4415 Lino
574 4329 613 4404 8ι
643 4323 744 4404 .ΧΧ.
774 4321 958 4403 Marchos
985 4318 1075 4402 den.
1106 4347 1208 4432 quas
1248 4346 1413 4428 prome
1449 4320 1572 4401 soluit
1599 4319 1759 4409 racione
1787 4334 1907 4400 testa·

9 4459 16 4521 t
122 4435 235 4514 menti
264 4432 401 4516 dilecti
429 4434 623 4515 auunculi
641 4435 728 4515 mei
758 4433 910 4515 domini
940 4430 1069 4514 karoli
1099 4431 1544 4539 canonici'vpsalensis,
1566 4429 1611 4538 jn
1625 4431 1739 4510 cuius
1754 4431 1812 4510 rei
1827 4446 1907 4513 tes·

9 4627 10 4648 p
123 4541 323 4625 timonium
360 4544 533 4654 sigillum
579 4539 708 4627 meum
753 4543 852 4626 duxi
898 4543 1151 4654 presentibus
1195 4541 1494 4654 apponendum.
1565 4545 1711 4651 Actum
1752 4541 1908 4652 vpsatie

8 4693 12 4720 ι
126 4679 227 4736 anno
256 4655 410 4738 domini
443 4657 530 4738 .M·.
553 4655 653 4738 CC‘.
676 4655 761 4738 XC.
791 4657 888 4762 IX·²
925 4655 1025 4736 feria
1068 4671 1213 4766 quarta
1259 4656 1444 4763 proxima
1480 4669 1572 4766 post
1614 4653 1762 4735 festum
1798 4652 1908 4738 beati

126 4761 272 4848 Nicolai
300 4767 551 4850 confessoris.

457 4955 464 4966 Ι
514 4875 637 4958 sigillet
657 4875 821 4940 bertlallet
843 4875 913 4940 l'rdn
935 4873 994 4938 den
1018 4897 1060 4937 ur
1082 4876 1207 4964 brelvet
1227 4874 1352 4962 llippta
1373 4895 1504 4937 remeari.

216 4931 572 5048 eenamcenam
801 5025 806 5040 ,
1738 4957 1779 5040 ³9
