4317 5975
798 476 856 495 ...
948 432 1039 556 '401
1156 472 1214 497 .-

62 643 65 654 ’
96 653 160 733 nia
190 649 290 730 bero
317 618 360 730 et
388 647 575 729 valterus.
605 651 751 737 Actrrm
786 647 833 757 jn
867 643 955 732 ribt
983 678 1091 735 anno
1119 652 1271 736 domini
1302 654 1521 739 .M⁰.CCC⁰
1540 632 1644 738 llI'.¹
1661 654 1761 739 feria
1791 656 1901 739 llllr

96 765 279 873 proxima
306 775 402 841 ante
420 759 596 843 Martini.
627 758 691 841 Ad
720 761 1071 845 confirmacionem
1101 784 1233 847 autern
1260 765 1384 849 buius
1407 768 1627 850 voluntatis
1650 796 1748 861 mee,
1764 770 1905 878 sigilla.

97 874 261 1003 dantiae
290 900 378 1001 mee
412 873 674 981 Ragnburgis
701 887 743 953 et
771 872 906 966 fratris
949 875 1103 957 israelis
1145 880 1293 992 prioris
1340 882 1602 963 sictoniensis.
1645 878 1739 962 huic
1773 882 1906 965 littere
2010 974 2016 981 ,

15 1028 25 1039 ·
96 1012 250 1095 apponi
280 1000 387 1094 peto.

454 1092 710 1175 refrenatam
728 1095 963 1157 Testamentum
985 1116 1042 1179 per
1063 1096 1192 1159 fratrem
1216 1098 1319 1181 lycud.
1341 1113 1549 1185 procuratum.

682 1210 812 1293 sigilles
835 1212 1021 1293 bortiallna,
1052 1232 1211 1277 remsorna
1233 1234 1319 1297 qrar.

109 1530 276 1642 1412.
759 1512 912 1621 1303
957 1510 1258 1685 d·7,N0V·
1501 1626 1517 1645 ‚¹
1592 1650 1599 1669 ¹
1757 1516 1903 1623 Rom.

23 1798 32 1829 r
101 1696 105 1703 ¹
180 1733 299 1797 Pdlven
322 1730 507 1795 annrcrns
528 1734 598 1796 xta
619 1734 707 1798 Bulla
728 1736 778 1799 till
799 1732 1117 1823 Ialebislopen'lsar
1138 1740 1146 1801 i
1169 1740 1261 1801 Lund
1283 1738 1353 1801 med
1376 1738 1578 1801 lb'rlrlarande
1599 1740 1637 1800 ai
1653 1735 1788 1819 Konung
1809 1700 1930 1799 Erilis⁸

230 1818 239 1876 i
262 1816 423 1878 Danmarl
446 1816 605 1896 giRrrmil
627 1818 698 1881 med
720 1819 857 1883 Srensla
875 1822 1215 1905 Prinsessaulngeborg
1237 1823 1285 1885 lb'r
1308 1823 1424 1905 lagligt,
1447 1820 1576 1885 caltadt
1599 1822 1637 1883 de
1663 1820 1902 1901 trobeslagtade
1949 1868 1951 1873 ,

229 1897 359 1981 illerde
382 1898 443 1960 led.

1375 1986 1405 2041 F.
1426 2003 1448 2041 a:
1467 1988 1524 2045 358.
1542 1988 1577 2041 Α.
1595 1990 1637 2043 ar.
1656 1986 1706 2055 Ep.
1724 1986 1766 2039 ao.

150 2122 421 2200 Baaaorows
447 2121 522 2200 XI
544 2126 718 2201 instante
747 2122 956 2229 ingeburg
982 2122 1127 2205 Sorore
1147 2104 1278 2231 'trega
1306 2125 1461 2206 Scotto
1501 2128 1709 2208 committit
1737 2120 1924 2205 Archia-s

173 2276 182 2286 ·
218 2238 381 2341 piscopo
397 2231 599 2312 medena
624 2232 676 2311 ob
705 2234 978 2343 impedimento
991 2236 1072 2331 deti
1089 2236 1244 2341 gradus
1257 2236 1485 2347 dispensare
1500 2266 1589 2317 cum
1611 2238 1721 2341 Rege
1749 2238 1900 2327 Datim,

225 2346 289 2423 uti
313 2358 515 2423 statuerat
543 2345 779 2444 Bonisocius
805 2345 927 2427 VIII.
1619 2386 1624 2397 ·

146 2484 419 2677 Bfflsssaiicws
433 2488 521 2675 8lire.
551 2486 780 2567 Venerabili
796 2488 940 2590 fratri
967 2486 1001 2567 1.
1030 2486 1331 2599 Arclriepiscopo
1345 2486 1548 2569 moderat
1568 2485 1706 2567 Suetie
1720 2488 1904 2601 Primoti

110 2664 116 2673 .
326 2613 406 2675 tem
473 2623 506 2675 c.
715 2632 719 2640 ·
1288 2666 1290 2671 ,

200 2772 315 2854 Licet
343 2776 590 2855 matrimonii
633 2789 890 2854 contractum
919 2777 961 2855 in
990 2793 1140 2885 quarto
1168 2776 1552 2884 consanguinitatis,
1600 2775 1662 2855 vel
1692 2770 1898 2854 affinitatis

88 2880 218 2993 gradu
248 2883 357 2965 Sacri
387 2885 572 2976 Canones
600 2883 867 2982 interdicant,
896 2890 1106 2968 consuerit
1134 2905 1266 2970 tamen
1296 2884 1497 2972 interdum
1528 2885 1649 2969 Sedes
1676 2880 1898 2997 apostolica

86 3021 214 3104 super
242 2997 320 3078 hoc
349 2995 611 3094 devotorum,
640 3013 682 3079 et
710 3001 880 3078 maxime
925 3025 1205 3108 personarum
1231 3000 1465 3083 sublimium
1502 2997 1665 3082 inducta
1709 2995 1930 3108 precibus‘

89 3107 338 3215 dispensare.
368 3111 514 3190 Petitio
544 3106 707 3220 quidem
736 3111 939 3191 carissime
966 3112 1009 3189 in
1037 3110 1200 3194 Christo
1243 3111 1322 3192 lilie
1349 3111 1558 3220 lngeburg
1586 3111 1746 3191 Sororis
1775 3108 1897 3188 caris·

86 3219 178 3300 simi
206 3221 248 3300 in
277 3219 439 3302 Christo
468 3222 542 3301 filii
570 3224 698 3302 nostri
726 3219 912 3328 Burgerii
939 3221 1060 3330 Regis
1089 3222 1222 3305 Svetie
1251 3223 1423 3304 illustris
1453 3221 1570 3304 nobis
1603 3221 1895 3304 exhibitacon-

85 3329 267 3458 tinebat,
295 3329 528 3442 quodcum
557 3333 653 3413 olim
681 3351 774 3441 post
802 3350 970 3414 mortem
1000 3335 1049 3415 cl.
1079 3363 1193 3416 mem.
1225 3335 1334 3416 Erici
1362 3335 1481 3441 Regis
1511 3333 1627 3415 Datie
1650 3361 1724 3446 per
1753 3347 1896 3442 potan-

85 3443 209 3541 tiam,
237 3458 279 3522 et
307 3443 498 3527 malitiam
527 3445 782 3526 inimicorum
809 3445 897 3525 eins
926 3446 1112 3555 Regnum
1154 3448 1271 3527 Datie
1300 3471 1539 3554 oppressum
1569 3443 1674 3530 foret
1702 3442 1897 3550 multipli·
1998 3455 2001 3470 ’

83 3554 259 3636 citaret
289 3555 532 3669 collapsum,
562 3555 796 3662 magnificus
825 3558 1018 3665 Princeps
1047 3557 1191 3638 Rricus
1220 3557 1307 3636 Rex
1334 3557 1455 3638 Datie
1483 3555 1654 3638 Illustris
1677 3557 1762 3638 eius
1790 3555 1895 3636 filius

86 3693 171 3776 pro
198 3667 392 3768 tuitione,
421 3698 469 3749 ae
497 3667 730 3749 defensione
748 3695 848 3764 sua,
889 3686 931 3748 et
959 3669 1059 3753 dicti
1101 3670 1231 3777 Regni
1273 3697 1364 3748 cum
1408 3666 1545 3750 eadem
1575 3667 1802 3775 Ingeburg,
1845 3665 1896 3746 de

82 3777 204 3859 cuius
232 3780 363 3859 Patris
393 3777 570 3889 presidio
599 3800 768 3889 propter
796 3778 873 3859 boc
902 3781 1121 3889 plurimum
1153 3776 1382 3861 confidebat
1429 3780 1727 3861 matrimonium
1754 3775 1806 3858 de
1838 3777 1895 3856 sa·

82 3906 157 3971 cto
186 3919 258 3998 per
286 3890 410 3971 verba
441 3889 491 3972 de
520 3893 694 4000 presenti
724 3893 946 3988 contraxit,
976 3906 1017 3972 et
1044 3891 1199 3972 carnali
1228 3889 1487 3999 postmodum
1502 3891 1649 3997 copula
1677 3889 1892 3969 subsecuta

82 4001 170 4110 jam
200 4030 275 4109 per
304 4000 441 4111 plnres
469 4031 598 4083 annos
625 4000 874 4083 cohabitavit
901 3998 1041 4084 eidem.
1070 4005 1224 4082 Verum
1252 4004 1349 4112 quia
1378 4003 1455 4108 ipsi
1484 4003 1568 4082 Rex
1598 4003 1727 4096 Datie,
1756 4015 1796 4080 et
1824 3998 1892 4078 In-

82 4112 275 4220 geburgh
304 4133 452 4225 quarto
480 4142 523 4194 se
549 4111 680 4223 gradu
709 4115 1069 4220 consanguinitatis
1105 4116 1348 4220 contingunt
1375 4111 1444 4196 tel.
1470 4141 1549 4195 rec.
1579 4113 1619 4194 tt
1649 4115 1679 4192 P
1707 4114 1750 4214 P.
1778 4110 1888 4190 VIII.

84 4222 354 4306 Predeeessor
369 4227 491 4306 etiarn
521 4243 659 4307 noster
685 4223 735 4304 ad
767 4225 893 4332 ipsius
907 4226 1027 4333 Regis
1039 4227 1157 4307 Datie
1186 4225 1492 4333 supplicationis
1511 4225 1742 4304 instantiam
1770 4248 1893 4330 super

83 4334 360 4444 impendenda
375 4339 432 4418 eis
447 4340 488 4419 in
504 4336 580 4418 hac
595 4355 711 4446 parte
726 4331 1034 4444 dispensationis
1049 4340 1178 4446 gratia
1193 4337 1271 4416 tibi
1286 4354 1383 4419 tunc
1403 4335 1778 4444 Archiepresbitero
1792 4335 1892 4414 Car·

84 4451 318 4528 cassanensi
348 4447 601 4558 Cappellano
642 4474 739 4542 suc,
780 4475 902 4556 quem
940 4476 1018 4559 pro
1046 4446 1289 4558 quibusdam
1307 4441 1311 4452 ’
1331 4448 1502 4556 negotiis
1531 4445 1584 4528 ad
1623 4462 1762 4556 partes
1803 4445 1893 4526 illas

83 4565 379 4657 transmiserat,
408 4588 502 4640 suas
531 4562 630 4640 certi
660 4561 812 4639 tenoris
829 4559 982 4642 litteras
996 4560 1217 4656 distinavit,
1233 4575 1292 4638 set
1322 4575 1366 4638 tu
1383 4557 1432 4640 de
1449 4560 1631 4666 partibus
1659 4561 1756 4668 ipsis
1785 4555 1891 4639 redi·

81 4699 185 4764 ens,
212 4670 324 4780 quod
354 4673 431 4754 tibi
461 4671 731 4752 mandabatur
760 4671 802 4749 in
832 4673 889 4752 eis
917 4676 1065 4782 exequi
1093 4671 1337 4782 nequivisti,
1361 4686 1527 4780 propter
1555 4668 1669 4780 quod
1696 4698 1746 4750 ex
1775 4687 1891 4778 parte

82 4779 201 4863 dicte
228 4783 467 4893 Ingeburgb
504 4783 622 4864 nobis
650 4783 785 4864 extitit
819 4785 1112 4894 supplicatum,
1162 4800 1208 4862 ut
1236 4810 1327 4862 cum
1358 4808 1408 4861 ex
1437 4787 1617 4889 ipsorum
1646 4783 1766 4890 Regis
1809 4783 1891 4860 Da·

43 4893 168 4990 tie,
196 4911 236 4975 et
264 4893 501 5003 ingeburgh
527 4888 802 5005 separatione,
844 4898 877 4973 si
907 4896 1021 4977 fieret
1062 4896 1233 4975 maxima
1275 4890 1485 4988 seandala,
1535 4892 1647 4990 odia,
1677 4912 1719 4976 et
1743 4917 1889 5000 guerre

82 5023 257 5117 possent
286 5005 337 5088 de
367 5006 671 5098 facili-exoriri,
704 5005 923 5115 providere
947 5007 1025 5091 sibi
1067 5005 1254 5087 aedicto
1283 5003 1384 5112 Regi
1412 5005 1546 5104 Datis,
1583 5008 1656 5116 qai
1685 5006 1759 5088 nisi
1787 5017 1890 5084 esset
