4317 5975
757 484 816 506 ...
928 426 1007 549 ῃ’9
1119 484 1178 507 .-

86 662 170 749 drali
194 657 402 741 dominicis
443 648 482 741 dr
524 658 679 743 fmtiois
726 660 873 743 diebus
912 662 1083 757 intersit,
1124 644 1399 743 Justroecioni
1441 685 1612 771 quoquc
1651 662 1870 745 scolarium
1972 648 1976 656 ¹

11 858 12 869 Ν
84 773 211 888 quibus
238 770 428 879 Magister
456 769 646 861 andren.
665 774 831 855 ecclesie
861 789 997 854 nostre
1035 774 1264 881 prepositus
1308 771 1503 881 aliquales
1547 800 1624 881 pro
1665 789 1865 857 sustenta·

83 890 178 969 cionc
205 880 390 963 redditus
417 885 695 990 assignauerat
724 884 938 993 diligenter
974 888 1014 964 ἃ
1048 885 1173 992 gratis
1216 881 1410 981 intendet,
1451 889 1500 966 dr<
1534 886 1578 965 in
1619 888 1731 967 curia
1774 914 1866 994 pre·

84 997 258 1081 dictorum
290 994 505 1103 scolarium
536 1022 609 1101 per
645 995 872 1105 predictum
916 997 1152 1103 magistrum
1198 998 1257 1075 „b
1296 994 1442 1098 collata
1479 1001 1520 1075 8t
1554 998 1755 1106 assignata
1789 998 1865 1077 eis·

11 1118 12 1135 ¹
83 1106 153 1191 mm
181 1102 440 1187 residenciam
472 1105 605 1202 faciat,
635 1114 673 1187 8:
702 1108 753 1188 nd
781 1109 1127 1217 dispensacionem
1154 1132 1422 1213 expensarum
1451 1110 1493 1185 s
1527 1106 1761 1189 reddituum
1794 1133 1865 1187 eo·

81 1246 152 1299 rum
179 1218 310 1324 ipsum
338 1234 644 1325 procuratorem
673 1222 713 1299 a
741 1222 996 1329 prouisorem
1024 1220 1282 1311 instituimus,
1311 1221 1352 1298 &
1385 1217 1618 1299 institutum
1652 1221 1731 1301 sub
1767 1218 1867 1300 lide·
1965 1205 2035 1305 „7

80 1330 182 1413 litatis
209 1328 440 1409 iuramento
468 1328 695 1437 obligatum
728 1358 812 1413 esse
842 1332 1040 1427 volumus,
1069 1328 1122 1410 ad
1153 1332 1225 1409 hec
1254 1325 1426 1409 fideliter
1463 1328 1699 1412 iaciendum.
1743 1328 1866 1413 Ordi-

79 1468 196 1521 namus
224 1439 394 1547 insuper
427 1458 471 1519 ut
499 1466 696 1548 pauperes
724 1448 765 1523 &
793 1470 933 1523 omnes
961 1440 1132 1522 chorum
1162 1440 1469 1551 frequentantes
1502 1444 1544 1520 8(
1578 1458 1787 1524 manentes
1822 1444 1867 1528 in.

79 1549 243 1633 domibus
272 1552 562 1633 canonicorum
591 1553 663 1661 qui
700 1554 753 1635 ab
796 1578 846 1634 eo
886 1554 1030 1634 instrui
1075 1553 1280 1633 voluerint
1322 1553 1447 1659 gratis
1489 1548 1636 1632 docere
1682 1553 1866 1634 similiter

77 1678 254 1755 coeatur,
296 1664 331 1741 si
360 1690 455 1743 vero
491 1661 626 1743 dictus
663 1666 852 1771 prouisor
892 1664 1105 1745 institutus
1146 1691 1169 1741 a
1212 1678 1370 1744 rectore
1414 1668 1455 1743 a
1495 1664 1745 1773 quicumque
1788 1690 1866 1771 pro

75 1795 236 1883 tenpore
266 1770 536 1855 instituendus
565 1776 607 1854 in
637 1778 840 1881 premissis
866 1805 936 1857 seu
965 1777 1007 1855 in
1036 1774 1179 1883 aliquo
1214 1774 1500 1881 premissorum
1534 1774 1741 1882 negligens
1776 1774 1864 1855 fue-

9 1958 10 1963 ,
76 1890 177 1967 rit&
206 1911 281 1991 per
310 1884 537 1991 predictum
567 1902 763 1967 rectorem
794 1888 967 1997 legitime
994 1887 1173 1966 monitus
1200 1912 1243 1966 se
1272 1912 1359 1965 non
1384 1886 1609 1965 correxerit
1636 1886 1703 1967 uel
1731 1913 1863 1967 emen·

76 2000 228 2091 deuenit,
262 1996 458 2077 benelicio
472 2024 545 2076 seu
575 1996 780 2104 prebenda
811 1999 990 2108 predicta
1026 1997 1324 2079 sentencialiter
1352 1998 1538 2104 priuetur
1566 1999 1797 2107 peripsum
1824 1990 1868 2079 s

9 2202 10 2207 Ἰ
79 2108 295 2191 conferatur
324 2108 440 2189 alteri
468 2110 539 2217 qui
587 2110 720 2189 omnia
749 2116 788 2191 81
824 2110 981 2218 singula
1019 2110 1212 2217 premissa
1247 2106 1424 2188 voluerit
1460 2109 1657 2216 potuerit,
1695 2110 1865 2218 promis·

8 2247 10 2297 t
76 2223 155 2301 serit
181 2216 355 2299 lideliter
383 2217 608 2326 adinplere.
639 2222 693 2303 Vt
721 2238 856 2302 autem
884 2223 959 2303 hec
988 2235 1125 2300 nostra
1154 2217 1366 2326 ordinacio
1393 2236 1579 2300 constare
1611 2219 1745 2301 valeat
1779 2236 1863 2299 tum

78 2331 226 2441 posteris
266 2358 390 2438 quam
433 2326 635 2411 modernis
678 2334 806 2439 ipsam
851 2351 989 2413 nostro
1032 2337 1072 2411 br
1121 2332 1248 2411 nostri
1272 2368 1276 2373 ’
1296 2331 1465 2438 capituli
1512 2329 1655 2439 sigillis
1675 2326 1679 2332 ’
1697 2332 1864 2412 facimus

7 2455 8 2482 ¹
77 2443 324 2525 communiri.-
342 2444 491 2523 Datum
520 2442 672 2549 rpmlie
702 2448 824 2525 Anno
838 2443 1005 2552 dominj.
1036 2442 1261 2525 Millesimo.
1289 2443 1389 2523 CC‘.
1418 2443 1691 2550 Nonagesimo
1718 2445 1863 2551 primo,

76 2556 171 2635 lnfrs
197 2574 365 2636 octavas
395 2580 523 2662 pasce.

123 2696 214 2759 iltrai
230 2698 330 2759 linces
351 2714 420 2761 atne
442 2694 627 2779 Exemplart
648 2695 756 2757 Under
777 2696 834 2761 dot
853 2717 911 2760 eus
934 2715 1003 2761 arne
1023 2696 1247 2759 sbuderbrutm
1268 2696 1364 2779 sigill3
1386 2695 1456 2760 frio
1477 2694 1532 2759 det
1550 2692 1650 2759 andra
1676 2693 1796 2777 sigilles

583 2852 593 2865 ἱ
633 2780 813 2859 bortlellnc,
835 2780 894 2843 ocb
917 2782 997 2843 blott
1017 2803 1055 2843 en
1078 2800 1176 2843 remes
1197 2800 1286 2863 qvar.

253 2863 302 2925 Pt
324 2862 490 2925 belridont
511 2861 659 2925 lobannis
681 2861 773 2925 electi
795 2865 833 2927 de
854 2864 1023 2927 scolaribus
1043 2862 1235 2925 studentibus
1262 2862 1380 2945 parisiis
1410 2856 1444 2925 Gt
1471 2859 1663 2923 doctoribus.

7 2950 11 3030 l
120 2948 194 3010 lla.
220 2966 292 3023 120,
319 2964 370 3007 121
397 2945 455 3008 bar
477 2946 525 3008 till
547 2944 741 3014 diverslrill:
765 2948 811 3009 De
834 2948 999 3030 provinciis
1019 2944 1210 3008 studencium
1232 2946 1351 3030 parisiis
1377 2943 1563 3007 confirmatis
1589 2963 1646 3028 per
1672 2943 1801 3006 fratrem
1903 2966 1908 2981 ·

719 3029 892 3092 Iohannem
915 3027 1201 3113 Archiepiscopurn.

88 3265 238 3390 1045.
328 3253 332 3260 ⁴
614 3189 761 3410 1291
814 3263 861 3368 d.
911 3259 1146 3368 23-28
1199 3261 1327 3409 Apr.

137 3481 274 3548 Utvelde
294 3479 542 3566 irie-Bblopeu
564 3485 677 3547 lorus
699 3485 707 3542 i
729 3483 846 3568 Upsala
868 3483 1056 3546 stadlbstelse
1078 3483 1123 3566 pt
1140 3481 1392 3564 Bislopstionden
1415 3479 1453 3542 al
1468 3478 1663 3543 Gestrilland
1685 3478 1744 3542 acb
1766 3481 1861 3565 Tierp
1899 3557 1906 3566 ,

8 3573 9 3632 l
190 3568 237 3630 till
258 3566 316 3632 'det
337 3567 374 3634 el
389 3569 598 3650 Dompmsten
619 3565 758 3628 Andreas
791 3569 840 3630 lb‘r
871 3564 1066 3630 Studeramle
1099 3565 1167 3626 irdn
1200 3564 1319 3649 Upssla
1351 3564 1416 3627 sco
1447 3563 1599 3626 inrsttade
1630 3567 1863 3629 communitati

188 3653 297 3730 Paris3
319 3651 411 3732 jemte
431 3649 590 3712 serslildta
611 3647 736 3730 stedgar
758 3649 891 3713 rbrande
918 3651 1003 3714 desso
1030 3648 1240 3711 Studerondes
1266 3649 1355 3712 sedes
1380 3647 1441 3710 och
1467 3645 1681 3722 ft'irhillsudc,
1709 3645 1862 3728 rattighe·

192 3745 241 3797 ter
263 3731 325 3797 och
346 3731 569 3816 slyldigheter.

1551 3811 1587 3864 A.
1605 3828 1630 3878 7.
1650 3809 1730 3863 nali.

8 3981 9 4026 3
168 3915 371 3996 Omnibus
399 3929 607 4023 presentes
638 3913 791 3994 litteras
821 3915 1073 4021 inspecturis,
1104 3914 1226 3992 frater
1263 3914 1471 3992 Jonsrtnes
1508 3909 1766 3990 miseracione
1802 3908 1864 3988 di·

8 4035 9 4044 ‘
75 4025 154 4105 nina
184 4026 349 4108 Electus
377 4025 599 4133 upsalensis
627 4026 803 4121 ecclesie,
826 4025 1058 4135 Totumque
1096 4023 1329 4132 Capitulum
1364 4020 1538 4102 eiusdem
1577 4019 1756 4114 ecclesie,
1791 4017 1861 4098 Sa·

75 4135 181 4216 lutem
210 4140 254 4218 in
285 4137 452 4220 domino
480 4137 773 4244 sempiternam.
802 4136 1003 4238 Quoniam
1034 4136 1252 4216 Parisiense
1289 4135 1481 4229 studium,
1518 4130 1642 4212 uelud
1677 4128 1863 4210 fertilita-

8 4247 9 4338 3
74 4247 116 4325 tis
140 4277 245 4355 ager,
275 4247 432 4330 fructus
462 4246 606 4328 uberes
636 4247 857 4355 proferens,
887 4248 928 4327 in
965 4273 1050 4355 quo
1093 4273 1219 4353 grana
1262 4247 1431 4326 sciencie
1471 4241 1731 4351 colliguntur,
1769 4269 1865 4348 pro·

76 4353 170 4438 ducit
207 4361 317 4440 viros
345 4362 542 4440 virtutum
573 4359 771 4439 uarietate
800 4355 1004 4453 fecundos,
1033 4385 1208 4469 quorum
1238 4359 1416 4465 graciosa
1447 4355 1682 4449 fecunditas,
1707 4353 1748 4430 in
1759 4353 1864 4432 ¹alios

76 4467 274 4552 affluenter
302 4469 541 4565 effunditur,
583 4497 731 4577 paruos
770 4470 1037 4578 magnificans,
1073 4469 1194 4549 rudes
1232 4467 1431 4564 erudiens,
1467 4469 1612 4547 inscios
1650 4466 1865 4556 instruens,

77 4581 283 4662 &multos
311 4581 489 4662 efficiens
518 4583 732 4678 virtuosos,
761 4584 833 4663 hec
862 4581 1048 4690 diligenti
1077 4577 1403 4662 consideracione
1438 4577 1664 4672 aduertens,
1696 4601 1865 4654 venera·
1940 4623 1947 4634 -

78 4689 154 4772 bilis
182 4696 246 4775 vir
273 4693 473 4802 Magister.
504 4692 699 4790 Andreas,
729 4693 905 4773 Ecclesia
935 4709 1072 4772 nostre
1101 4693 1342 4800 prepositus,
1384 4689 1604 4770 scolaribus
1640 4684 1692 4765 de
1727 4703 1874 4766 nostra-

8 4822 9 4830 ’
79 4804 273 4910 vpsalensi·
291 4805 465 4904 diocesi,
495 4804 538 4883 in
569 4801 751 4912 predicto
779 4804 927 4900 studio,
957 4805 1218 4914 acquisicioni
1242 4802 1436 4883 bonitatis
1458 4799 1867 4907 disciptinestscien·
1938 4821 1942 4827 ·

78 4913 138 5007 cis,
165 4916 374 5000 intendere
403 4914 674 5025 cupientibus,
703 4913 899 4998 debonis
928 4915 1005 4996 sibi
1034 4943 1055 4996 a
1086 4915 1164 4997 deo
1191 4915 1359 5011 collatis,
1387 4915 1551 4996 domurn
1589 4907 1794 5020 quandam
1822 4907 1865 4984 in

78 5023 159 5106 tilla
191 5025 415 5137 parisiensi,
442 5029 486 5108 in
515 5027 607 5110 vieo
634 5043 883 5139 serpentum,
910 5053 1037 5126 suam,
1065 5025 1204 5110 diuine
1233 5027 1393 5134 pietatis
1422 5052 1468 5106 ac
1496 5021 1760 5106 ecclesiastice
1788 5018 1886 5136 vti·¹
