4317 5975
947 310 1003 420 -’
1114 355 1196 453 en
1302 367 1389 422 -'

268 597 437 750 1708.
879 586 1170 736 ssOmkring
1225 587 1391 694 1230.

335 782 454 846 Uttast
474 779 523 841 till
544 788 592 840 ett
611 775 741 860 lb'rdrag
764 798 817 839 om
838 777 878 838 de
899 775 1049 854 friheter,
1071 799 1140 840 som
1162 778 1269 862 Tysla
1292 778 1354 840 och
1375 774 1587 840 Gottlrtndslra
1609 776 1790 842 handlande
1812 777 1916 841 slrulle
1933 778 2049 843 haltai

377 863 568 946 Nowgorud.

525 942 528 950 '
1789 941 1822 997 t.
1839 961 1862 999 c·
1881 959 1922 1014 η
1957 969 1963 982 ·

252 1094 257 1108 ·
363 1051 412 1129 In
443 1048 602 1128 nomine
630 1044 784 1127 domini
812 1061 965 1126 amen'
997 1046 1151 1133 Notum
1179 1063 1220 1127 et
1248 1044 1415 1128 euidens
1443 1047 1496 1128 sit
1533 1045 1721 1127 omnibus
1755 1045 1892 1127 christi
1930 1043 2051 1126 fideli-

252 1166 350 1260 bus,
379 1177 603 1274 presentem
634 1161 818 1266 paginam
850 1157 1112 1265 inspecturis,
1141 1158 1272 1266 quod,
1301 1155 1522 1238 secundum
1548 1158 1768 1251 iusticiam,
1796 1159 2053 1267 abantiquis

142 1371 146 1379 ι
217 1279 224 1295 ’
253 1305 276 1355 a
308 1271 597 1354 mercatoribus
626 1273 732 1350 iuter
761 1269 954 1349 ruthenos
983 1266 1176 1374 nogardie
1205 1267 1399 1366 habitam,
1429 1271 1503 1352 hec
1529 1297 1667 1351 eorum
1693 1269 1849 1348 iusticia
1872 1284 1913 1348 et
1937 1269 2054 1348 liber·

252 1405 314 1466 tas
344 1384 523 1463 noscitur
553 1382 759 1462 exstitisse.
806 1427 855 1440 -
896 1380 996 1458 Cum
1027 1393 1269 1488 mercatores
1297 1379 1550 1463 theuthonici
1580 1379 1643 1461 vel
1672 1395 1856 1488 gotenses
1885 1382 2057 1460 veniunt

251 1500 294 1578 in
326 1494 473 1590 herka,
502 1496 542 1572 in
573 1520 701 1600 regno
722 1493 838 1599 regis
868 1488 1213 1598 nogardionsium,
1240 1509 1362 1572 erunt
1389 1494 1466 1574 sub
1492 1519 1588 1602 pace
1612 1507 1653 1572 et
1675 1492 1929 1602 protectione
1955 1492 2058 1600 regis

252 1627 294 1688 et
323 1605 666 1716 nogardiensium,
708 1620 749 1683 et
777 1601 972 1713 quicquid
1001 1602 1059 1681 eis
1088 1603 1130 1680 in
1157 1601 1316 1685 dicione
1347 1603 1674 1709 nogardiensinm
1717 1594 1864 1683 iniurie
1899 1603 2058 1711 irroga·

252 1737 340 1798 tum
370 1718 512 1812 fuerit,
549 1744 671 1823 super
700 1714 777 1796 hoc
806 1713 1090 1820 nogardienses
1120 1713 1448 1825 respondebunt;
1486 1715 1652 1796 eandem
1685 1717 1983 1822 protectionem
2022 1732 2058 1794 et

252 1859 390 1939 pacem
422 1827 632 1915 habebunt
662 1842 899 1906 mercatores
929 1825 1100 1932 predicti
1131 1826 1171 1902 in
1201 1824 1415 1906 reditu·ad
1444 1825 1575 1907 locum
1607 1825 1823 1934 prelatum,
1862 1853 1991 1934 quam
2022 1844 2058 1904 et

254 1946 296 2020 in
326 1939 537 2019 veniendo.
594 1937 695 2017 Cum
724 1952 857 2016 autem
887 1953 1126 2016 mercatores
1156 1954 1308 2017 venunt
1333 1934 1380 2046 (l)
1410 1939 1451 2017 in
1481 1965 1649 2046 aquam,
1679 1963 1759 2047 que
1788 1936 1944 2018 dicitur
1975 1939 2059 2035 Ns,

252 2052 441 2133 fruentur
470 2049 677 2146 libertate,
706 2075 826 2159 quam
857 2046 910 2126 ab
944 2048 1113 2156 antiquo
1142 2045 1184 2125 in
1214 2047 1402 2127 omuibus
1431 2048 1674 2128 habuerunt.

364 2170 395 2242 A
430 2161 541 2258 loco,
579 2160 651 2240 uhi
688 2162 818 2267 primo
855 2158 1017 2237 inchoat
1056 2156 1279 2238 dominium
1318 2152 1661 2268 noga'rdiensium‚
1703 2158 1883 2267 hospites
1933 2157 2061 2240 libere

252 2289 421 2354 utentur
450 2272 572 2365 silua,
602 2269 775 2355 secando
803 2297 871 2364 ea,
900 2269 1129 2378 dequibus
1159 2267 1308 2350 habent
1336 2298 1512 2368 necesse,
1541 2269 1797 2352 ascendendo
1826 2287 1867 2351 et
1891 2267 2060 2352 descen·
2133 2357 2134 2364 Ν

252 2385 400 2467 dendo.

363 2495 463 2578 Item
497 2492 676 2601 hospites
711 2490 920 2578 estiuales,
963 2518 1055 2571 cum
1091 2494 1275 2572 venerint
1311 2495 1351 2571 iri
1393 2510 1560 2589 terram,
1603 2508 1722 2573 eruut
1763 2493 1838 2572 sub
1885 2495 2058 2602 antiqua

251 2635 374 2714 pace,
402 2623 462 2702 et,
491 2605 524 2686 si
552 2603 756 2683 noluerint
785 2602 982 2710 hospites,
1011 2603 1118 2698 Res,
1149 2603 1439 2701 Borchrauius,
1478 2607 1561 2687 dux
1589 2618 1631 2684 et
1660 2603 1953 2711 nogardienses
1981 2608 2060 2686 dis·
2134 2653 2135 2672 κ

251 2720 448 2799 cre'eiores
486 2714 778 2796 osculabuntur
813 2741 993 2809 crucem,
1035 2715 1139 2793 sicut
1168 2707 1298 2794 'moris
1334 2732 1411 2811 est,
1456 2718 1497 2796 in
1534 2719 1693 2824 signum
1732 2717 1842 2822 pacis
1871 2735 1913 2797 et
1944 2715 2057 2798 ledus

252 2828 470 2933 concordie
498 2844 539 2906 et
566 2827 723 2906 amoris.

362 2942 465 3021 Cum
496 2936 673 3046 hospites
703 2939 744 3017 in
775 2963 901 3045 regno
931 2935 1256 3045 nogardiensium
1289 2951 1329 3018 et
1358 2939 1432 3020 sub
1462 2939 1682 3022 eorundem
1708 2965 1803 3048 paee
1828 2955 1869 3019 et
1893 2956 2055 3048 protec-

251 3057 362 3135 tione
391 3066 507 3147 sunt,
551 3051 584 3130 si
613 3077 675 3129 res
703 3077 842 3130 eorum
872 3050 983 3129 lucto
1012 3052 1216 3131 subtracte
1245 3050 1414 3148 luerint,
1460 3066 1502 3131 et
1528 3078 1683 3133 summa
1721 3050 1820 3130 furti
1856 3060 1909 3132 sit
1950 3050 2054 3130 infra

250 3164 455 3256 dimidiam
485 3188 656 3241 marcam
681 3160 833 3257 hvnen,
877 3187 970 3239 reus
997 3188 1039 3242 se
1069 3160 1263 3265 redimere
1292 3164 1442 3271 poterit
1470 3190 1561 3243 cum
1585 3162 1634 3242 ll.
1665 3190 1784 3243 marc.
1818 3160 1980 3259 hvnen3
2027 3167 2057 3243 si
2135 3166 2136 3183 ,

250 3301 349 3356 vero
377 3301 499 3381 supra
537 3272 756 3380 predictam
793 3300 987 3352 summam
1025 3289 1065 3353 et
1097 3272 1201 3352 infra
1240 3271 1443 3355 dimidiam
1482 3269 1653 3354 marcam
1699 3275 1855 3380 argenti
1900 3272 2055 3353 furtum
2135 3274 2136 3365 Ῑ

251 3386 511 3480 commiserit,
554 3384 677 3489 virgis
705 3381 933 3465 decorietur
962 3398 1003 3464 et
1031 3382 1081 3463 ad
1118 3383 1319 3465 maxillam
1356 3385 1664 3482 cauteriabitur,
1708 3385 1770 3464 rel
1806 3382 1983 3466 redimat
2019 3412 2056 3465 se
2134 3382 2136 3403 ¹

250 3526 345 3576 cum
372 3497 421 3574 X.
453 3523 571 3575 marc.
599 3496 764 3600 argenti.
820 3496 900 3595 Qui
937 3510 1069 3572 autem
1107 3495 1211 3573 ultra
1249 3494 1455 3576 dimidiam
1491 3524 1664 3577 marcam
1703 3497 1859 3604 argenti
1897 3496 2056 3575 furatus

249 3609 394 3701 fuerit,
436 3631 687 3686 communem
727 3602 881 3685 subibit
916 3605 1172 3685 sentenciam.
1228 3605 1270 3685 Si
1299 3606 1405 3687 furta
1436 3607 1617 3715 predicta
1655 3608 1863 3687 commissa
1901 3606 2056 3687 fuerint

251 3721 357 3798 inter
385 3714 515 3809 herka
542 3733 583 3796 et
610 3743 775 3822 engere,
803 3716 1056 3797 intimabitur
1085 3715 1362 3798 Oldermanno
1390 3715 1440 3797 de
1468 3744 1662 3824 engeren,
1691 3718 1765 3827 qui
1792 3720 1931 3799 veniet
1951 3716 2055 3798 inira

249 3830 353 3911 duos
386 3827 491 3927 dies;
534 3843 575 3907 et
603 3830 637 3907 si
664 3826 770 3907 insra
800 3824 903 3907 duos
930 3827 1016 3908 dies
1045 3851 1136 3907 non·
1158 3831 1315 3910 venerit
1342 3827 1649 3929 oldcrmannus,
1693 3830 1771 3926 illi,
1816 3830 1890 3939 qui
1928 3828 2057 3909 furem

249 3938 624 4049 deprehenderunt,
653 3939 873 4019 secundum
901 3941 1169 4046 quantitatem
1199 3938 1296 4020 furti
1326 3938 1376 4021 de
1398 3968 1446 4021 eo
1468 3940 1727 4036 iudicabunt,
1757 3968 1830 4021 nec
1853 3942 1910 4021 eis
1933 3970 2056 4051 super
2135 3992 2136 4009 ÷

248 4053 328 4132 hoc
358 4051 547 4158 imputari
577 4048 700 4131 debet
727 4074 921 4128 excessus.
978 4047 1114 4127 Simile
1142 4050 1240 4146 erit,
1268 4053 1301 4131 si
1330 4052 1487 4131 furtum
1509 4054 1726 4160 contigerit
1749 4054 1854 4133 inter
1878 4078 2056 4161 engeren

249 4180 289 4242 et
318 4162 512 4268 aldagen,
541 4161 659 4240 etita
691 4156 883 4265 deinceps
913 4186 1039 4268 usque
1068 4158 1302 4267 nogardiam
1332 4164 1527 4245 veniatur.
1555 4190 1558 4199 ·

361 4275 463 4353 Cum
491 4272 671 4379 hospites
700 4270 900 4376 hyemales
930 4273 1114 4351 venerint
1142 4270 1196 4354 ad
1219 4289 1467 4372 torrentem,
1503 4271 1576 4384 qui
1604 4268 1753 4355 dicitur
1783 4274 1950 4372 vorseh,
1994 4280 2055 4357 in·

250 4387 458 4467 timebitur
486 4382 753 4463 oldermanno
781 4400 1007 4478 vectorum,
1036 4384 1108 4492 qui
1138 4382 1329 4467 dicuntur
1364 4384 1643 4479 vorschherle‚
1671 4405 1715 4468 vt
1745 4414 1858 4465 mane
1889 4388 2055 4467 veniant

250 4498 461 4593 ductores3
499 4512 541 4576 st
572 4493 822 4605 decoquetur
856 4495 914 4575 eis
950 4495 1039 4601 ipso
1076 4518 1191 4575 mane
1227 4523 1350 4577 vnum
1379 4496 1600 4578 caldarium
1630 4514 1670 4576 et
1699 4526 1783 4577 non
1813 4498 1923 4605 plus,
1967 4524 2054 4607 quo

251 4609 419 4687 decocto
448 4623 490 4686 et
517 4604 728 4715 expedito,
757 4602 857 4685 dicti
885 4622 1065 4685 vectores
1094 4608 1177 4687 sine
1206 4606 1406 4687 dilacione
1435 4607 1650 4717 expedient
1679 4625 1946 4707 mercatores;
1979 4628 2055 4687 nec

249 4719 375 4829 aliqui
404 4736 655 4801 assumentur
684 4719 723 4797 in
755 4715 900 4812 lodias,
928 4718 1003 4797 nisi
1031 4717 1108 4796 viri
1137 4718 1294 4801 robusti
1323 4736 1364 4799 et
1392 4716 1559 4827 ydonei,
1588 4746 1660 4829 per
1688 4748 1792 4831 quos
1820 4746 1883 4800 res
1913 4721 2053 4827 hospi·

249 4849 335 4913 tum
365 4848 667 4914 conseruenmr.
726 4826 882 4915 Hiidem
911 4844 1108 4928 vectores,
1138 4829 1310 4917 eumad
1340 4829 1548 4917 tabernam
1578 4833 1840 4945 peruenerint
1875 4831 2056 4939 piscato·

1882 4969 1991 5037 rum,
