4317 5975
1004 332 1419 417 -358-

298 554 493 639 iectensis
521 557 562 637 in
592 556 747 639 iuribus
775 569 817 635 et
845 550 1122 653 libertatibus,
1150 583 1175 635 u
1203 555 1346 637 restris
1374 553 1695 637 enteoessoribus
1732 557 1784 640 ab
1809 555 1886 642 suti
1914 592 1958 647 uo
1980 596 2048 657 con·

205 662 210 673 ’
309 669 453 763 suetis,
487 665 642 749 iacietis
669 666 798 749 libere
824 683 866 747 et
893 664 1032 777 quiete
1060 662 1105 746 iri
1133 686 1269 749 vestro
1298 694 1428 775 regno
1455 675 1710 776 permanere,
1738 688 1782 753 vt
1808 591 1989 780 apulus
2010 688 2050 767 ri·

308 778 544 862 cissitudine
573 792 686 888 grata
719 795 860 860 nostro
888 778 1063 859 seruicio
1091 796 1306 887 perpetuo.
1320 778 1523 859 valconius
1553 783 1785 889 promereri.

419 894 566 972 Datum
596 890 840 998 Sutphanie,
883 892 1005 971 Anno
1033 888 1187 971 domini
1215 890 1404 972 M·CCG·
1442 890 1639 989 meando,
1680 891 1778 974 teria
1811 895 1965 977 secunde
1989 923 2052 1010 post

58 1093 63 1100 ‚
175 1085 179 1091 ,
267 1102 275 1111 ,
309 1003 463 1113 Agathe
491 1003 670 1110 virginis.

262 1306 266 1312 ‘
321 1392 488 1503 1361.
927 1394 1072 1501 1302
1123 1391 1170 1497 d.
1207 1390 1294 1499 30
1341 1392 1490 1517 Mors.

391 1616 500 1679 Focnts
520 1610 580 1673 och
602 1609 770 1689 lonenses,
793 1610 896 1675 Hscstt
917 1612 1038 1674 Suucus
1059 1616 1171 1675 siiuers'
1185 1610 1281 1676 Salu-
1301 1613 1363 1675 och
1385 1591 1536 1675 insubres
1554 1612 1592 1697 pt
1616 1633 1652 1674 cn
1674 1612 1741 1696 jord
1764 1614 1771 1672 i
1795 1612 2011 1699 Stertingstorp,
2026 1618 2057 1679 till

442 1694 804 1780 Pr·cdilsre·systrcrnes
826 1697 940 1759 kloster
961 1696 971 1755 i
992 1696 1127 1758 Celmer.
1863 1776 1896 1834 A·
1912 1778 1933 1830 3·
1949 1797 1971 1847 t·

420 1912 619 1994 Omnibus
648 1914 854 2023 presencia
883 1912 1027 1994 visuris
1054 1913 1120 1993 vel
1152 1912 1363 2010 audituris,
1392 1912 1548 2010 Fonm,
1581 1927 1622 1992 et
1651 1914 1868 2009 losnuuss,
1896 1912 1958 1992 filii
1983 1912 2056 1995 Hu-

167 2089 173 2100 ,
240 2120 249 2127 ἱ
311 2048 430 2106 conis
459 2024 556 2105 dicti
584 2047 739 2120 suuuu,
767 2024 933 2105 salutern
965 2025 1006 2104 in
1043 2020 1210 2108 domiuo
1238 2026 1540 2133 sempiternam,
1569 2023 1727 2103 Tenore
1759 2026 1989 2132 presencium
2008 2050 2057 2103 no

312 2156 396 2219 turn
426 2135 592 2215 facimus
619 2152 699 2215 tum
715 2137 887 2243 posteris
915 2162 1037 2246 quam
1060 2135 1277 2234 modernis,
1305 2166 1378 2217 nos
1395 2134 1575 2245 predium
1602 2154 1783 2217 nostrum
1800 2137 1840 2213 in
1862 2134 2056 2239 swartingsh

312 2252 434 2355 thorp
464 2250 584 2327 situm
614 2244 800 2337 videlicet
827 2244 1023 2327 decimam
1058 2266 1212 2355 partem
1241 2250 1399 2355 attungi
1428 2250 1470 2325 iu
1499 2275 1583 2358 quo
1621 2245 1833 2329 duodecim
1876 2272 2059 2355 spannoncs

312 2360 508 2443 seminare
537 2359 820 2439 consueuimus
848 2360 1078 2454 annuatim,
1120 2359 1330 2439 sororibus
1366 2357 1522 2438 ordinis
1564 2356 1860 2466 predicatorum
1889 2356 2058 2437 calmernie

312 2499 390 2580 pro
419 2460 561 2578 vigiiti
586 2483 766 2578 quatuor
794 2470 937 2549 marcis
965 2466 1223 2551 denariorum
1254 2466 1402 2551 usualis
1430 2485 1590 2548 monete
1619 2484 1750 2549 totum
1780 2498 1870 2549 cum
1891 2467 1993 2573 agris,
2014 2464 2058 2545 sil·

299 2587 392 2678 uis,
412 2582 565 2689 pratis,
593 2594 635 2659 et
663 2582 779 2690 equis
807 2582 1069 2679 cumceteris
1112 2582 1369 2689 pertinenciis
1411 2578 1596 2661 omnibus
1640 2582 1744 2660 intra
1783 2584 1894 2689 sepes
1920 2596 1955 2659 ct
1979 2592 2060 2656 extra

171 2698 176 2707 “
312 2680 439 2776 eidem
469 2690 564 2773 ville
592 2686 871 2773 adiacentibus
899 2688 1142 2788 vendidisse,
1172 2719 1219 2775 ac
1253 2690 1420 2773 eundem
1449 2707 1595 2773 terram
1625 2722 1699 2799 per
1728 2692 1870 2801 legalia
1895 2688 2060 2795 vulgariter

312 2806 419 2887 dicta
450 2801 589 2884 festnae
617 2802 833 2883 cslmsrnie
861 2800 980 2885 dictis
1006 2802 1216 2885 sororibus
1245 2803 1380 2884 multis
1409 2803 1567 2883 villanis
1597 2801 1745 2884 ibidem
1777 2802 2009 2913 presentibus
2024 2798 2059 2877 lc

178 3008 184 3014 .
311 2914 456 3027 galiter
483 2914 701 3023 resignasse
730 2913 846 2996 Hauc
867 2904 870 2913 ’
888 2916 1202 3022 resigneciouenr
1245 2942 1414 3024 magnus
1458 2912 1610 2996 lsinbeu
1647 2918 1723 2996 rite
1750 2910 1960 2997 secundum
1985 2908 2059 3016 leges

293 3028 555 3138 publicauit,
583 3042 625 3106 et
653 3026 1134 3108 Dismaros‘monetarius
1162 3025 1378 3108 calmarnie
1408 3025 1574 3108 eandem
1604 3053 1652 3108 ex
1682 3045 1981 3135 pertesororurn
1997 3047 2059 3130 pru

311 3141 508 3222 dictarum
540 3140 784 3247 occepteuit,
827 3141 878 3226 ln
906 3139 1025 3219 huius
1066 3140 1192 3245 igitur
1218 3138 1470 3220 vendicionis
1497 3151 1538 3216 et
1566 3139 1853 3246 resignucionis
1894 3133 2004 3215 robur
2033 3144 2059 3206 et

311 3251 479 3333 euidens
509 3249 781 3330 testimouium
809 3249 986 3357 sigillum
1029 3248 1214 3329 Ciuitatis
1243 3249 1460 3330 calmcrnie
1489 3251 1742 3354 presentibus
1771 3266 1831 3332 est
1860 3269 2060 3356 appensum,

312 3367 459 3454 Datum
488 3387 602 3459 auno·
626 3357 779 3440 domini
819 3360 1031 3456 M⁰,CCC⁰,
1073 3359 1273 3457 secundo,
1320 3377 1432 3442 sexta
1475 3359 1572 3442 feria
1612 3377 1705 3470 post
1749 3358 2059 3441 annunciacionem

310 3477 477 3583 virginis
505 3469 693 3578 gloriose.
2031 3487 2034 3494 ⁴

994 3576 1113 3660 sigillet
1136 3588 1239 3642 ndstcn
1260 3577 1419 3642 ostsdadt.

234 3922 259 4094 ι,
318 3947 487 4066 1362·
581 3890 586 3897 ι
824 3894 828 3904 Ι
939 3939 1083 4049 1302
1130 3939 1181 4046 d.
1235 3979 1295 4048 11
1348 3941 1508 4102 April.
1805 3931 2060 4046 Hwarlstad.

256 4242 276 4260 ,s
324 4196 330 4216 ¹
391 4171 571 4242 tremum,
591 4165 723 4245 Μαρια
742 4161 928 4232 Johcossocs
948 4162 1042 4224 euius
1061 4119 1309 4248 uppiltelselirri
1325 4164 1364 4244 pl
1384 4162 1541 4244 dtslu‘lllgc
1562 4160 1686 4244 perdar,
1708 4160 1780 4224 dem
1813 4161 1874 4224 hon
1902 4159 1985 4222 reden
2003 4155 2061 4215 lo'rut

443 4260 673 4313 testsmcoterct
693 4247 740 4308 till
761 4234 1083 4331 Upscicdriebislop
1104 4244 1163 4306 och
1185 4245 1379 4328 Domiyrlrs.
1893 4325 1916 4383 Α
1940 4325 1955 4393 ⁴

421 4465 624 4550 Omnibus
651 4467 857 4546 Presentes
872 4462 1027 4544 litteras
1053 4461 1308 4572 inspecturis,
1337 4465 1572 4548 luctuuncts
1604 4462 1755 4546 Relicta
1785 4461 1932 4546 domini
1958 4449 2060 4562 Magni

179 4639 184 4646 -
309 4581 499 4689 joanssou
534 4579 642 4660 bone
668 4576 877 4671 memorie,
919 4572 1090 4656 salutem
1131 4577 1173 4656 in
1209 4572 1373 4655 domino
1416 4578 1720 4684 sempiternum,
1765 4575 1981 4656 Euentuurn
2005 4565 2060 4644 fre·

262 4762 266 4778 .
310 4691 481 4802 quencia
511 4687 722 4798 perspicue
755 4683 1005 4782 manifestat,
1046 4687 1159 4795 quod
1200 4683 1464 4769 racionabiles
1503 4703 1543 4766 et
1581 4687 1762 4770 salubres
1810 4673 2061 4766 testamentarie

310 4801 593 4886 decedcnciuru
622 4795 852 4880 voluntates
880 4814 921 4878 et
950 4791 1243 4887 ordinaciones,
1272 4797 1406 4906 sepius
1422 4795 1702 4908 infringuntur
1731 4800 1936 4880 irritantur
1960 4779 2060 4907 etud-

191 4951 201 4988 ·.
310 4902 576 4999 nichiilantur
603 4908 882 4995 voluntatibus
910 4907 1126 5016 contrarijs
1170 4935 1241 4991 seu
1283 4909 1438 4990 malicia
1480 4937 1767 5009 successorum,
1806 4907 1874 4990 scd
1900 4921 1936 4985 et
1961 4920 2059 4980 cunt·
