4317 5975
799 496 856 514 ..
968 452 1046 556 2⁶7
1158 493 1218 515 .-

110 682 281 814 raao.
356 676 360 685 ’
779 682 925 831 1298
968 674 1105 789 d.'a
1153 672 1269 789 lub.

186 852 441 937 dele-Bislopen
475 854 546 916 Nus
577 853 744 919 Asuessous
773 856 824 917 vid
854 860 1037 942 prestmb‘tet
1059 855 1068 915 i
1091 853 1211 938 Upsela
1234 851 1403 915 seststdllde
1424 852 1551 937 stedgur
1573 856 1623 917 lde
1644 854 1910 940 Prosterslspeti
1943 853 1946 858 ’
1977 814 1982 823 ἱ
2013 828 2017 833 ⁸
2043 907 2056 921 „
2146 888 2151 897 .

238 936 428 1001 irtestitter.
478 940 480 945 ’

580 1022 584 1030 ’
1453 1016 1483 1071 B.
1504 1036 1536 1075 a:
1550 1018 1610 1087 stt.

239 1122 359 1201 Anno
387 1119 541 1201 ommim
568 1120 778 1201 Millesimo
807 1121 987 1203 CC·XC·
1019 1137 1173 1199 octauo*
1195 1122 1238 1201 iu
1266 1122 1440 1201 crastino
1469 1120 1679 1203 beatorum
1704 1125 1912 1205 martirum

96 1234 280 1337 processi
325 1236 364 1311 8(
393 1232 623 1313 martiniani
655 1233 739 1313 Nos
769 1233 948 1313 nicolaus
978 1232 1240 1312 miseracione
1270 1232 1407 1312 diuina
1437 1232 1764 1343 archiepiscopus
1795 1260 1911 1345 vpsa·

94 1344 222 1423 lensis
250 1342 361 1453 apud
391 1342 594 1423 ecclesiam
626 1343 875 1453 vpsaleusem
906 1345 947 1424 in
978 1340 1138 1450 synodo
1167 1362 1301 1424 nostra
1332 1342 1479 1422 ibidem
1514 1364 1757 1453 congregata
1774 1357 1911 1455 perso*
2025 1438 2029 1443 ⁷
2131 1362 2137 1445 f

95 1455 253 1535 naliter
282 1456 494 1535 constituti
523 1454 799 1535 ordinauimus
827 1472 955 1565 atque
981 1454 1278 1564 publicabimus
1306 1453 1413 1534 iufra
1442 1456 1604 1562 scripta,
1634 1459 1675 1537 in
1693 1458 1829 1565 primis
1853 1462 1913 1539 vi·

93 1565 250 1647 delicet
281 1566 558 1647 mandauimus
587 1585 631 1646 vt
658 1568 792 1646 omnia
822 1566 1049 1675 &singula
1079 1594 1102 1644 a
1131 1568 1249 1646 nobis
1281 1567 1321 1645 in
1353 1567 1480 1673 priori
1508 1566 1665 1674 synodo
1692 1584 1840 1649 statuta
1872 1576 1912 1651 &

97 1676 310 1786 puplicata
339 1704 422 1787 que
449 1679 636 1785 superius
664 1695 759 1758 sunt
788 1693 928 1759 notata
959 1698 1044 1759 ruta
1074 1678 1927 1788 permaneantatquelirma‚superadden·'

93 1806 162 1871 tes
192 1788 243 1870 ad
272 1815 437 1897 presens
465 1806 612 1869 statuta
641 1791 868 1897 subscripta
899 1791 1076 1870 Primum
1106 1790 1385 1870 statuimus&
1417 1787 1710 1888 mandauimus,
1749 1807 1794 1871 vt
1820 1805 1913 1875 curn
1990 1796 1999 1809 “

95 1898 213 2008 apud
252 1899 454 1980 ecclesiam
487 1916 664 1981 nostram
694 1928 850 1981 sacrum
882 1903 1022 1983 crisma
1054 1901 1288 1993 coniicitur,
1316 1898 1489 2009 quilibet
1518 1892 1717 2010 presbiter
1749 1920 1913 1985 curatus
2001 1928 2008 1933 ··
2085 1926 2093 1935 ·

95 2014 144 2090 in
174 2011 340 2091 ecclesia
369 2037 440 2089 sua
472 2013 602 2121 ipsum
634 2011 782 2091 habeat
807 2011 916 2091 infra
947 2010 1309 2125 quindenamadie
1340 2011 1484 2119 pasche
1500 2013 1791 2094 numerandum
1808 2016 1911 2095 Jtem
1986 2068 1990 2076 x

94 2123 316 2202 statuimus
345 2138 388 2200 vt
424 2121 605 2231 quelibet
632 2125 841 2230 prouincia
872 2123 922 2204 de
952 2124 1083 2203 tribus
1111 2124 1143 2201 F
1148 2121 1343 2202 ululandis
1372 2122 1559 2204 videlicet
1589 2122 1744 2205 tiuudiu
1776 2143 1912 2206 attun-

94 2233 166 2315 dia
212 2238 253 2313 &
297 2229 519 2313 fiedruudia
565 2231 760 2315 decanum
799 2233 944 2314 habeat
974 2233 1147 2315 ruralem
1176 2238 1249 2343 qui
1276 2262 1417 2315 causas
1445 2232 1582 2317 audiat
1610 2237 1841 2346 repentinas
1870 2239 1914 2317 in

97 2344 226 2425 curiis
261 2344 576 2452 presbiterorum
599 2362 849 2454 emergentes
877 2350 918 2425 8e
945 2373 1011 2426 eas
1042 2343 1161 2425 modo
1190 2369 1275 2455 quo
1305 2347 1454 2453 poterit
1489 2346 1662 2427 diffiniat
1690 2352 1730 2429 8(
1757 2347 1913 2429 descin-
2015 2368 2022 2377 “

100 2454 177 2536 det
210 2457 312 2536 ltem
357 2453 638 2538 ordinauimus
681 2461 721 2536 Sc
760 2455 995 2539 mandamus
1024 2475 1067 2539 vt
1095 2457 1243 2563 singuli
1273 2473 1411 2537 nostre
1439 2455 1608 2538 diocesis
1630 2457 1682 2537 ad
1711 2455 1818 2539 diem
1847 2488 1913 2564 sy·

106 2564 207 2647 nodi
234 2564 426 2674 upsaliam
458 2570 621 2649 veniant
660 2584 842 2677 tempore
872 2568 1083 2677 hucusque
1111 2570 1328 2650 obseruate
1357 2570 1410 2649 Jn
1439 2568 1661 2676 prouinciis
1688 2571 1914 2651 autemdif·
2002 2615 2009 2625 ⁴
2077 2591 2080 2599 “

101 2676 203 2757 fusis
231 2682 271 2757 &
299 2676 391 2757 loco
419 2674 565 2785 synodi
595 2681 758 2759 remotis
788 2679 1056 2788 presbiterum
1087 2708 1210 2758 vnum
1240 2677 1289 2760 ad
1322 2680 1453 2759 minus
1480 2682 1523 2759 in
1552 2682 1762 2789 prouincia
1784 2682 1914 2792 quali·
2037 2699 2043 2708 ”

101 2788 176 2871 bet
229 2814 436 2869 remanere
477 2790 665 2871 volumus
708 2787 758 2871 ad
789 2792 1049 2872 ministerium
1078 2788 1325 2871 sacerdotale
1356 2791 1518 2899 populis
1547 2802 1670 2899 prout
1699 2796 1913 2877 necessitas

102 2902 284 3008 exegerit
303 2900 613 3009 impendendum
635 2904 684 2983 lu
714 2898 997 3010 gestrekaland
1029 2928 1124 2981 vero
1155 2928 1359 2981 remanere
1387 2903 1498 2982 duos·
1518 2903 1914 3011 presbiterusindul·

101 3039 244 3118 gemus
284 3041 377 3094 cum
427 3017 635 3121 prouincia
680 3016 731 3094 sit
764 3012 908 3098 dillusa
939 3021 979 3096 be
1008 3015 1060 3094 ab
1088 3014 1253 3093 ecclesia
1283 3032 1420 3094 nostra
1450 3016 1651 3122 upsalensi
1680 3033 1833 3095 remota
1862 3019 1914 3096 Ju

101 3125 325 3231 prouinciis
370 3141 503 3214 autem
543 3124 736 3208 vllaralir
780 3125 931 3234 belling
968 3123 1281 3208 resbuhundaere
1311 3126 1427 3204 vaxal
1459 3125 1724 3232 presbiterum
1756 3126 1915 3207 nullum

101 3253 289 3343 tempore
318 3237 551 3343 supradicte
578 3235 728 3344 synodj
758 3236 945 3318 volumus
976 3263 1180 3320 remanere
1210 3264 1303 3314 cum
1334 3237 1412 3316 boe
1440 3263 1596 3317 necesse
1625 3264 1708 3318 non
1738 3240 1792 3317 sit
1820 3267 1915 3347 pro·

105 3365 199 3455 pter
229 3347 404 3456 ipserum
424 3349 666 3429 vicinitatem
683 3349 915 3450 Statuentes
944 3367 985 3430 vt
1014 3347 1185 3457 quilibet
1214 3345 1399 3428 sacerdos
1427 3346 1479 3426 ad
1511 3349 1711 3454 synodum
1758 3351 1916 3456 profici·

103 3487 220 3539 scens
248 3485 385 3542 coram
413 3459 669 3567 parochianis
695 3461 777 3540 suis
807 3461 988 3568 puplicet
1016 3458 1067 3541 ad
1093 3485 1212 3568 quem
1246 3458 1511 3565 presbiterum
1542 3462 1581 3539 in
1613 3460 1827 3566 prouincia
1857 3489 1918 3540 re·

105 3585 338 3652 manentem
360 3568 582 3678 confugere
609 3571 784 3654 debeant
813 3572 856 3650 iu
885 3572 1047 3652 casibus
1072 3572 1144 3679 qui
1173 3571 1407 3678 contingere
1435 3571 1566 3652 solent
1585 3573 1688 3650 Jtem
1704 3573 1918 3652 statuimus

86 3677 221 3792 „quod
235 3683 448 3790 pensiones
475 3681 682 3791 wlgariter
711 3687 868 3790 gypt&
898 3679 1009 3762 afrad
1039 3680 1188 3772 dictas,
1216 3681 1267 3762 de
1297 3679 1451 3790 prediis
1475 3683 1732 3764 ecclesiarum
1771 3709 1919 3792 prouc-

105 3794 265 3874 nientes
289 3793 454 3884 ecclesis
483 3797 523 3874 &
552 3793 751 3904 presbiter
779 3793 888 3874 inter
916 3823 956 3876 se
987 3793 1026 3872 iu
1060 3809 1268 3900 posterum
1297 3793 1497 3902 equaliter
1523 3793 1710 3874 diuidant
1744 3795 1822 3875 boe
1850 3821 1919 3874 ex·

107 3921 230 4013 cepto
292 3903 374 3986 uod
403 3903 453 3984 de
482 3905 633 4013 prediis
662 3905 1127 4013 tribusennisproximo
1156 3906 1362 4010 preteritis
1388 3906 1549 3984 &citra
1570 3906 1769 4011 peculium
1793 3907 1921 3984 eccle·
2058 3995 2062 4002 ⁸
2104 3928 2109 3935 ’

109 4018 163 4096 sie
198 3933 321 4096 titrilo
358 4014 578 4124 empcionis
608 4009 831 4126 ¹acquisitis
864 4044 931 4095 seu
967 4016 1091 4094 ceriam
1128 4030 1283 4097 tautum
1314 4012 1365 4094 od
1394 4042 1489 4094 suos
1516 4043 1611 4094 rsus
1648 4015 1848 4124 predictas
1878 4019 1920 4094 in

114 4145 317 4236 posterum
348 4128 516 4234 recipiat
547 4130 760 4236 pensiones
787 4127 828 4208 Si
859 4152 955 4206 vero
984 4128 1193 4233 contingat
1223 4127 1487 4234 presbiterum
1517 4126 1652 4236 aliqua
1679 4127 1729 4206 de
1741 4153 1921 4206 commu-

112 4237 231 4319 uibus
261 4237 410 4348 prediis
441 4239 521 4320 iam
562 4239 679 4320 dictis
708 4267 780 4346 per
808 4237 1089 4320 concambium
1113 4236 1166 4316 ad
1192 4237 1357 4318 ecclesie
1387 4235 1559 4318 ferndum
1589 4238 1788 4318 deducere
1821 4238 1922 4317 velle
2097 4349 2129 4386 l

112 4364 209 4430 trruc
239 4351 455 4458 pensiones
480 4349 805 4460 equiualeucium
836 4347 1073 4455 prediorum
1101 4350 1375 4428 communium
1406 4373 1483 4455 pro
1511 4349 1648 4430 vsibus
1675 4349 1840 4429 ecclesie
1862 4351 1921 4458 ip·

114 4486 153 4546 te
186 4460 398 4569 ,presbiter
433 4464 673 4571 reassignet‚
699 4477 743 4542 rt
772 4477 905 4540 autem
935 4463 1095 4568 questio
1123 4478 1250 4542 cesset
1277 4462 1319 4539 in
1350 4477 1555 4568 posterum
1587 4463 1691 4540 iuter
1719 4459 1924 4540 ecelesiam

115 4575 152 4652 8ι
180 4574 470 4682 presbiterum,
498 4571 550 4652 de
582 4572 780 4682 pensione
804 4570 1037 4678 prediorum
1070 4572 1254 4654 volumus
1282 4577 1321 4651 a
1349 4569 1585 4652 mandamus
1614 4587 1656 4649 vt
1682 4571 1821 4678 predia
1838 4589 1926 4650 tan.-

115 4700 196 4762 tum
242 4684 379 4764 vsibus
421 4685 585 4765 ecclesie
630 4685 893 4794 appropriata
923 4709 1102 4762 seorsum
1132 4683 1442 4763 conscribantur
1469 4683 1750 4762 communibus
1779 4681 1927 4789 prediis
2025 4733 2031 4737 -

119 4813 237 4902 prout
265 4811 381 4875 antea
418 4792 553 4902 sepius
581 4797 934 4887 mandaueramus,
964 4795 1005 4872 in
1043 4795 1133 4873 loco
1162 4795 1242 4880 alio
1272 4822 1344 4902 per
1372 4819 1414 4872 se
1442 4795 1680 4901 conscriptis
1695 4796 1797 4872 ltern
1818 4821 1927 4873 man-
2032 4863 2040 4877 Ι
2081 4831 2088 4842 ·

119 4901 298 4986 dauimus
327 4922 370 4984 vt
399 4905 572 5016 quilibet
600 4906 787 4988 sacerdos
802 4903 1122 4986 cathedraticum
1146 4907 1263 4985 annis
1278 4893 1446 5011 singulis
1462 4906 1726 5012 personaliter
1741 4905 1791 4984 ad
1808 4905 1928 5010 syuo-

122 5013 211 5098 dum
227 5017 331 5098 ferat
360 5017 418 5098 illi
448 5022 513 5100 cui
529 5045 604 5101 nos
627 5011 951 5100 mandauerimus
966 5016 1309 5098 committendum.
1351 5019 1452 5096 Jtem
1469 5013 1746 5098 ordinauimus
1761 5031 1803 5093 vt
1820 5042 1929 5123 pres-
