4317 5975
831 404 891 423 -
995 356 1079 465 473
1188 404 1285 457 -s

131 570 303 734 1507.
776 584 927 693 1306
973 588 1021 693 d.
1074 630 1142 747 ¹9
1187 588 1318 696 Julix

205 810 341 875 Missus
361 802 776 889 Casumssgll'robrclpl
796 805 862 869 alla
880 810 947 873 sina
966 808 1114 891 cgodclsr
1133 809 1145 875 i
1166 810 1266 878 Treta
1291 806 1352 875 och
1373 805 1567 873 unumne
1599 807 1648 874 till
1671 810 1782 879 Wreta
1803 810 1929 893 kloster,

188 964 193 967 ,
257 892 308 955 tor
327 891 372 955 sio
392 900 504 977 system
521 887 788 971 synmtortttene
832 939 836 945 .
1462 894 1467 905 '
1662 974 1713 1032 'A'
1729 978 1753 1032 3·
1772 955 1800 1034 ι,

236 1107 438 1192 Omnibus
466 1129 634 1217 presens
661 1106 859 1215 seriptum
886 1105 1147 1190 cernentibus
1174 1128 1341 1190 neonus
1369 1132 1573 1193 xnntsson
1593 1109 1763 1193 salutem
1785 1112 1829 1192 in
1849 1108 1925 1193 do·

34 1286 40 1295 .
126 1222 241 1302 mino
268 1220 429 1301 Tenore
458 1215 712 1325 presencium
739 1234 926 1299 constare
954 1216 1141 1300 volumus
1169 1220 1384 1317 uniuersis,
1415 1220 1675 1303 nosclaxstro
1690 1220 1925 1304 monialium
2066 1222 2069 1231 ‘
2154 1308 2155 1311 Ν

124 1334 170 1414 in
197 1348 374 1412 wretum
401 1355 539 1410 omnes
566 1342 608 1409 et
634 1328 812 1437 singulas
839 1330 1109 1439 possessiones
1137 1346 1295 1411 nostras
1322 1332 1366 1411 in
1394 1329 1619 1439 thywetum
1647 1352 1689 1415 et
1721 1331 1928 1415 lanzmark
2031 1410 2061 1421 ,.

123 1442 233 1525 infra
258 1469 373 1551 sepes
400 1457 442 1522 et
469 1455 583 1521 extra
610 1439 832 1521 secundum
861 1442 968 1549 leges
982 1458 1089 1523 terre
1112 1442 1330 1549 assignasse
1357 1440 1412 1523 ob
1441 1442 1712 1525 remissionem
1740 1461 1927 1553 peceato·

7 1613 8 1618 Ν
124 1582 217 1635 rum
244 1553 391 1637 dilecte
418 1556 569 1633 sororis
595 1564 732 1631 nostre
774 1554 827 1631 Jn
867 1552 982 1633 euius
1022 1554 1082 1632 rei
1117 1553 1386 1634 testimonium
1402 1568 1457 1633 et
1485 1550 1538 1632 ad
1564 1552 1812 1635 euideneiam
1842 1556 1927 1667 ple·
1995 1650 2003 1665 ἱ
2133 1618 2137 1625 .

124 1667 282 1746 niorem
324 1664 500 1771 sigillum
544 1676 727 1743 nostrum
773 1688 850 1741 vna
893 1690 984 1743 cum
1024 1662 1164 1770 sigillis
1194 1660 1458 1745 discretorum
1474 1663 1742 1746 *dominorum
1773 1666 1928 1747 domini

123 1774 323 1885 bolmgeri
350 1774 505 1856 domini
533 1769 614 1853 dan
642 1772 795 1854 domini
824 1769 969 1853 kanuti
998 1771 1187 1855 kanonici
1220 1772 1466 1883 lincopensis
1493 1790 1534 1854 et
1562 1774 1714 1857 domini
1742 1766 1929 1882 thyrneri

124 1886 289 1969 ionsson
316 1904 377 1967 est
404 1911 628 2005 appensum
669 1885 819 1964 Datum
846 1909 958 1963 enno
982 1882 1137 1965 domiui
1166 1883 1375 1968 millesimo
1404 1882 1684 1969 trecentesimo
1713 1888 1771 1968 Vl
1798 1890 1841 1967 in
1870 1888 1929 1968 vi·

125 1999 220 2109 gilla
250 2000 366 2081 beate
394 2011 631 2106 margarete.
765 2072 772 2078 .
1053 2016 1063 2042 ¹
1914 2024 1920 2037 ·

529 2135 657 2219 sigilles
677 2138 738 2200 llto
763 2137 842 2216 ι-4
863 2156 931 2199 mer
951 2126 1013 2200 oe'u
1035 2132 1159 2197 miudre
1174 2134 1331 2217 Ἰεὶιιάειάο,
1351 2138 1411 2229 Neo
1430 2136 1451 2199 5
1471 2134 1571 2199 burte.

19 2362 23 2369 ⁵
139 2406 307 2512 1508.
406 2535 409 2541 .
738 2402 923 2509 -1306
971 2400 1019 2506 d.
1067 2400 1141 2508 30
1187 2399 1301 2509 tuli.
1675 2446 1678 2454 ·
1783 2403 1928 2510 Reso.

210 2620 477 2690 llb’lvidsmannen
498 2624 508 2685 i
530 2622 682 2701 Finland,
715 2622 844 2685 Hieran
865 2622 1110 2686 Taonsrerssoss
1130 2618 1300 2703 gllvobrel‘
1326 2620 1368 2705 pa
1388 2640 1427 2683 en
1448 2628 1523 2704 tog,
1555 2642 1622 2685 som
1653 2620 1717 2685 han
1750 2602 1878 2688 erhsltit
1898 2622 1934 2686 al

260 2708 327 2772 nite
346 2710 358 2770 i
378 2706 507 2786 calore,
528 2707 576 2769 till
596 2702 682 2770 Ville
702 2706 713 2768 i
733 2705 844 2835 Mnslo
864 2704 927 2767 oclt
948 2706 1026 2768 bans
1046 2704 1216 2785 arfrin8⁸¹²
1559 2784 1638 2845 Μ
1656 2790 1797 2854 1οΉ..)

122 2997 130 3004 .
241 2923 444 3007 Omnibus
486 2950 651 3032 presens
691 2920 890 3033 scriptum
931 2922 1189 3006 cernentibus
1216 2942 1428 3005 annutans
1456 2898 1710 3006 roasrartson
1739 2918 1932 3004 finlandie

95 3039 105 3064 ⁸
128 3035 334 3148 prefectus
354 3042 405 3131 ,in
434 3033 600 3120 domino
626 3031 797 3116 salutem
825 3036 1107 3144 sempiternam
1144 3036 1246 3116 Cum
1281 3061 1326 3115 ea
1362 3061 1442 3143 que
1471 3050 1651 3142 aguntur
1678 3035 1720 3114 in
1749 3050 1931 3141 tempore

128 3175 181 3230 ne
218 3147 336 3230 sim'ul
378 3146 569 3228 labantur
601 3145 646 3226 in
673 3162 855 3255 tempore
883 3146 1036 3254 vinacii
1060 3145 1165 3228 solet
1192 3144 1416 3226 litterarum
1460 3144 1691 3226 testimonio
1732 3143 1933 3226 suffulciri
2069 3253 2070 3256 Ν

128 3258 289 3342 Tenore
319 3259 572 3366 presencium
599 3273 784 3338 constare
812 3256 998 3339 volumus
1026 3251 1222 3338 vniuersis
1259 3281 1334 3336 nos
1362 3271 1523 3366 pratum
1552 3253 1667 3366 quod
1693 3255 1744 3339 de
1773 3255 1932 3338 nicolao

129 3374 175 3452 in
202 3368 339 3463 saturi
367 3369 655 3479 acquisiuimus
682 3368 900 3451 exhibitori
974 3369 1143 3474 resentis
1185 3365 1327 3449 villoni
1369 3368 1412 3446 in
1454 3366 1593 3448 masko
1634 3383 1676 3450 et
1716 3365 1960 3452 heredibus.

128 3484 236 3580 eius,
265 3495 465 3591 perpetuo
492 3478 709 3563 contulisse
737 3397 1024 3588 possidentibm
1053 3480 1105 3559 Jn
1133 3479 1248 3560 cuius
1270 3479 1330 3558 rei
1358 3476 1632 3581 testimonium
1659 3477 1837 3588 sigillum
1860 3503 1933 3557 no·
1978 3521 1986 3528 -

128 3609 259 3674 strum
294 3591 551 3701 presentibus
592 3608 652 3673 est
693 3618 914 3699 appensum
956 3592 1109 3670 Datum
1147 3589 1192 3669 in
1233 3587 1381 3670 reisum
1415 3591 1537 3670 Anno
1565 3587 1721 3700 dominj
1749 3588 1930 3699 M‘cccj

129 3707 246 3787 sexto
275 3703 461 3814 proximo
488 3701 658 3784 sabbato
686 3719 780 3812 post
806 3701 950 3783 festum
980 3701 1088 3783 beati
1117 3699 1224 3780 olaui
1252 3699 1358 3806 regis
1389 3717 1431 3780 et
1457 3702 1659 3808 martyris.

144 3993 313 4148 1509.
499 3983 556 4036 ’·
766 3988 915 4095 1306
962 3986 1010 4092 d.
1059 3985 1130 4092 23
1178 3983 1305 4129 Aug.

215 4211 352 4291 Konang
373 4208 504 4272 ninom
522 4204 702 4272 ridimstiou
723 4207 785 4272 och
805 4208 994 4271 stadllstelse
1014 4206 1053 4272 af
1069 4207 1141 4270 true
1161 4165 1250 4284 llref,
1281 4201 1418 4269 strande
1449 4205 1791 4292 Predilaretystrarnes
1820 4206 1937 4269 kloster

197 4319 200 4332 ·
267 4293 434 4357 icslmsr.

261 4387 265 4400 ·
1678 4370 1714 4425 lt.
1733 4371 1757 4426 3.
1774 4388 1801 4440 y.

247 4511 449 4591 Brnssnus
476 4505 543 4589 dei
577 4508 713 4618 gracia
746 4479 948 4592 sweorum
991 4506 1210 4618 gothorum
1238 4534 1320 4617 que
1345 4508 1455 4605 Rex,
1503 4491 1703 4588 Omnibus
1731 4522 1936 4617 presentes

135 4623 292 4706 litteras
326 4618 587 4730 jnspecturis,
631 4619 800 4701 salutem
838 4620 882 4700 in
921 4618 1089 4701 domino
1130 4622 1423 4728 sempiternam.
1487 4618 1650 4701 Tenere
1686 4618 1936 4729 presencium

134 4799 413 4824 *¹-

177 4869 205 4946 'J
223 4861 272 4924 Ur
292 4883 330 4924 en
351 4860 388 4923 al
403 4859 557 4945 Bislopen
578 4861 588 4924 i
609 4861 738 4942 Wesib‘,
754 4861 909 4942 Thomas,
927 4863 940 4924 i
959 4861 1101 4926 llummir
1121 4859 1259 4942 utgilren
1281 4858 1476 4942 vidimation,
1495 4881 1562 4924 som
1584 4861 1684 4929 tillila
1700 4860 1870 4936 inneblller
1887 4861 1938 4923 so.-

220 4943 374 5029 regleode
393 4943 473 5010 uret
487 4945 550 5012 nm
566 4963 638 5030 ²9⁰.
