4317 5975
692 334 698 345 '
815 305 872 400 ἕ·-
982 337 1065 444 679
1121 381 1301 481 3-1

124 562 232 642 omni
260 561 463 671 paciencia
491 580 532 644 et
560 566 696 674 quiete
723 562 890 661 cedatis,
910 565 975 645 ita
1003 563 1115 675 quod
1133 591 1181 644 ex
1211 581 1341 646 vestra
1372 562 1568 645 modestia
1599 567 1740 676 populi
1770 567 1919 652 bonam

121 673 415 755 edificacionem
458 677 660 784 accipiant
696 679 737 754 et
774 693 1150 786 consequenterex
1200 676 1547 784 predicaciouibus
1591 684 1732 760 vestris
1761 680 1919 764 fructus
2056 719 2061 730 ¹

123 786 287 866 uberior
319 786 700 894 valcatprooenirc.
770 788 956 897 Denique
994 788 1281 868 discrecionem
1319 806 1430 870 tuam
1466 789 1654 870 volumus
1685 791 1917 899 prouidere,
2017 833 2022 841 ·

121 915 165 978 nt
205 897 353 1005 singuli
394 898 538 978 fratres
572 927 675 1009 quos
709 896 760 977 nd
794 899 1068 1007 supradictum
1106 899 1283 980 officium
1319 901 1507 1008 elegeris,
1551 917 1632 980 tam
1673 905 1918 1009 presentium

118 1036 237 1119 quam
267 1011 433 1089 oliorum
465 1011 688 1090 litterarum
719 1028 946 1090 nostrarum
978 1009 1216 1090 christicolis
1251 1013 1439 1092 omnibus
1467 1011 1543 1092 sub
1584 1039 1706 1092 manu
1738 1016 1918 1124 publiea,
1986 1090 1990 1096 .

41 1117 72 1130 ”
124 1119 185 1201 tel
216 1122 356 1201 saltem
386 1121 463 1201 snb
480 1141 552 1201 tuo
581 1121 1129 1230 siggillocopiambabeant‚
1157 1131 1201 1202 v't
1229 1122 1478 1232 inspiciendo
1507 1121 1741 1232 frequenter
1761 1124 1811 1206 de
1839 1123 1918 1208 hiis
2006 1205 2009 1212 .

118 1249 198 1342 que
231 1233 388 1340 agenda
423 1233 731 1312 committuntur
763 1232 1177 1313 eisdem-reddantur
1214 1233 1370 1342 plenius
1420 1237 1635 1316 inlorrnati.
1708 1241 1917 1318 Postremo

19 1349 33 1366 '
119 1344 212 1454 quia
243 1344 535 1424 diuersis'olim
564 1347 814 1452 temporibus
843 1343 1040 1423 nonnulle
1069 1371 1192 1450 super
1221 1347 1501 1453 predicacione
1531 1345 1659 1426 crvcis
1687 1347 1729 1428 in
1759 1345 1917 1458 sepefa-

119 1474 201 1536 tum
230 1453 451 1535 subsidium
488 1458 786 1536 commissiones
815 1483 837 1534 a
865 1453 967 1534 sede·
987 1455 1208 1564 apostolica
1239 1475 1497 1550 emanarunt,
1528 1485 1577 1536 ne
1614 1458 1719 1538 forte
1756 1459 1913 1540 illarum
1992 1471 1996 1478 ’

118 1569 326 1646 occasione
354 1567 537 1647 turbocio
566 1568 646 1646 ulla
675 1570 760 1648 siue
788 1567 972 1647 conlusio
1008 1568 1138 1645 valcat
1166 1568 1361 1664 suboriri,
1393 1570 1580 1648 uolumus
1609 1583 1652 1647 vt
1672 1573 1915 1654 auctoritate

116 1679 439 1758 commissionum
484 1678 642 1759 illarum
687 1683 728 1759 in
757 1677 856 1759 locis
884 1676 937 1757 ad
964 1705 1045 1786 que
1076 1706 1238 1785 presens
1267 1681 1514 1759 commissio·
1538 1695 1672 1760 nostra
1717 1709 1915 1789 peruene-

119 1792 181 1883 rit,
210 1815 310 1868 crux
341 1789 391 1869 de
413 1807 549 1869 cetero
578 1790 829 1900 predicetur,
858 1805 918 1867 set
934 1787 1207 1896 predicacioni
1237 1789 1464 1871 huiusmodi
1493 1816 1561 1870 eos
1590 1789 1788 1872 duntaxat
1817 1795 1913 1874 insi·

117 1917 219 1979 stcre
250 1900 453 1996 uolumus,
482 1903 553 2010 qui
584 1903 780 2010 presentis
809 1917 945 1981 nostre
974 1903 1263 1982 commissionis
1294 1902 1443 1981 luerint
1472 1903 1714 2001 auctoritate
1742 1903 1911 1984 suffulti.
2017 1937 2019 1946 ⁴

74 2097 79 2104 ,
121 2012 268 2090 Datum
318 2012 430 2120 apud
474 2013 612 2092 vrbem
658 2031 853 2124 ueterem,
896 2009 1053 2092 kalend.
1102 2015 1284 2121 augusti,
1329 2015 1589 2094 pontificatus
1631 2017 1774 2136 nostri·
1803 2035 1913 2132 anno
2049 2023 2063 2044 ³

24 2163 27 2166 ’
115 2124 280 2226 Quarto.

126 2548 284 2691 1736.
768 2584 908 2692 1292
964 2545 1013 2653 d.
1063 2584 1148 2671 aa
1189 2540 1301 2654 loli.
1593 2510 1909 2708 Stoekholm.

113 2719 118 2727 ¹
196 2737 333 2816 Kooung
354 2731 484 2800 Brsotns
506 2685 580 2796 bref
596 2731 645 2796 till
668 2733 784 2796 Studen
804 2736 851 2818 Ly
895 2735 949 2812 cl,
972 2757 1022 2797 om
1044 2734 1085 2797 de
1106 2733 1206 2796 denne
1229 2736 1311 2796 stads
1332 2709 1465 2820 bor-gare
1486 2736 1659 2800 ffiunnsde
1680 2738 1740 2802 sri-
1760 2733 1821 2800 oclr
1846 2745 1909 2819 rllt7

149 2831 152 2838 '
237 2819 401 2903 tigbeteri
424 2818 561 2902 Semige,
584 2829 662 2881 sama
683 2815 873 2880 studltstclse
895 2821 935 2903 pt
957 2817 1048 2880 denas
1069 2820 1153 2880 idme
1167 2819 1351 2902 privilegiet.

268 2908 272 2914 ’
1389 2901 1426 2956 tt.
1443 2919 1469 2958 v.
1488 2903 1613 2972 109⁰ss
1627 2901 1661 2961 t.
1680 2921 1702 2958 e.
1721 2903 1778 2958 166.

228 3006 429 3086 Bmonnus
446 3002 518 3084 Dei
531 3004 659 3109 gratia
670 3004 878 3085 Sweor'um
892 3003 1196 3115 Gbotorunrque
1210 3030 1291 3099 rex,
1316 3004 1409 3083 viris
1423 3003 1747 3113 prudentibus'et
1766 3003 1911 3087 disere·
2042 3050 2048 3059 ·

17 3124 24 3196 ’.
115 3120 182 3214 tis,
210 3118 405 3226 prefecto,
434 3115 666 3197 consulibus
687 3145 735 3197 ac
763 3115 1023 3221 burgensibus
1049 3117 1241 3196 universis
1275 3117 1473 3195 eisitatem
1511 3116 1770 3201 Lubicensem
1798 3118 1912 3197 iulias

111 3228 332 3310 bitan-tibus
358 3254 477 3309 omne
504 3228 653 3307 bonum
682 3256 771 3307 crim
800 3229 925 3307 salute
955 3227 1034 3305 vite
1068 3229 1260 3335 presentis
1295 3230 1443 3336 pariter
1469 3246 1512 3308 et
1540 3228 1681 3311 future.
1755 3229 1912 3311 Silices

106 3362 153 3423 et
185 3343 314 3451 jurgia
340 3365 414 3449 per
456 3356 720 3421 antecessores
753 3355 908 3423 nostros
942 3339 1140 3446 sapienter
1172 3358 1213 3420 et
1249 3340 1328 3419 fine
1369 3336 1504 3419 debito
1532 3342 1741 3422 terminata
1768 3341 1912 3421 iterum

55 3544 58 3547 ,
107 3452 162 3534 de
190 3451 254 3533 die
281 3454 324 3535 in
350 3448 456 3535 diem
482 3449 675 3533 deberent
700 3456 743 3533 in
770 3452 924 3532 irritum
951 3452 1144 3544 revocari,
1173 3477 1377 3561 nunquam
1404 3476 1538 3531 sectam
1566 3460 1673 3561 pacis
1700 3448 1928 3533 oonoordia‘

111 3564 246 3674 posset
269 3562 324 3644 nb
353 3563 580 3646 bominibus
607 3565 785 3644 inveniri.
869 3560 1061 3641 Volumus
1088 3563 1209 3669 igitur
1237 3588 1373 3643 omnes
1403 3590 1474 3642 vos
1502 3562 1741 3645 Lubioenses
1769 3559 1820 3643 ad
1851 3588 1913 3644 re·

49 3756 55 3759 .
109 3692 438 3783 gutna-nostrum
466 3702 556 3754 eum
586 3675 847 3754 mercimoniis
874 3673 1076 3752 venientes
1102 3702 1126 3751 a
1154 3672 1304 3751 tributo
1335 3690 1377 3751 et
1404 3674 1614 3753 theoloneo
1638 3673 1817 3785 quolibet
1830 3702 1913 3754 esse

57 3806 60 3810 ’
108 3787 258 3869 liberos
285 3785 442 3896 penitus
468 3802 510 3866 et
537 3801 751 3893 exemptos
815 3783 857 3862 Si
885 3784 955 3903 qui
982 3808 1078 3862 vem
1105 3779 1154 3861 de
1185 3800 1312 3863 vestra
1337 3782 1497 3861 civitate
1526 3786 1679 3863 moram
1705 3782 1913 3865 nobiseum

105 3900 240 3982 facere
267 3900 462 3981 noluerint
488 3913 531 3976 et
561 3899 604 3977 in
632 3920 758 4001 regno
785 3910 922 3973 nostro
960 3892 1159 3987 babitare,
1201 3910 1297 3973 tunc
1335 3893 1515 3973 volumus
1541 3912 1585 3974 ut
1614 3898 1741 4003 patrie
1777 3910 1911 3977 nostre

107 4010 264 4119 legibus
306 4005 468 4092 utantur
508 4024 549 4087 et
574 4024 765 4113 regantur
791 4022 832 4085 et
864 4002 986 4083 Sueni
1030 3999 1081 4083 de
1107 4022 1238 4085 cetero
1274 4005 1533 4113 appellentur.
1608 4008 1659 4087 Et
1694 4007 1771 4088 boc
1805 4004 1912 4087 idem
2044 4014 2052 4019 '
2092 4040 2096 4047 ·

105 4125 298 4235 petinms',
342 4139 388 4203 ut
426 4144 503 4200 vos·
524 4121 627 4200 eirca
655 4134 849 4199 nostrates
889 4112 940 4195 ad
965 4132 1135 4197 vestram
1163 4117 1362 4197 civitatem
1390 4119 1591 4199 venientes
1634 4118 1911 4200 inviolabiliter

18 4306 21 4314 .
100 4236 337 4315 observetis
395 4235 576 4313 Preterm
602 4233 635 4312 si
664 4231 752 4341 quis
778 4226 828 4309 de
855 4239 985 4307 vesus
1011 4229 1171 4308 civitate
1210 4229 1381 4337 aliquam
1417 4225 1466 4307 de
1502 4228 1747 4311 nostratibus
1776 4232 1911 4339 passus

56 4440 65 4446 ⁴
105 4348 231 4438 fuerit
259 4348 439 4456 injuriam
467 4340 518 4423 ad
545 4369 618 4424 nos
646 4366 735 4423 cum
764 4339 905 4421 litteris
932 4342 1072 4419 vestris
1100 4356 1154 4419 et
1169 4340 1346 4444 legitimo
1372 4342 1503 4424 veniat
1530 4344 1757 4423 testimonio
1779 4360 1818 4422 et
1837 4368 1912 4421 nos
2046 4420 2055 4434 ,

102 4457 236 4540 'eidem
266 4461 308 4540 in
335 4456 554 4540 continenti
585 4450 796 4535 seetmdum
827 4453 933 4557 leges
960 4453 1088 4559 patrie
1117 4452 1347 4560 plenumst
1382 4452 1581 4556 integrum
1609 4452 1798 4533 faciemus
1825 4454 1910 4533 lieri
1984 4532 1990 4540 ,

103 4571 259 4652 iustitie
292 4570 624 4679 complementum
650 4582 692 4647 ct
718 4592 789 4645 vos
808 4562 1058 4645 nostratibus
1090 4560 1294 4643 uobiscum
1328 4564 1583 4645 consimiliter
1618 4564 1778 4645 facistis.
1850 4564 1910 4644 st·
2010 4585 2042 4605 ¹·

106 4685 255 4764 militer
290 4699 331 4768 et
360 4682 494 4763 omnia
529 4680 622 4771 alia,
665 4704 743 4789 qne
779 4674 1052 4785 progemtores
1084 4676 1210 4755 nostri
1245 4677 1287 4754 in
1320 4676 1539 4784 privilegiis
1572 4676 1650 4757 suis
1694 4676 1910 4787 antiquitus
2030 4764 2034 4791 Ι

97 4787 334 4877 statuerunt
364 4794 544 4874 volumus
585 4788 793 4871 observari.
864 4788 1045 4867 Preterea
1067 4786 1106 4865 si
1147 4788 1214 4897 qui
1250 4783 1303 4885 de¹
1334 4786 1464 4867 'vestra
1491 4788 1648 4868 civitate
1689 4812 1809 4899 penes
1837 4815 1910 4868 nus

99 4915 150 4993 in
181 4900 279 4989 nisui
306 4898 463 5017 rapinas
489 4903 613 4987 velint
638 4927 818 4983 exercere
843 4916 904 5001 et.
918 4898 1026 5007 pacis
1053 4892 1186 4979 federa
1213 4896 1461 5008 perturbare,
1489 4899 1596 5008 ipsos
1623 4896 1672 5005 de
1700 4918 1829 4982 vestra
1853 4900 1911 4980 ei-
