4317 5975
885 472 889 478 .
972 348 1061 448 ..‘
1140 380 1221 478 584
1329 346 1432 446 ...··

220 639 225 647 ’
292 619 461 732 1631'⁴
757 748 761 758 Ι
933 614 1088 768 1369
1132 607 1297 719 d..'15
1340 611 1467 756 Aiig.
1582 591 1593 606 ⁸
1756 729 1765 738 ¹
1856 608 2066 722 Grenua

361 813 515 894 llislopen
537 809 546 868 i
567 803 758 886 nothing,
790 802 889 865 carn
909 802 1159 886 upplitelsebref
1176 800 1237 862 till.
1251 799 1447 864 Abbedissan.
1469 797 1623 860 Katarina
1644 798 1655 860 i
1676 795 1803 876 Wosta,
1838 796 1928 860 under
1955 794 2042 866 benun

412 891 523 970 lilstid,
544 891 584 974 pa
605 886 857 999 Biskopsticndcn
878 887 916 948 al
934 887 1075 948 blostrets
1097 883 1285 966 liirsnmliug.⁸
1551 929 1553 936 Α
1719 906 1723 919 ’
1836 959 1861 1016 Α
1886 963 1932 1016 ἃ,

390 1074 589 1156 Omnibus
617 1087 823 1180 presentes
850 1070 1003 1153 litteras
1030 1069 1306 1184 Jnspecturis‚'
1340 1067 1537 1146 Kanocur
1572 1063 1645 1147 act
1681 1065 1824 1172 ‘gracia
1859 1064 2045 1174 Episcopus

281 1187 390 1269 linco
446 1185 527 1266 nais
568 1183 736 1262 salutem
781 1183 822 1261 in
866 1181 1033 1263 domino
1062 1181 1357 1286 sempiternam
1401 1176 1561 1257 Tenore
1604 1177 1857 1283 presencium
1896 1175 2047 1259 volumus

250 1300 388 1381 -omnl
421 1323 467 1377 us
495 1296 655 1375 elucere
683 1292 793 1403 quod
824 1319 899 1372 nos
927 1291 1085 1372 dilectis
1114 1290 1271 1369 filiabus
1302 1288 1463 1368 domiue
1505 1285 1705 1367 abbatisse
1733 1304 1775 1367 et
1802 1287 2048 1367 sanctimonia„

278 1407 387 1492 libus
414 1408 465 1488 de
493 1408 669 1488 claustro
699 1418 871 1484 wretum
907 1405 1080 1482 decimas
1116 1417 1273 1480 nostras
1315 1398 1564 1508 episcopales
1592 1398 1643 1476 de
1673 1397 1864 1504 parochia
1903 1399 2048 1505 ipsarum

152 1574 165 1610 -,
279 1521 332 1603 ad
361 1518 446 1600 dies
473 1515 636 1597 domine
666 1513 849 1617 katerine
884 1514 1084 1595 abbatisse
1113 1539 1221 1592 nunc
1258 1512 1433 1617 regentis
1472 1514 1596 1617 quam
1626 1507 1697 1587 diu
1739 1511 1825 1618 ipsa
1868 1508 2050 1616 prefuerit,

277 1631 464 1712 duximus
492 1623 786 1720 concedendas,
846 1627 903 1711 ln
926 1627 1041 1704 cuius
1069 1625 1128 1702 rei
1157 1619 1407 1702 euidenciam
1437 1619 1626 1726 Sigillum
1665 1638 1847 1700 nostrum
1874 1623 2052 1726 'presenti-

155 1816 159 1825 .
278 1745 356 1824 bus
384 1757 443 1822 est
471 1746 715 1848 appensum,
748 1739 899 1817 Datum
929 1751 1028 1844 aput
1055 1760 1238 1842 graphas,
1283 1737 1406 1812 Anno
1441 1731 1594 1812 domini
1627 1731 1699 1814 ΜΟ.
1727 1733 1866 1830 CCC0,
1898 1729 1981 1827 1x0,
2003 1731 2051 1812 die

281 1852 575 1963 assumpoionis
603 1864 740 1931 sancte
767 1849 903 1928 marie.

698 1988 820 2072 Sigillet
841 1988 1002 2052 bertlallet
1023 1989 1091 2050 frio
1113 1986 1172 2048 den
1196 2005 1232 2048 ur
1254 1985 1373 2050 brefvet
1394 1983 1513 2071 llippta
1536 2001 1667 2045 remean.
1736 2029 1743 2042 .
1782 1971 1795 1990 ⁴

209 2549 230 2570 Ι·
292 2623 460 2729 1632.
752 2736 756 2742 ,
805 2623 948 2769 1309
996 2623 1044 2729 d.
1098 2621 1327 2740 16--21
1379 2577 1505 2768 Aug.
1789 2622 2056 2727 Wernamo.

363 2810 469 2872 Pnrcrr
490 2808 672 2873 Exorassem
693 2812 955 2873 testamentarisba
977 2811 1151 2894 nnordning
1172 2813 1208 2872 af
1224 2811 1264 2872 50
1287 2809 1373 2871 marl
1397 2812 1566 2890 penningar
1588 2807 1635 2870 till
1664 2807 1791 2889 Sigtuna
1818 2810 1937 2872 kloster
1965 2810 2013 2872 och
2030 2777 2057 2871 en

416 2895 631 2971 thuscana,
654 2889 924 2958 ottdelamellun
947 2895 1196 3001 audrahloster3
1229 2893 1364 2978 hyrlror,
1398 2895 1532 2978 hospital
1564 2891 1623 2956 och
1647 2893 1773 2975 fattiga,
1806 2891 1953 2955 bvorlb're
1980 2891 2056 2973 jardi

414 2976 537 3039 Grunsii
558 2986 730 3062 pennatus.
1833 3058 1902 3115 m
1928 3059 1944 3111 d

392 3166 444 3244 ln
473 3165 637 3243 nomine
666 3168 792 3274 patris
821 3182 863 3247 et
890 3163 977 3245 lfilii
1006 3180 1048 3244 et
1076 3162 1241 3272 spiritus
1269 3164 1396 3244 sancti
1425 3190 1541 3242 amen
1572 3162 1660 3269 Ego
1695 3184 1903 3243 cursurus
1930 3184 2059 3241 monus·

281 3299 357 3357 sou
386 3303 505 3363 sanus
533 3293 666 3379 mente
694 3292 735 3355 et
762 3302 933 3383 corpore
963 3274 1262 3354 Testamentum
1293 3302 1423 3355 meum
1452 3272 1643 3354 condono
1664 3289 1706 3352 et
1720 3270 1871 3353 ordino
1896 3300 1963 3381 per
1977 3272 2057 3351 hune

86 3376 125 3431 ²·
227 3448 233 3458 ,
282 3384 461 3480 modum,
491 3387 543 3465 ln
571 3386 712 3494 primis
739 3415 865 3467 meam
892 3386 998 3493 eligo
1027 3386 1274 3493 sepulturam
1303 3385 1413 3493 apud
1444 3384 1605 3464 lfratres
1621 3382 1898 3492 predicatores
1919 3382 2058 3465 sictunie

283 3497 434 3606 quibus
468 3495 559 3603 lego
602 3498 899 3606 quinquaginta
943 3523 1095 3575 marcas
1134 3492 1411 3591 denariorum,
1449 3498 1554 3576 ltem
1593 3496 1894 3605 quinquaginta
1936 3516 2059 3573 nrarcas

284 3610 420 3691 denar.
449 3602 604 3714 deputo
637 3605 687 3685 ad
716 3603 1039 3701 distribuendum
1067 3607 1316 3687 monasteriis
1339 3605 1520 3689 eeclesiis
1555 3604 1820 3713 hospitalibus
1861 3622 1904 3690 et
1936 3627 2064 3713 paupe.

275 3718 397 3798 ribus
427 3738 502 3824 per
529 3733 766 3799 executores
793 3718 913 3799 huius
940 3720 1167 3813 testamenti
1197 3717 1276 3825 mej
1305 3745 1381 3824 pro
1409 3718 1615 3799 solucione
1644 3730 1780 3801 autem
1809 3715 2060 3825 predictorum
2120 3714 2121 3729 ²

284 3829 541 3913 denariorum
569 3828 721 3937 deputo
758 3858 877 3911 vnam
912 3856 1085 3910 marcam
1127 3848 1232 3910 terre
1275 3830 1391 3909 sitam
1419 3830 1461 3908 in
1489 3844 1642 3936 grunsat
1682 3826 1969 3924 Redimendam
2007 3848 2060 3932 per

282 3938 448 4023 heredes
477 3967 585 4032 meos
610 3940 732 4021 inffra
761 3968 910 4022 annum
938 3968 962 4019 a
990 3957 1172 4048 ternpore
1188 3941 1322 4021 obitus
1347 3942 1422 4019 mei
1444 3939 1767 4049 computandam.
1782 3935 1831 4048 (l)
1848 3954 2059 4049 exequtores

284 4052 404 4132 huius
433 4052 660 4145 testamenti
693 4054 767 4131 mei
797 4052 914 4132 flacio
942 4050 1199 4159 sigmundnrn
1231 4049 1516 4146 tiaeldaersson,
1546 4052 1733 4157 Magnum
1751 4052 1870 4132 niclis
1890 4080 1972 4146 sou,
1992 4045 2065 4157 phi<

284 4164 441 4271 lippum
480 4161 681 4242 michaelis
710 4161 836 4243 filium
864 4178 906 4242 et
942 4162 1150 4245 dominum
1179 4162 1424 4269 laurencium
1466 4162 1713 4254 sacerdotem
1743 4164 1784 4241 iu
1815 4162 1988 4261 Walb5'r‚
2022 4158 2059 4235 ln

284 4276 400 4354 cuius
428 4270 504 4351 Rei
532 4274 803 4353 testimonium
831 4274 1007 4381 sigillum
1037 4301 1168 4353 meum
1212 4274 1467 4384 presentibus
1502 4292 1563 4353 est
1592 4300 1836 4382 appensum,
1880 4299 1921 4358 et
1952 4267 2058 4379 sigilla

259 4380 484 4492 sigmundi
520 4382 790 4467 ltiaeldaersson
817 4386 952 4495 magni
976 4385 1166 4467 niclisson
1195 4383 1369 4497 philippi
1397 4381 1598 4467 michaelis
1632 4384 1732 4477 fiilio
1753 4380 1795 4501 (l)
1826 4384 2057 4496 presentibus

286 4495 436 4603 apponi
480 4512 596 4602 peto,
638 4498 783 4587 Actum
821 4497 932 4604 apud
976 4525 1184 4579 vaernaemo
1227 4524 1336 4577 anno
1377 4494 1529 4576 domini
1573 4496 1633 4577 Μ0
1669 4497 1792 4577 CCC⁰
1839 4498 1921 4577 IX⁰
1961 4492 2058 4576 inlha

97 4657 101 4667 ,
195 4681 199 4688 ,
244 4612 469 4687 <octauam
493 4608 730 4689 asumcionis
757 4606 873 4689 beate
903 4609 1033 4689 marie.
1073 4639 1076 4646 ·

609 4790 613 4797 -
684 4749 810 4833 Sigillen
833 4752 1001 4816 bor-tsallna
1022 4752 1093 4816 irin
1115 4750 1154 4813 de
1174 4750 1195 4828 4
1215 4770 1253 4812 ur
1274 4694 1402 4812 lacesset·
1415 4747 1537 4835 ttippra
1559 4768 1727 4818 remsorna.
