4317 5975
698 460 702 466 .
823 420 882 443 ·-·
993 378 1074 468 503
1183 424 1242 471 ·.···

137 606 316 725 1551(
769 609 918 756 1307
968 612 1017 719 d.·
1064 617 1143 721 ab
1184 614 1299 761 Maj.
1386 650 1391 672 ¹

212 836 358 903 Abboten
379 833 495 897 lossss
515 832 579 896 ocb
599 830 803 929 Romarm
821 835 832 894 i
852 833 976 917 upana
997 846 1078 913 tamt
1098 836 1249 905 cuman
1269 836 1457 899 mammas
1477 834 1552 897 bref
1567 854 1618 917 om
1638 832 1746 983 utbpte
1767 836 1804 901 al'
1819 858 1857 903 en
1879 836 1930 903 del

259 920 296 983 al
314 920 459 1037 klostrete
478 936 555 1001 egor
575 918 585 979 i
602 916 705 997 Ntssp
725 916 774 979 till
796 918 973 998 (immund,
994 930 1079 981 emot
1101 918 1177 981 bana
1197 938 1272 1003 cgor
1293 920 1303 980 i
1325 916 1453 1001 Linged
1474 917 1534 981 och
1556 920 1682 1004 Gt'llary
1707 964 1715 980 .
1849 932 1851 935 ’

1676 1036 1796 1093 A.3.a.

239 1168 441 1253 Omnibus
469 1194 633 1278 presens
667 1170 863 1278 scriptum
900 1168 1182 1267 cernentibus,
1224 1168 1366 1251 Frater
1405 1194 1608 1254 tonsurans
1645 1170 1776 1254 dictus
1804 1172 1931 1255 abbas
2071 1186 2074 1191 '

128 1303 167 1369 et
194 1302 433 1365 corrumrus
463 1306 569 1361 noue
597 1278 736 1379 vallis,
772 1282 971 1362 Necnon
999 1282 1259 1365 Grauunnus
1289 1306 1421 1364 soros
1449 1306 1525 1365 son
1564 1282 1735 1365 salutem
1765 1301 1806 1367 et
1835 1306 1932 1394 cog-s

131 1422 295 1480 noscere
324 1392 550 1489 veritatem,
579 1394 858 1475 Protestamur
886 1394 1167 1502 presentibus,
1195 1419 1269 1475 nos
1297 1391 1348 1474 ad
1379 1394 1550 1476 inuicem
1566 1409 1763 1477 terrarum
1794 1396 1932 1477 buius·

127 1505 237 1590 modi
265 1505 546 1586 concambium
573 1503 733 1601 fecisse,
775 1502 965 1585 videlicet
1011 1505 1126 1617 quod
1163 1532 1239 1613 ego
1277 1503 1524 1613 germundus
1552 1521 1758 1613 gratanter
1785 1504 1929 1615 accep·

10 1679 16 1694 .
120 1620 212 1702 taui
247 1616 516 1727 possessiones
546 1614 833 1697 monachorum
862 1643 1002 1697 omnes
1027 1619 1077 1697 in
1108 1618 1271 1697 naesium
1300 1617 1480 1727 exceptis
1511 1618 1638 1727 pratis
1672 1618 1848 1700 Ecclesia
1878 1619 1929 1701 de

127 1730 326 1833 wrixstap
349 1744 389 1809 et
417 1729 596 1836 exceptis
624 1726 876 1809 torrentibus
903 1728 1093 1809 omnibus
1121 1724 1172 1809 ad
1202 1724 1466 1810 edilicandum
1501 1730 1607 1839 aptis
1636 1728 1784 1809 ibidem
1815 1746 1932 1839 prata

127 1842 260 1924 omnia
305 1842 412 1920 intra
454 1842 647 1921 terminos
689 1846 788 1921 istos
829 1840 1071 1939 constituta,
1113 1838 1318 1936 videlicet,
1348 1866 1391 1939 a,
1420 1856 1544 1949 ponte
1587 1839 1794 1948 wlgariter
1822 1839 1931 1923 dicto

38 1969 46 1984 ‘
127 1951 295 2036 stenolss
325 1950 422 2047 bro,
459 1948 583 2031 ductu
611 1950 768 2058 jtineris
797 1952 839 2030 in
868 1950 1037 2033 stenolfs
1064 1978 1238 2061 spanga,
1277 1946 1372 2061 jude
1404 1978 1561 2061 semper
1590 1979 1663 2060 per
1691 1978 1932 2039 concursum

128 2066 224 2150 sicci
251 2080 293 2143 et
321 2060 476 2143 bumidi
510 2063 554 2141 in
583 2060 737 2171 bdghio
766 2068 864 2165 wsb
907 2059 1235 2176 primumquod
1278 2064 1488 2142 inuenitur
1530 2062 1645 2171 juxta
1689 2063 1929 2161 culsholma‚

127 2170 276 2259 deinde
304 2172 455 2255 directe
482 2174 525 2252 in
555 2200 669 2282 sepes
697 2173 749 2257 de
777 2174 942 2254 naesium
972 2173 1098 2257 ductu
1128 2174 1210 2271 vie,
1238 2190 1279 2254 et
1307 2201 1398 2253 cum
1428 2174 1587 2283 pascuis
1615 2173 1816 2285 pecudum
1856 2176 1929 2257 wl÷

126 2292 277 2399 gariter
304 2285 422 2366 dictis
453 2284 683 2393 biiabagba
713 2312 845 2395 nuper
873 2312 947 2395 per
975 2282 1176 2367 addonem
1207 2288 1248 2366 in
1283 2282 1592 2384 sindrunaesum
1621 2286 1740 2367 certis
1769 2287 1932 2395 sepibus

126 2396 420 2494 circumclusis,
448 2400 508 2479 Ac
536 2394 762 2478 accessibus
791 2392 979 2479 omnibus
1007 2414 1049 2479 et
1076 2396 1317 2479 vtilitatibus
1364 2394 1734 2506 afgaerlrabiragilzli
1771 2398 1932 2507 wlgari·

11 2529 21 2537 '
94 2504 188 2596 'ter'
215 2511 368 2591 vocatis
404 2508 497 2613 Que
524 2505 689 2618 quidem
732 2510 867 2589 omnia
898 2536 973 2591 nos
1002 2510 1173 2619 predicti
1201 2508 1328 2590 abbas
1357 2527 1397 2590 et
1424 2526 1650 2593 conuentus
1679 2512 1933 2619 recognosci·

69 2636 75 2641 ’
127 2651 215 2707 mus
243 2646 318 2703 nos
346 2617 472 2702 eidem
501 2618 739 2701 Germundo
769 2646 846 2729 pro
887 2620 1209 2731 possessionibus
1251 2622 1331 2701 suis
1367 2621 1552 2704 omnibus
1600 2622 1705 2701 intra
1748 2650 1863 2729 sepes
1891 2638 1933 2702 et

127 2752 240 2818 extra
271 2734 311 2813 in
349 2730 523 2839 langedb
565 2747 607 2811 et
648 2730 862 2835 Gaellurirp
903 2732 1011 2841 justo
1051 2732 1381 2814 commutacionis
1424 2734 1661 2813 commercio
1705 2731 1932 2814 vendidisse

127 2850 394 2955 Quapropter
421 2844 511 2952 Ego
540 2840 720 2953 prelatus
748 2842 997 2952 germundus
1038 2869 1285 2953 recognosco
1314 2870 1377 2923 me
1406 2844 1495 2953 jura
1525 2846 1657 2924 omnia
1686 2842 1951 2951 disponendi
2008 2904 2027 2917 .-

61 3050 63 3053 ,
127 2958 178 3044 de
208 2953 400 3069 predictis
429 2955 545 3066 prius
588 2954 706 3038 bonis
751 2957 848 3037 meis
876 2960 919 3039 in
948 2957 1095 3066 langela
1124 2974 1165 3038 et
1192 2954 1404 3064 Gaelluryp
1441 2952 1702 3066 possessionis
1744 2954 1932 3038 videlicet

126 3087 166 3153 et
196 3068 457 3180 proprietatis
485 3095 509 3148 a
538 3087 669 3149 meet
698 3063 916 3149 heredibus
934 3071 1042 3168 ¹meis
1070 3065 1121 3148 ad
1152 3066 1356 3177 predictos
1398 3067 1584 3150 abbatem
1615 3083 1655 3146 et
1684 3084 1930 3154 conuentum

127 3196 334 3265 eteorum
365 3206 615 3261 successores
642 3179 915 3278 transtulisse,
958 3177 1084 3261 Simul
1128 3179 1295 3288 insuper
1332 3205 1469 3260 omnes
1499 3204 1573 3258 nos
1603 3177 1777 3288 predicti
1806 3180 1931 3261 abbas

112 3322 219 3391 ,cum
245 3307 470 3397 conuentu,
499 3319 549 3373 ex
579 3319 654 3372 vna
685 3306 803 3401 parte
830 3309 872 3372 et
899 3291 1129 3400 sepedictus
1158 3285 1416 3372 Germundus
1444 3316 1494 3372 ex
1521 3291 1645 3370 altera
1676 3295 1931 3396 recognosci·
2044 3343 2057 3376 ·.

40 3468 43 3482 .
130 3432 217 3487 mus
245 3429 320 3484 nos
348 3402 569 3510 predictam
606 3405 969 3485 commutacionem
1011 3403 1271 3513 apposicione
1316 3429 1418 3508 pene
1462 3400 1636 3507 sedecim
1680 3401 1931 3483 marcharum

129 3517 267 3601 denar.
296 3512 506 3622 wlgariter
534 3510 641 3593 dicte
668 3514 950 3623 wilierlaeghe‚
978 3543 1080 3624 ques
1107 3512 1270 3624 quidem
1300 3508 1398 3592 XVI
1429 3512 1609 3596 marchas
1625 3541 1716 3594 cum
1746 3513 1935 3595 omnibus

130 3627 221 3736 alijs
248 3627 423 3734 receptis
450 3622 674 3731 infringere
702 3625 816 3736 quod
845 3627 952 3706 absit
979 3625 1155 3706 finaliter
1184 3624 1322 3706 volens
1350 3623 1518 3705 aduerse
1549 3627 1655 3734 parti
1684 3624 1842 3704 soluere
1860 3624 1931 3707 de·

130 3740 200 3822 bet
228 3737 391 3817 racione
451 3763 499 3814 ua
529 3762 652 3843 supra
681 3736 956 3833 confirmasse,
984 3739 1036 3816 lu
1065 3739 1181 3816 cuius
1209 3736 1268 3814 rei
1296 3735 1567 3815 testimonium
1599 3738 1694 3847 quia
1725 3736 1814 3842 Ego
1829 3737 1932 3816 Ger·

78 3870 83 3876 “
130 3849 306 3932 mundus
334 3762 509 3954 sigillum
539 3847 753 3954 proprium
776 3835 881 3926 ’non
917 3847 1040 3928 habui
1084 3844 1253 3944 Nobiles
1295 3844 1402 3924 viros
1450 3844 1637 3928 videlicet
1674 3847 1931 3954 'Haemingum

128 3961 345 4063 isaksson,
374 3955 611 4066 Birgberum
642 3958 912 4038 winstensson
942 3975 981 4037 et
1009 3983 1239 4037 swenonem
1269 3983 1406 4064 gunna
1441 3983 1514 4038 son
1553 3958 1695 4066 rogaui
1724 3975 1931 4065 presentes

131 4075 286 4156 litteras
315 4070 444 4152 nostri
473 4066 569 4164 lacti
597 4068 739 4149 seriem
769 4068 1023 4150 continentes
1036 4068 1226 4178 sigillare,
1243 4069 1389 4149 Actum
1407 4069 1525 4150 Anno
1548 4067 1702 4151 domiui
1732 4068 1788 4150 lll⁰
1807 4067 1926 4150 CCC·
1973 4087 1978 4102 ·

130 4184 324 4296 septimo,
355 4181 430 4262 Die
460 4177 569 4260 beati
600 4177 743 4260 urbani
772 4180 958 4262 martiris.

425 4318 552 4407 Sipille'n
574 4323 633 4385 Neo
658 4341 685 4402 1,
708 4341 727 4384 a
748 4319 808 4385 orb
829 4321 851 4400 4
872 4321 1059 4401 bertranna,
1079 4313 1238 4386 rcmiorne
1260 4341 1357 4406 qvem
1379 4311 1438 4387 ltro
1454 4323 1478 4386 ,3
1501 4318 1641 4385 assuat.
