4317 5975
753 444 758 456 '
980 469 1038 491 -··
1146 427 1201 525 to
1310 472 1370 495 ·-
1506 511 1511 521 .

298 656 357 737 ‘uc
384 651 467 735 suis
493 648 649 735 contuli
676 645 844 728 filiabus.
871 644 1021 759 villica
1045 644 1116 761 den³
1125 634 1412 755 biartlandum.
1428 675 1550 732 vnam
1585 648 1765 735 tunicam
1805 646 1858 729 de
1893 648 2081 757 scarleto,

275 682 421 847 inlice
450 762 502 845 de
528 757 866 868 vitblnsobyargb
893 758 1087 842 similiter.
1126 758 1271 842 Villice
1308 760 1361 843 dc
1403 760 1529 870 tolgb.
1579 789 1700 841 unam
1742 762 1924 842 tunicam
1963 762 2086 843 blau?

275 868 648 983 ltinstt·=„tlillice.de
676 866 813 953 ekesio
827 916 829 923 >
842 872 931 954 VII.
959 872 1086 953 vlnas.
1142 872 1286 955 Villicc
1313 870 1365 953 de
1393 871 1648 971 birsioboltb
1677 872 1861 955 similiter
1875 871 1927 954 dc
1940 873 2083 955 blauio

154 1008 158 1020 ·
274 982 582 1100 perdomui
610 978 810 1063 laurencii
830 1007 994 1091 ormson
1022 1008 1147 1063 vnum
1178 1009 1331 1064 nouum
1359 984 1509 1085 rirlslin.
1555 985 1685 1065 onri
1726 978 1911 1066 ibbsnnis
1952 991 2082 1088 boro-

275 1126 351 1183 son
379 1094 514 1199 unum]
542 1092 709 1201 pilleum
741 1093 880 1201 clipeis
916 1086 1118 1203 argenteis
1149 1094 1393 1178 decoratum.
1433 1093 1603 1176 Cuidam
1638 1096 1883 1206 paupercule
1919 1096 2082 1176 mulieri

275 1190 450 1293 cristine'¹
469 1197 632 1284 nomine
675 1202 726 1284 dc
762 1204 1036 1286 hiartlandum
1063 1234 1187 1287 vnum
1219 1207 1379 1288 lectum.
1410 1206 1634 1289 Ceterumsi
1662 1208 1706 1287 in
1729 1235 1815 1288 mea
1832 1208 2084 1317 possessione

133 1374 136 1387 ι
275 1321 362 1402 siue
378 1316 545 1399 <domini
576 1316 653 1395 mei
680 1314 926 1426 ubicumque
955 1317 999 1397 in
1028 1344 1156 1426 regno
1184 1318 1346 1398 suecbic
1374 1320 1532 1401 seruilis
1567 1317 1819 1399 condicionis
1853 1321 2084 1399 cuiuscum-

274 1456 354 1543 que
383 1456 513 1511 sexus·
535 1427 682 1537 aliquis
710 1428 902 1509 inuentus
930 1427 1075 1526 fuerit,
1108 1458 1200 1509 cum
1227 1438 1392 1509 assensu
1430 1427 1606 1540 predicti¹
1640 1431 1773 1511 mariti
1811 1432 1892 1510 mei
1933 1457 2083 1539 perpo-

273 1560 347 1625 tuo
376 1540 540 1621 confero
568 1538 758 1620 libertati.
814 1540 902 1647 Ego
933 1567 1031 1620 uero
1068 1535 1240 1649 Magnus
1283 1540 1447 1623 karlson
1489 1543 1657 1623 maritus
1692 1541 1876 1650 predicte
1915 1542 2084 1621 domiue

273 1651 422 1761 Cecilie
452 1644 617 1762 presens
644 1662 928 1732 testamentum
955 1648 1084 1760 ipsius
1111 1653 1155 1731 in
1183 1651 1371 1733 omnibus
1398 1660 1438 1733 &
1466 1680 1540 1761 per
1567 1654 1701 1732 omnia
1716 1653 1905 1761 approbo
1925 1657 1966 1733 81
1981 1679 2082 1735 con·

243 1842 246 1851 ,
273 1759 411 1858 firmo,
438 1758 674 1871 appendens
702 1766 878 1869 presenti
907 1761 1139 1843 membraue
1173 1764 1348 1871 sigillum
1386 1791 1518 1844 meum
1553 1766 1595 1844 in
1632 1762 1883 1845 cuidenciam
1912 1769 1953 1844 81
1979 1790 2082 1845 con·

272 1874 547 1962 firmacionem
588 1872 830 1981 pleniorem,
879 1877 1027 1965 Actum
1077 1902 1184 2002 anuo
1226 1874 1382 1955 domini
1410 1875 1836 1957 M'CC⁰LXXX⁰VII⁰
1868 1876 1965 1958 1111·
1994 1873 2082 1955 lsal.

133 2068 136 2078 ,
274 1985 509 2087 Decembris

1023 2091 1146 2177 sigillet
1165 2094 1337 2160 bortfsllet.

280 2466 414 2614 952.
518 2576 521 2586 ,
929 2466 1098 2612 1287.
1141 2464 1190 2571 d.
1237 2466 1270 2570 6
1316 2423 1442 2570 Dec,
1640 2505 1643 2514 ·
1794 2382 2105 2571 Clanvauxj

355 2649 436 2719 Ptd
455 2626 607 2733 bagateu,
629 2650 741 2735 Biskop
761 2650 911 2717 Iohannis
931 2654 1023 2717 Bisall
1046 2654 1093 2717 tili
1115 2650 1457 2718 Predilarebrdderuss
1477 2652 1612 2734 begtrsu
1633 2660 1679 2715 att
1690 2652 1728 2714 af
1733 2652 1838 2731 ocker,
1850 2651 1904 2713 rol
1911 2650 1972 2713 och
1983 2660 2080 2712 acuat

406 2736 595 2827 ortnffiuget
614 2733 702 2821 gods,
722 2736 1055 2821 bvartilliugentgarc
1067 2739 1259 2817 verbalem,
1282 2736 1403 2799 erhatta
1424 2738 1475 2801 fiir
1492 2735 1599 2819 brasis
1619 2736 1735 2799 kloster
1757 2734 1797 2799 25
1819 2733 1918 2796 marl.

1735 2848 1945 2915 dado&

173 2976 178 2983 ’
385 2943 593 3050 Joatttttts
621 2956 882 3040 miseracione
910 2956 1051 3039 diuina
1078 2955 1334 3036 Tusculanus
1363 2956 1611 3066 Episcopus,
1638 2954 1861 3066 apostolice
1888 2950 1995 3033 sedis
2022 2948 2106 3041 le·,

274 3083 404 3174 gatus,
419 3068 630 3172 Religiosis
644 3067 752 3160 viris.
769 3127 779 3146 .
793 3066 1003 3147 Prioribus
1019 3066 1352 3174 prouincialibus,
1367 3069 1592 3178 ceterisque
1608 3067 1829 3178 prioribus,
1845 3071 1886 3147 ἃ
1900 3091 2079 3146 conuen-

275 3177 387 3258 tibus
414 3174 569 3270 ordinis
583 3172 905 3284 predicatorum,
925 3178 1229 3285 prouinciarum
1244 3179 1369 3258 Dacia
1385 3184 1424 3258 8t
1436 3181 1613 3276 Polonie,
1629 3180 1736 3259 infra
1753 3194 1890 3258 nostre
1906 3176 2081 3284 legacio-

273 3289 339 3372 nis,
364 3289 557 3370 terminos
585 3286 814 3368 constitutis
842 3290 1010 3369 salutem
1039 3291 1081 3370 in
1111 3288 1295 3385 domino,
1324 3291 1468 3370 Vestra
1502 3293 1653 3374 meritis
1686 3289 1895 3398 religionis
1919 3285 2080 3368 induci·
2131 3325 2134 3334 ·

172 3411 176 3416 ’
273 3427 377 3497 mur,
404 3414 450 3482 vt
478 3425 550 3478 vos
579 3424 872 3508 prosequamur
908 3402 1063 3509 gracia,
1099 3427 1179 3511 que
1214 3398 1356 3482 diuino
1393 3401 1650 3483 accommoda
1687 3401 1837 3501 cultui,
1872 3405 2080 3480 &ncces-

275 3511 462 3608 sitatibus
491 3511 633 3595 vestris
652 3537 737 3590 esse
763 3508 988 3592 dinoscitur
1016 3515 1268 3621 opportuna,
1282 3513 1404 3594 ’,Ηίηο
1432 3534 1492 3595 est
1519 3511 1633 3625 quod
1667 3541 1742 3596 nos
1770 3515 1914 3594 vestris
1946 3509 2080 3618 preci-

273 3621 354 3704 bus
381 3638 626 3721 annuentes,
654 3636 699 3700 rt
728 3620 779 3703 de
804 3625 953 3720 usuris,
981 3625 1154 3732 rapinis,
1181 3628 1221 3703 8<
1250 3623 1348 3703 alias
1376 3624 1479 3705 male
1507 3626 1725 3736 acquisitis,
1753 3620 1974 3706 dummodo
1993 3621 2075 3729 bij,

275 3734 426 3844 quibus
445 3733 633 3840 ‘ipsorum
662 3733 870 3812 restitucio
891 3735 976 3814 lieri
1005 3733 1150 3814 debeat
1179 3737 1345 3834 omnino
1373 3737 1550 3817 inueniri
1585 3764 1670 3816 non
1702 3737 1878 3845 possint,
1914 3758 1989 3812 nec
2025 3733 2080 3814 de

141 3914 145 3926 .
274 3842 424 3929 eisdem
453 3871 526 3952 per
555 3843 689 3924 sedem
717 3846 979 3951 apostolicam
1007 3844 1117 3925 aliud
1146 3843 1269 3927 fuerit
1297 3845 1548 3944 ordinatum,
1576 3874 1653 3957 pro
1682 3847 1868 3957 quolibet
1897 3869 2080 3946 conuen-

273 3970 321 4036 tu
349 3970 574 4036 vestrarum
602 3954 925 4062 prouinciarum,
955 3957 1100 4064 viginti
1128 3959 1310 4068 quinque
1339 3960 1521 4040 marchas
1549 3961 1719 4066 argenti,
1740 3958 1794 4040 ad
1806 3983 1908 4066 opus
1923 3952 2079 4038 fabrice
2118 4018 2123 4024 -

274 4067 452 4164 ecclesie,
470 4071 510 4147 δι
524 4083 758 4150 ornamenta
788 4068 885 4166 eius,
920 4073 960 4147 St
974 4068 1226 4149 officinarum
1250 4087 1471 4151 vestrarum
1486 4079 1667 4179 recipere
1681 4069 1859 4167 valeatis,
1875 4064 1992 4147 vobis
2004 4093 2081 4152 au·

275 4180 464 4263 ctoritate
491 4205 574 4287 qun
602 4174 823 4284 fungimur,
851 4169 1107 4260 concedimus
1135 4178 1383 4280 facultatem,
1413 4181 1471 4290 jta
1501 4200 1640 4277 tamen
1665 4179 1780 4294 quod
1807 4181 1841 4260 si
1855 4175 2009 4288 aliquid
2024 4175 2080 4261 de

275 4291 373 4400 ipsis
402 4287 649 4385 dimiseritis,
679 4289 953 4388 restitueritis,
981 4308 1053 4372 aut
1068 4290 1277 4385 dederitis,
1293 4291 1383 4388 illis,
1398 4321 1420 4372 a
1436 4293 1587 4402 quibus
1601 4321 1668 4382 eas
1683 4292 1916 4402 receperitis
1935 4289 2078 4397 huius-

273 4397 386 4500 modi
414 4401 640 4496 remissum,
668 4398 732 4480 vel
768 4403 1018 4498 restitutum,
1062 4428 1134 4481 scu
1177 4399 1335 4499 datum,
1384 4404 1442 4482 nil
1483 4404 1536 4486 ad
1586 4404 1872 4490 liberationem
1894 4404 2080 4510 ipsorum

155 4588 157 4597 .
274 4511 418 4622 prosit,
447 4539 578 4621 neque
605 4527 804 4621 quantum
832 4510 883 4592 ad
916 4513 1018 4594 illud
1048 4511 1275 4595 habeantur
1302 4513 1559 4625 aliquatenus
1585 4503 1775 4611 absoluti,
1802 4513 1931 4598 Vobis
1947 4513 2085 4615 eciam,

275 4621 521 4731 supradictis
549 4683 559 4705 .
588 4682 597 4703 .
625 4621 856 4722 Prioribus,
884 4629 924 4710 8<
951 4644 1129 4735 quatuor
1156 4623 1352 4707 fratribus
1380 4628 1432 4710 de
1468 4627 1655 4740 quolibet
1689 4644 1896 4710 conuentu
1922 4640 2081 4708 vestra·

273 4759 366 4820 rum
393 4733 714 4843 prouinciarum,
742 4757 847 4844 quos
873 4735 925 4820 ad
954 4735 1032 4820 hoc
1068 4734 1251 4836 idoneos
1283 4766 1367 4822 esse
1404 4738 1698 4842 iudicauerint,
1738 4734 1998 4850 dispensandi
2022 4735 2078 4820 ,iu

255 4864 259 4872 ’
1861 4847 2021 4934 votis

113 4969 545 5028 ..Ἣ

188 5058 193 5070 ·
311 5021 338 5136 *i
357 5055 448 5119 eser
466 5020 507 5124 ei
528 5054 566 5118 af
581 5052 794 5142 arn-amop
814 5055 880 5119 nus
900 5057 912 5117 r
932 5055 1052 5144 uptun
1076 5063 1156 5127 1300
1176 5057 1208 5124 a.
1229 5040 1249 5124 a'
1270 5058 1334 5148 mj
1354 5062 1496 5149 natyra
1516 5057 1647 5124 arama
