4317 5975
1000 333 1417 415 ...700-

319 545 484 693 1762.
703 652 706 659 ,
1012 541 1423 668 1300-r1310.

356 696 360 702 ’
388 735 532 798 sineru
554 733 754 796 mensos
775 731 942 816 gumar
958 733 999 816 pt
1019 729 1183 794 nenne
1204 699 1357 792 t'wuso
1379 727 1426 790 su
1448 725 1679 810 warnoserga
1699 727 1818 793 noser.
1897 816 1979 876 m

417 951 626 1032 Vniuersis
669 965 871 1058 presentes
907 948 1059 1028 litteras
1093 947 1234 1028 visuris
1261 947 1324 1028 vel
1351 941 1569 1042 audituris,
1598 947 1837 1026 Husruus
1862 949 2028 1056 mersor,

307 1062 473 1143 salutem
500 1064 545 1142 in
571 1059 735 1142 domino
772 1059 1063 1170 sempiternam,
1092 1059 1342 1140 vniuersitati
1383 1074 1513 1138 uestro
1549 1073 1691 1138 tenore
1723 1063 1939 1168 presencium
1963 1067 2028 1152 lario

306 1173 557 1256 manifestum
586 1200 648 1253 me
676 1173 825 1254 curiam
854 1199 981 1252 meam
1009 1173 1052 1250 in
1079 1166 1233 1267 wirdho
1262 1163 1407 1250 dictam
1431 1169 1626 1262 sroknaete
1649 1169 2029 1260 claustrosanctinonia-

307 1286 402 1366 lium
429 1289 472 1366 in
498 1282 802 1390 warafrubergh
830 1311 922 1363 curn
950 1297 1077 1361 matre
1105 1307 1190 1359 mea
1219 1309 1295 1388 pro
1324 1293 1521 1389 prouenta
1550 1309 1621 1362 sua
1649 1279 1871 1376 contulisse,
1895 1285 1940 1364 ita
1959 1288 2030 1397 mod

307 1393 411 1480 dicta
448 1396 557 1476 curia
595 1392 646 1476 ad
679 1396 967 1505 proprietatem
994 1391 1116 1499 ipsius
1145 1391 1302 1471 claustri
1332 1393 1507 1474 totaliter
1535 1389 1679 1472 debeat
1706 1395 1889 1499 pertinere
1911 1412 1944 1474 et
1964 1401 2032 1478 iusta

305 1506 551 1589 uoluntatem
578 1509 755 1616 ipsarum
783 1500 1034 1584 dominarum
1063 1498 1261 1599 ordinari,
1291 1503 1314 1581 J
1317 1533 1342 1584 n
1371 1505 1488 1586 cuius
1510 1500 1676 1585 euidens
1704 1503 1946 1586 testimonium
1967 1510 2032 1615 sigil

306 1620 386 1699 lum
413 1647 544 1701 meum
572 1616 820 1728 presentibus
847 1632 907 1694 est
933 1639 1165 1724 appensum.
2088 1667 2090 1726 ,

1010 1757 1130 1841 sigillet
1150 1758 1243 1840 negot
1263 1755 1402 1820 sladadt.

316 2186 473 2332 1763.
1001 2187 1420 2300 1300-1310.

386 2375 460 2436 llus
481 2371 716 2437 Raovmnssons
735 2371 876 2436 salubres
890 2373 931 2458 pt
951 2395 989 2437 en
1009 2378 1123 2454 striim,
1143 2373 1313 2456 Alestriim,
1332 2375 1444 2438 mellan
1464 2373 1664 2460 nglefsbro
1683 2371 1744 2434 och
1766 2371 1938 2434 Thorshven

1941 2486 1998 2542 Μ.

414 2622 614 2704 Omnibus
640 2650 802 2732 presens
830 2627 1022 2737 scriptum
1051 2630 1314 2724 cernentibus,
1341 2637 1541 2706 utconsus
1568 2639 1855 2707 naeusnnssou
1880 2622 2040 2704 nlutenin

306 2733 469 2817 domino
496 2736 785 2844 sempiternam.
827 2737 1025 2819 Nouerint
1052 2741 1229 2823 vniuersi
1257 2755 1299 2820 et
1326 2765 1397 2850 per
1425 2753 1627 2846 presentes
1654 2761 1892 2844 recognosco
1916 2762 1965 2818 me
1985 2736 2038 2811 riu

304 2845 430 2928 nobili
443 2845 617 2928 lohanni
633 2847 905 2955 holmgersson
934 2847 1135 2958 quendam
1164 2867 1381 2933 torrentem
1409 2847 1562 2933 dictum
1590 2847 1789 2944 alaestrom
1816 2847 1912 2929 infra
1934 2843 2041 2950 vaghle

303 2958 438 3042 uisbro
471 2975 513 3040 et
546 2958 804 3043 thorishueen
839 2963 959 3043 situm
994 2992 1085 3046 cum
1122 2967 1200 3045 suis
1236 2960 1421 3043 omnibus
1449 2957 1681 3070 adiacencijs
1708 2988 1836 3072 prope
1861 2959 1918 3041 vel
1940 2969 2041 3039 remu

303 3071 443 3178 positis
477 3098 553 3178 pro
587 3071 707 3179 pleno
772 3075 878 3159 recio
906 3071 1095 3159 diffinisse
1123 3093 1321 3185 perpetuo
1348 3069 1642 3183 possidendum.
1686 3077 1876 3157 translato
1901 3072 1938 3151 in
1959 3070 2041 3176 ipsm

303 3181 517 3261 iohannem
557 3198 599 3261 et
634 3102 797 3265 hereeliss
831 3213 923 3267 suos
958 3190 1071 3269 omni
1108 3187 1366 3297 possessionis
1401 3182 1590 3269 dominio.
1625 3181 1851 3294 predictum
1887 3195 2041 3263 torrenten

302 3290 476 3377 habendi
503 3290 731 3401 possidendi
766 3313 808 3377 et
836 3325 912 3405 pro
939 3300 1076 3381 vsibus
1104 3301 1185 3380 suis
1203 3300 1336 3401 libere
1364 3293 1585 3379 ordinandi.
1644 3294 1705 3379 Ne
1733 3300 1857 3405 igitur
1882 3290 1987 3373 eiden
2004 3315 2043 3367 su

302 3430 374 3511 per
409 3404 487 3512 hijs
521 3404 654 3514 aliqua
689 3406 911 3515 calumpnia
946 3410 1072 3517 possit
1106 3412 1149 3491 in
1185 3426 1389 3518 posterum
1419 3410 1600 3490 suboriri.
1628 3409 1760 3515 sigillo
1788 3406 1933 3513 domini
1960 3395 2042 3481 triti

302 3512 532 3597 boendixson
560 3544 639 3595 vna
668 3546 758 3597 cum
786 3519 915 3623 sigillo
946 3547 1033 3601 meo
1062 3523 1227 3629 proprio
1255 3536 1349 3628 peto
1379 3537 1582 3627 presentes
1608 3522 1803 3603 roborari.

930 3660 981 3727 Pd
990 3662 1188 3742 frinsiclm:
1221 3662 1343 3744 vagiens
1365 3663 1470 3723 susm.

505 3772 625 3855 sigillet
645 3776 705 3837 teo
730 3794 742 3838 1
767 3776 942 3853 hostfallet3
963 3778 1020 3839 ltro
1041 3797 1059 3839 a
1083 3778 1154 3860 ffiga
1175 3776 1322 3854 slsdadt,
1348 3776 1388 3859 pa
1411 3796 1448 3837 en
1469 3798 1507 3837 ιιι·
1528 3774 1649 3839 brefvet
1670 3776 1770 3859 klippt
1792 3792 1897 3837 remo.

312 4148 691 4295 1764,1765.
987 4156 1398 4263 1300-131o

382 4340 556 4484 Gudb'p's'rns
576 4341 655 4401 euka
674 4341 813 4403 Hssasss
832 4340 999 4423 glfvobref
1015 4342 1055 4425 pt
1077 4341 1194 4404 hslsteu
1215 4343 1249 4403 ai
1269 4340 1311 4403 all
1332 4344 1378 4405 sin
1398 4340 1544 4425 egendum
1567 4342 1615 4405 till
1634 4341 1792 4405 Allvastra
1813 4340 1934 4414 kloster,
1951 4332 1994 4394 (let
2007 4327 2044 4389 ΒΨ

421 4428 474 4486 iius
497 4424 554 4485 ade
575 4424 671 4485 blisva
692 4424 974 4507 begs-alven,.samt

382 4539 467 4599 Onor
488 4540 584 4603 sinos
604 4540 704 4602 sens
723 4561 792 4603 sons
810 4540 978 4623 glivobrei
994 4540 1034 4622 ps
1056 4540 1253 4619 sittffideme,
1273 4541 1447 4627 enjordlott
1467 4540 1614 4605 iRoslo'sa
1625 4541 1745 4621 soclen,
1766 4540 1815 4603 till
1836 4558 1945 4602 samma
1964 4530 2046 4594 tisun

1847 4654 1880 4709 Α.
1896 4656 1918 4707 3.
1933 4669 1954 4704 v.

398 4770 606 4875 ‘Omnibus
633 4800 795 4882 presens
823 4774 1015 4881 scriptum
1042 4770 1313 4869 cernentibus,
1342 4774 1481 4852 Eurus
1508 4773 1643 4855 relicta
1669 4770 1870 4883 xgudbrrm'
1894 4830 1903 4851 .
1929 4827 1938 4847 ·
1961 4826 1968 4847 ·
1990 4822 1996 4842 ·
2015 4816 2045 4835 ··

297 4882 454 4964 Tenore
487 4892 730 4998 presencium
764 4885 926 4991 singulis
967 4886 1158 4968 inotescat
1200 4882 1309 4997 quod
1340 4884 1435 4967 viris
1461 4885 1654 4992 religiosis
1683 4886 1884 4969 monachis
1908 4876 1950 4960 de
1977 4870 2046 4953 alu·
