4317 5975
814 294 1027 431 .’.,..
1136 338 1219 431 aar,
1303 388 1390 417 ,...

263 575 429 655 ‚nioresu
445 567 667 765 ⁸{sigillum
684 578 867 651 noetrum
884 590 962 649 vna
975 578 1068 651 cum
1085 566 1239 677 sigillis,
1253 567 1393 655 dilecti
1405 570 1428 655 l
1425 570 1541 653 ratris
1554 574 1695 667 nostri.
1707 510 1862 659 domini
1877 578 1918 663 lt
1930 556 2036 685 ducis,
2110 670 2111 673 a

272 686 427 766 domini
495 685 532 765 lu
560 680 766 763 marscalci
794 680 939 776 nostri,
964 678 1119 761 domini
1142 680 1285 763 aberni
1312 699 1352 763 et
1382 680 1513 765 lsaroli
1530 682 1801 795 predictorum
1819 695 2037 799 presentibus
2110 714 2111 717 ’

273 815 338 928 est
362 794 778 925 appensum,·l)·atum
806 790 1043 875 nothelme
1059 792 1092 904 ⁹)
1121 796 1240 875 Anno
1267 790 1421 877 domini
1449 794 1653 879 .bl⁰.'CCC.
1683 798 1836 907 primo,
1863 801 1904 883 in
1931 808 2036 915 vigilis

272 909 490 1021 eplphanoe
516 903 681 988 domim·
742 1012 790 1076 rt
811 1012 1088 1081 temerantem
1109 1014 1212 1079 littero
1233 1012 1292 1079 boe
1312 1024 1471 1101 estsuper
1491 1015 1607 1081 ulists.

475 1130 603 1215 sigilles
626 1136 669 1209 to)
688 1131 749 1193 lito
772 1128 851 1207 1-6
871 1149 938 1193 mer
956 1128 1019 1193 osb
1039 1130 1161 1195 tmudre
1180 1128 1334 1209 dudode,
1355 1130 1410 1195 det
1429 1130 1493 1195 itte
1513 1130 1621 1211 born,
1642 1152 1763 1199 mne
1784 1156 1872 1221 quer.
1936 1192 1941 1199 .

178 1486 187 1498 ,
284 1362 452 1491 1334..
775 1328 780 1344 .
890 1362 1044 1467 ‚1301
1098 1360 1266 1467 d.15
1314 1364 1420 1467 Jan.
1847 1347 2041 1485 (imbro.

353 1584 546 1665 Kooungeus
566 1582 687 1667 Fogste
707 1582 905 1649 Garamum
927 1582 1002 1647 uret
1016 1601 1069 1648 om
1092 1582 1201 1665 utbyte
1221 1580 1260 1647 sl
1274 1582 1405 1668 mey,
1425 1581 1820 1669 tittuptsnoehwuats
1841 1588 1963 1672 lyrlor,
1980 1610 2042 1660 suut

404 1667 533 1752 Almby.
1820 1752 1847 1807 Α
1872 1753 1926 1808 6.

333 1960 338 1969 .
383 1886 583 1969 Omnibus
611 1900 818 1993 presentes
844 1884 997 1966 litteras
1025 1884 1287 1992 inspecturis,
1330 1884 1596 1969 Cnlsrtsnuus
1638 1884 1864 1974 aduncatus
1905 1888 2041 1977 illustris

268 2000 392 2108 Regis
419 2002 573 2091 suecie‚
600 1998 770 2077 salntem
806 1998 850 2077 iu
879 1994 1045 2077 domino
1086 1999 1391 2104 sempiternam,
1419 1994 1578 2076 Tenorc
1607 2002 1859 2107 presencium
1889 2023 2041 2087 constare

272 2110 627 2205 volo'euidenter‚
663 2136 844 2191 mecum
876 2104 1097 2188 venerabili
1126 2123 1242 2215 patre
1279 2104 1444 2189 domino
1473 2107 1673 2216 upsalensi
1714 2110 1944 2219 prediorum
1971 2142 2040 2223 per·

272 2213 540 2303 mutacionem
569 2220 708 2301 fecisse
736 2221 777 2300 in
807 2220 916 2300 hunc
945 2216 1123 2314 modum,
1152 2218 1288 2298 Habui
1316 2220 1422 2297 enim
1440 2219 1493 2299 ab
1508 2218 1674 2300 ecclesis
1704 2222 1904 2329 upsalensi
1932 2225 2041 2307 decen

206 2428 211 2439 ἱ
271 2331 422 2426 solidos
450 2351 557 2413 terre
583 2334 626 2411 in
656 2330 749 2411 villa
779 2330 919 2428 atmbt
953 2328 1145 2439 parochie
1187 2330 1374 2438 vangium
1410 2346 1451 2409 et
1478 2347 1655 2440 quatuor
1695 2332 1847 2415 solidos
1893 2354 1988 2416 terre
2010 2341 2040 2417 in

272 2443 410 2525 eadem
449 2444 543 2525 villa
571 2443 709 2541 almbir
737 2440 980 2523 deecclesia
1009 2437 1154 2521 raxald
1184 2468 1259 2551 pro
1288 2440 1438 2569 quibus
1466 2439 1773 2551 quatuordecim
1796 2446 1931 2529 solidis
1957 2467 2040 2531 terre

271 2554 514 2665 supradictis
542 2554 719 2662 ecclesijs
758 2554 915 2635 restitui
941 2570 982 2633 et
1009 2552 1254 2659 reassignaui
1298 2580 1340 2631 m
1383 2550 1474 2631 villa
1513 2552 1662 2661 jurab}r
1704 2558 1898 2663 parochie
1938 2558 2038 2641 litleni

271 2666 514 2771 Quindecim
543 2665 696 2747 solidos
722 2682 849 2760 terre,
876 2692 967 2745 cum
993 2658 1183 2745 domibus
1211 2665 1252 2743 in
1283 2660 1410 2745 fundo
1439 2662 1616 2745 eiusdem
1647 2667 1781 2775 predij
1810 2672 2037 2766 constructis,

271 2782 514 2887 computatis
542 2776 593 2857 ad
620 2777 800 2858 valorem
828 2777 950 2855 trium
980 2777 1232 2856 marcharum
1269 2770 1524 2855 denariorum
1563 2776 1784 2875 salcime,
1823 2808 1941 2891 super
1970 2810 2039 2891 pro

244 2895 398 2972 missis
427 2888 600 2970 adhibiti
629 2906 724 2968 sunt
753 2886 1148 2996 firmarijwlgariter
1176 2886 1275 2966 dicti
1305 2886 1429 2965 fastar
1457 2887 1499 2965 in
1527 2887 1678 2996 placito
1693 2896 1897 2973 communi
1924 2922 2037 2974 serun-

269 3005 363 3085 dnm
394 3019 501 3082 terre
531 3003 636 3109 leges
665 3018 706 3081 et
735 3001 866 3109 patrie
895 2999 1225 3082 consuetudinem
1254 2997 1539 3108 approbatam,
1595 3002 1745 3080 Datum
1774 3004 1886 3114 apud
1915 3006 2037 3098 crabro

270 3145 375 3197 anno
404 3114 559 3195 domini.
587 3113 796 3194 Millesimo
825 3111 1145 3192 Trescentesimo
1175 3111 1330 3219 primo,
1359 3110 1568 3190 Dominica
1602 3129 1693 3220 post
1707 3132 1871 3198 octavas
1898 3118 2037 3228 epipha·

212 3235 216 3241 ’
269 3231 333 3308 nie
363 3227 557 3334 proxima.

730 3333 852 3414 sigillet
871 3329 1021 3408 madeat,
1047 3330 1087 3415 pt
1109 3350 1147 3392 en
1170 3351 1206 3392 ur
1227 3330 1349 3394 breluet
1370 3329 1472 3416 tttppu
1492 3349 1602 3392 remes.

245 3512 448 3676 '1335
655 3529 663 3536 .
909 3560 1055 3680 1301
1106 3559 1156 3670 tl.
1203 3601 1271 3674 21
1324 3565 1429 3668 Jan.
1899 3571 2037 3679 Lund.

348 3790 500 3864 lonium,
523 3785 691 3848 Gudmund
713 3785 807 3848 Litles
826 3783 921 3847 eolus
940 3784 1120 3848 Gllrobrel
1135 3783 1176 3868 ps
1198 3783 1373 3848 Krumbult
1393 3788 1403 3848 i
1426 3785 1556 3848 llerffiss
1577 3787 1689 3850 soclen
1711 3789 1797 3854 loom
1820 3793 1929 3864 Frests
1949 3793 2038 3868 bend,

399 3871 449 3932 till
471 3869 682 3955 Domlapitlet
703 3872 713 3930 i
734 3868 836 3930 Laud.
1942 3913 1944 3920 a

403 4019 407 4025 .
1782 3954 1813 4012 Β.
1834 3976 1857 4014 tt
1874 3961 1928 4014 213.

375 4089 578 4170 Omnibus
607 4115 772 4193 presens
799 4087 995 4194 scripturn
1040 4084 1302 4168 cernentibus
1341 4089 1541 4169 tomum.
1582 4089 1720 4173 relicta
1749 4095 1952 4203 quondam
1977 4092 2033 4174 do·

266 4201 365 4308 minj
394 4196 620 4309 godmundj
649 4197 749 4304 dicti
779 4197 874 4278 litte.
905 4197 1078 4278 Salutem
1110 4199 1151 4277 in
1181 4195 1346 4277 domino
1373 4201 1668 4308 sempiternam.
1699 4205 1806 4330 Dum
1823 4232 1963 4314 corpus
1985 4233 2033 4286 sa·

177 4307 205 4385 ⁸.
265 4318 391 4395 nitate
421 4314 540 4419 riget.
572 4337 683 4390 mens
714 4311 882 4388 interior
912 4310 952 4386 in
982 4309 1234 4416 semetipsam
1264 4309 1431 4390 collecta
1463 4311 1638 4422 pleniorj
1667 4324 1794 4396 utitur
1824 4320 1984 4398 racione.
2002 4331 2032 4394 et

264 4423 467 4530 salubrius
496 4422 675 4528 disponit
703 4420 897 4528 judicium
927 4446 999 4499 suc
1027 4418 1249 4498 voluntatis
1277 4419 1540 4530 Quapropter
1567 4451 1642 4531 ego
1677 4423 1852 4531 johanna
1885 4427 2029 4538 presenti

266 4535 409 4645 pagina
439 4532 840 4614 omnibns-constare
869 4531 961 4611 volo
991 4547 1073 4610 tam
1105 4531 1358 4636 presentibus
1400 4561 1520 4642 quam
1564 4533 1712 4616 futuris
1753 4539 1864 4648 quod
1891 4537 2027 4648 opidum

159 4636 172 4674 ³
264 4647 470 4730 krumholt
512 4647 552 4726 in
583 4644 823 4725 frosteheret
865 4644 908 4722 in
950 4642 1140 4750 parocbia
1175 4641 1360 4734 hardlose
1395 4646 1514 4724 situm
1551 4645 1795 4732 Molendino.
1834 4654 1942 4759 agris.
1975 4675 2027 4756 pa·

263 4760 380 4840 souis.
411 4758 521 4837 siluis
550 4771 591 4838 et
620 4757 745 4865 aquis.
774 4781 931 4835 necnon
961 4753 1131 4836 coloniis
1159 4770 1201 4833 et
1229 4752 1370 4836 villicis
1392 4781 1484 4836 cum
1504 4759 1692 4839 omnibus
1720 4765 1940 4846 attinenciis
1963 4758 2026 4841 s'uis

258 4907 532 4927 ...ιι-*-

301 4969 331 5050 s)
353 4971 397 5032 rei
421 4967 639 5031 testimonium.
659 4969 691 5049 9)
712 4963 876 5030 Stolbolm
899 4966 987 5029 uteri.
1012 4969 1061 5043 to)
1081 4965 1200 5046 sigilles
1227 4985 1253 5044 r,
1277 4985 1306 5044 a,
1327 4963 1347 5028 5
1368 4964 1539 5031 bortfsllos
1560 4967 1590 5048 3,
1611 4967 1632 5046 4
1652 4971 1803 5042 slsdede..
