4317 5975
978 438 1038 471 -.
1148 388 1371 527 58¹·-

268 621 397 737 digne..
420 619 610 715 studeant
636 615 831 700 venerari.
861 614 911 695 Jn
940 614 1057 697 cuius
1084 612 1146 695 rei
1172 610 1449 699 testimonium
1476 607 1680 725 siggillum
1706 606 1836 697 coeni
1863 604 2069 715 prioratus

271 770 320 824 ac
347 752 575 821 conuentus
602 728 774 841 predicti
803 726 1061 836 presentibus
1086 722 1277 810 duximus
1303 723 1606 833 apponendum,
1662 721 1812 835 Datum
1845 722 1968 800 Anno
1994 712 2074 797 ‹lo-2

272 849 386 960 minj.
416 840 776 935 M·.C‚C·.LXXX⁰.
806 854 966 929 octauo.
995 840 1038 918 in
1065 838 1243 925 crastino
1270 837 1561 947 assumpciouis
1588 835 1708 917 beate
1740 831 1864 913 marie
1891 827 2070 939 virginis,

772 970 775 978 ¹
955 982 1056 1064 bugge
1076 981 1195 1063 sigilles
1215 977 1396 1044 borlhllua.
1945 989 1949 998 '

151 1447 159 1455 .
277 1372 411 1506 974.
898 1349 1088 1479 1288.
1129 1348 1178 1458 d.
1220 1348 1253 1457 8
1293 1346 1435 1499 Sept.

358 1542 467 1624 Hertig
488 1541 618 1604 ilium
639 1541 649 1602 i
670 1539 799 1620 Nurrige
822 1538 900 1601 Rrel'
916 1538 966 1602 lb'r
986 1538 1100 1621 Wlsby
1120 1535 1181 1600 oclr
1202 1536 1224 1600 6
1249 1535 1348 1599 andra
1380 1534 1480 1597 sttder
1511 1533 1553 1619 pt
1585 1530 1680 1595 lribet
1711 1530 1782 1594 frio
1810 1530 1870 1594 deu
1903 1532 1976 1610 tull,
2007 1554 2076 1597 som

407 1626 549 1708 vauligsu
571 1623 701 1770 pltgsde
722 1625 822 1707 gilvus
843 1623 880 1685 al
896 1621 1024 1685 sillliskc.
1041 1622 1089 1683 till
1111 1622 1179 1683 dess
1198 1620 1257 1686 det'
1270 1620 1323 1681 rid
1349 1620 1509 1701 liirdragct
1529 1619 1540 1679 i
1561 1617 1696 1681 Kulmur
1722 1616 1881 1679 besttmdu
1906 1618 2084 1702 penum·

408 1708 525 1795 belopp
547 1707 652 1771 blivit
673 1707 720 1769 till
743 1705 873 1769 namnde
892 1706 993 1768 stbdcr
1014 1703 1146 1787 erlagdt.
1745 1780 1813 1836 h
1838 1796 1867 1838 ὓ,
1886 1780 1934 1850 ¹¹4

237 1962 240 1973 .
386 1889 589 1978 Omnibus
618 1918 782 2000 presens
809 1890 1006 1999 scriptum
1035 1887 1305 1968 cernentibus.
1362 1885 1580 1984 onurnus
1607 1882 1684 1963 Dei
1712 1882 1843 1991 gratia
1862 1882 2078 1965 DuxNor·

275 2006 405 2115 wegie
434 2004 602 2086 salutem
632 2006 674 2083 in
703 2001 867 2084 domino
903 2001 1201 2108 sempiternam.
1265 1998 1374 2099 Quia
1416 2024 1492 2077 nos
1533 1994 1717 2077 Dominis
1757 1995 1982 2077 Vromoldo
2024 1995 2077 2078 dc

274 2119 452 2230 qvinqve
494 2112 695 2209 domibus,
735 2112 785 2193 de
814 2110 1007 2209 ·Lubeclx,
1049 2111 1219 2191 Hinrico
1244 2108 1373 2189 dicto
1413 2107 1613 2189 Monacho
1640 2105 1691 2187 de
1717 2106 1911 2203 Rostoclr,
1939 2115 1978 2187 8(
1996 2104 2078 2190 'Jo-

273 2228 399 2310 hanni
428 2224 576 2309 Stelren
605 2224 655 2306 de
683 2220 917 2304 Stralesund
943 2221 1189 2303 Consulibus
1224 2223 1264 2299 &
1306 2217 1579 2328 predictarum
1625 2218 1842 2299 (licitatum
1886 2220 2077 2321 Wismar,
2149 2222 2152 2234 '

275 2334 563 2448 Gripeswaldt,
592 2337 693 2443 Rige
722 2340 763 2414 8ι
791 2333 952 2441 Wisby,
982 2338 1024 2414 in
1060 2334 1164 2413 festo
1208 2332 1430 2412 nativitatis
1472 2331 1600 2412 beatae
1641 2330 1809 2435 virginis
1849 2330 1925 2410 sub
1962 2330 2078 2413 'anno

183 2496 188 2503 ·
275 2452 450 2532 Domini.
480 2446 882 2530 Muctxxxvlll.
941 2441 1237 2526 Dunnersbork
1276 2444 1533 2537 exsoluimus,
1561 2437 1644 2520 duo
1674 2440 1794 2520 millia
1825 2442 2079 2524 marcharum

276 2566 317 2644 δι
345 2563 552 2669 octoginta
576 2587 621 2639 ac
649 2558 903 2666 septuaginta
939 2556 1120 2637 marchas
1154 2550 1412 2644 denariorum
1450 2566 1611 2632 monete
1654 2551 1802 2631 Norice
1844 2581 1954 2633 nunc
1983 2582 2077 2635 cur·

276 2669 424 2771 ren'tis,
464 2671 682 2783 quinquies
723 2670 869 2777 viginti
915 2668 1059 2747 marcis
1112 2663 1370 2745 denariorum
1418 2691 1576 2771 semper
1623 2688 1701 2773 pro
1749 2662 1933 2770 qvolibet
1982 2693 2078 2747 cen·

161 2868 164 2876 ,
275 2784 434 2866 terrario
469 2782 731 2889 computatis,
775 2780 825 2860 de
854 2808 922 2860 sex
964 2777 1142 2858 millibus
1182 2774 1438 2856 marcharum
1478 2774 1636 2881 argenti
1678 2774 1830 2869 Norici,
1860 2776 2080 2884 inquibus

177 2946 181 2953 ·
277 2894 503 2988 Normanni
532 2892 774 2973 tenebantur
802 2890 971 3001 obligati
1000 2905 1099 2970 tunc
1123 2888 1316 2996 temporis
1344 2882 1397 2965 ad
1423 2881 1659 2964 solvendum
1689 2878 1923 2966 ciuitatibus
1935 2913 2082 2998 supra·

276 3005 394 3090 dictis
422 3002 711 3113 &supradicti
740 3005 1029 3083 Procuratores
1062 2997 1279 3078 earundem
1321 2998 1545 3094 oit”.'*tum,
1586 3023 1714 3103 ‚super
1757 2994 1907 3078 residui
1949 2998 2080 3086 debiti
2147 3092 2153 3100 ,

277 3119 484 3210 solutioni,
512 3113 709 3192 dederunt
737 3109 937 3188 insducias
966 3109 1019 3188 ad
1048 3106 1286 3187 solvendum
1316 3135 1443 3216 usque
1472 3105 1525 3186 ad
1551 3107 1694 3186 festum
1725 3110 1946 3189 nativitatis
1962 3111 2080 3195 beate

276 3227 444 3338 virginis
465 3223 562 3312 anni
589 3222 774 3331 proxime
810 3220 1100 3331 subsequentis
1163 3219 1248 3300 Nos
1288 3215 1559 3315 attendentes,
1601 3238 1646 3300 ut
1688 3218 1762 3327 qui
1802 3238 1994 3326 gravatur
2038 3226 2080 3306 in

278 3367 362 3420 uno
389 3334 512 3418 debet
540 3336 581 3414 in
611 3333 690 3413 alio
719 3357 805 3412 non
835 3334 1035 3411 immerito
1064 3329 1252 3426 relevari,
1289 3331 1557 3437 permittimus
1594 3329 1756 3410 nomine
1794 3337 2080 3439 procuratorio

279 3448 500 3533 charissimi
522 3447 657 3526 fratris
685 3442 838 3524 domini
869 3444 977 3523 Erici
1006 3439 1127 3548 Regis
1162 3442 1381 3548 Norwcgie
1417 3440 1584 3520 illustris
1619 3438 1669 3518 de
1705 3469 1905 3522 consensu
1943 3449 1983 3525 bc
2016 3476 2079 3526 as·

278 3589 398 3643 sensu
426 3559 562 3641 dilecti
591 3556 876 3663 consangvinei
905 3555 1035 3634 nostri
1065 3554 1229 3633 Domini
1264 3550 1404 3631 Jacobi
1441 3553 1609 3635 Comitis
1645 3549 1879 3650 Hallandie,
1922 3557 2082 3638 Burno-

277 3673 342 3754 nis
370 3670 421 3753 de
449 3670 612 3751 Beckeri
641 3668 819 3763 Baronis,
848 3695 1007 3746 necnon
1044 3665 1289 3745 &aliorum
1323 3660 1500 3742 lldelium
1537 3662 1653 3772 regni
1689 3665 1908 3772 Norwegie
1944 3669 2085 3750 nobis-

278 3812 371 3866 cum
399 3783 668 3878 existentium,
698 3779 763 3858 illa
794 3780 880 3858 vice
909 3775 1022 3888 quod
1048 3776 1181 3857 incole
1210 3771 1480 3885 predictarum
1510 3792 1664 3883 septem
1694 3777 1903 3856 civitatum
1931 3778 2084 3864 debent

279 3919 363 3976 esse
393 3894 509 3976 liberi
538 3896 734 3974 immunes
758 3895 797 3968 81
826 3890 1001 3997 exempti
1030 3890 1192 3996 penitus
1227 3887 1301 3965 hac
1335 3883 1487 3981 hieme,
1521 3885 1574 3966 ab
1611 3890 1719 3967 omni
1756 3889 1959 3968 solutione
1994 3891 2087 3973 the·

280 4009 503 4104 loniorum,
531 4001 642 4194 quod
671 4003 714 4081 in
743 4017 922 4109 captura.
941 3999 1126 4080 allecium
1156 3999 1260 4078 solui
1288 3996 1411 4094 solet,
1440 3997 1517 4102 boc
1546 3995 1723 4112 adjecto,
1746 3997 1857 4109 quod
1894 4003 1927 4081 si
1965 3999 2084 4083 debi-

280 4137 368 4200 tum
396 4145 506 4197 anno
552 4131 676 4195 uturo
704 4109 941 4192 soluendum
970 4138 1052 4190 non
1084 4110 1208 4190 fuerit
1236 4109 1436 4189 dictarum
1452 4111 1660 4189 ciuitatum
1676 4115 1933 4217 procuratori
1948 4113 2085 4195 Tons-

282 4230 405 4338 berge
431 4228 494 4307 vel
524 4224 860 4335 procuratoribus
888 4226 929 4304 in
958 4221 1097 4304 eodem
1126 4222 1233 4301 festo
1259 4221 1482 4300 natiuitatis
1511 4220 1627 4300 beate
1653 4222 1821 4330 virginis
1842 4221 2086 4335 'lirnsberge

282 4339 536 4449 integraliter
562 4336 806 4432 exsolutum,
836 4333 967 4415 incole
1011 4336 1223 4415 ciuitatum
1265 4329 1484 4413 earundem
1527 4332 1677 4412 habere
1713 4333 1871 4414 debent
1913 4335 2086 4422 eandem

282 4452 509 4533 libertatem
538 4450 665 4529 hieme
694 4463 792 4527 tunc
821 4445 968 4528 lutura.
998 4447 1214 4554 Quotquot
1243 4444 1363 4521 etiam
1392 4445 1506 4522 annis
1536 4445 1791 4551 postmodum
1822 4447 1863 4526 in
1884 4446 2088 4542 soluendo

204 4609 207 4614 ·
282 4561 463 4668 delectus
492 4561 568 4642 erit
601 4587 673 4667 per
703 4559 872 4638 Noricos
901 4573 1141 4637 memoratos
1170 4556 1229 4634 in·
1244 4553 1336 4633 loco
1377 4558 1418 4632 8r
1453 4553 1554 4634 festo
1588 4558 1891 4665 suprascriptis,
1922 4587 2087 4667 semper

281 4672 448 4756 candem
476 4671 624 4754 habere
654 4667 828 4750 debeant
857 4668 1095 4749 libertatem.
1151 4663 1233 4746 Sed
1261 4694 1309 4745 ne
1340 4692 1412 4772 per
1441 4663 1618 4746 fraudem
1650 4686 1812 4775 possent
1833 4667 1980 4777 aliqui,
2009 4675 2087 4781 qui

283 4784 333 4866 dc
353 4781 553 4894 ¹predictis
580 4779 814 4862 ciuitatibus
844 4807 926 4859 non
955 4781 1174 4858 existerent
1201 4773 1429 4859 huiusmodi
1458 4776 1658 4858 libertatis
1684 4782 1853 4886 gratiam
1867 4792 2082 4890 usurpare,

283 4895 436 4996 deferat
465 4894 639 5004 quilibet
668 4891 916 5002 gubernator
945 4893 1071 4986 nauis,
1102 4890 1258 4971 litteras
1293 4888 1468 4969 ciuitatis
1505 4915 1576 4969 sue
1613 4904 1816 4997 patentes,
1852 4891 1896 4970 in
1930 4893 2084 5002 quibus

280 5007 553 5091 testimonium
584 5007 715 5116 lerant
743 5002 939 5099 consules,
962 5001 1074 5114 quod
1103 5003 1195 5083 talis
1216 5029 1307 5082 cum
1337 5001 1432 5082 naui
1459 5028 1531 5080 sua
1558 5002 1609 5081 sit
1626 5000 1871 5084 Ciuitatibu's
1892 5007 2082 5105 existens,
