4317 5975
811 428 878 501 ··‚
979 381 1075 490 ses·
1171 426 1229 451 -
1305 414 1306 419 κ

71 599 72 602 ¹
125 610 215 693 rint
243 604 374 692 forum
395 624 566 691 'reorum
595 620 818 716 sequautur
859 606 963 687 ltem
992 604 1104 718 qnod
1155 604 1336 700 leemites
1364 592 1528 687 ecclesie
1559 620 1606 685 et¹
1626 586 1932 721 archiepiscopi

126 718 357 830 supradicti
387 719 498 799 iuxta
525 717 835 825 disposicionem
863 718 1041 799 eiusdem
1085 720 1192 799 bona
1234 746 1305 799 sua
1350 717 1516 825 propria
1560 743 1632 825 per
1659 735 1804 825 portus
1834 718 1932 828 dicti
2013 720 2017 737 '
2065 809 2074 825 ,

125 832 282 913 domini
311 828 615 937 Arcbiepiscopi
645 828 696 910 de
726 827 838 910 dicto
866 836 993 939 reg'no
1023 830 1149 910 libere
1178 830 1340 911 trabere
1367 842 1409 911 ct
1438 844 1602 938 portare
1631 830 1791 909 valeant
1820 848 1932 913 extra
2050 836 2056 851 '

126 942 233 1027 illud
261 943 338 1024 nisi
366 940 565 1049 generalis
592 939 790 1021 inbibicio
817 940 860 1021 iu
888 957 977 1022 toto
1007 968 1135 1049 regno
1165 958 1372 1025 nostroex
1397 968 1517 1021 causa
1547 957 1684 1021 nostre
1713 942 1935 1049 reipublice

128 1085 206 1167 per
233 1081 309 1135 nos
337 1053 406 1135 liat
433 1052 544 1162 qnod
574 1050 712 1133 nullus
753 1051 863 1133 bona
903 1051 1000 1135 inde
1038 1051 1228 1145 extrahat
1270 1052 1334 1135 vel
1365 1069 1552 1159 exportet
1593 1052 1932 1165 Archiepiscopus

127 1183 264 1249 autem
295 1167 366 1276 qui
395 1179 524 1245 estet
553 1166 625 1275 qni
653 1191 731 1274 pro
766 1180 947 1273 tempore
996 1163 1118 1277 fnepit
1167 1162 1275 1245 bona
1317 1190 1389 1243 sua
1432 1166 1598 1272 propria
1643 1163 1764 1245 nullis
1785 1166 1934 1277 alienis

128 1278 330 1362 adiunctis
358 1277 468 1357 omni
498 1292 682 1385 tempore
709 1291 750 1356 et
777 1304 1037 1385 peromnem
1075 1276 1209 1357 locum
1254 1273 1351 1357 dicti
1380 1276 1494 1383 regni
1524 1274 1634 1355 nulla
1678 1276 1755 1357 sibi
1786 1279 1933 1361 inbibi·
1993 1290 1995 1297 ’

19 1414 25 1424 “
119 1385 249 1475 cione
276 1390 463 1469 obstante
492 1388 653 1469 trabere
680 1405 721 1468 et
752 1405 916 1496 portare
946 1388 1073 1469 libere
1103 1385 1234 1469 valeat
1254 1381 1438 1497 qnalibet
1465 1386 1605 1467 frande
1621 1406 1800 1471 cessante
1829 1391 1932 1473 l‘tem

70 1496 79 1505 ’
127 1500 243 1615 quod
269 1500 417 1609 prefati
446 1499 627 1583 homines
654 1516 696 1581 et
724 1498 875 1581 familia
904 1500 1209 1610 Archiepiscopi
1225 1516 1265 1581 et
1289 1495 1492 1579 lundensis
1519 1497 1684 1579 ecclesie
1715 1500 1935 1586 liberesint

76 1605 82 1687 J
128 1634 173 1697 et
201 1617 398 1701 immunes
425 1611 479 1691 ab
507 1614 617 1692 omni
650 1613 762 1721 regio
790 1641 900 1693 nouo
930 1612 1144 1695 theoloneo
1187 1628 1228 1694 et
1270 1610 1444 1719 pedagio
1481 1611 1729 1719 imponendo
1758 1630 1798 1693 et
1827 1613 1934 1695 adi·-

91 1745 197 1836 ,οἱα
226 1724 421 1830 capcione
450 1724 639 1831 imposito
665 1727 699 1805 si
727 1723 828 1835 qnid
856 1738 988 1805 estet
1016 1723 1069 1803 ab
1098 1722 1288 1804 omnibns
1317 1720 1423 1801 taliis
1451 1722 1730 1803 exactionibus
1757 1724 1934 1808 collectis

130 1838 210 1918 nisi
238 1863 306 1915 eas
334 1833 385 1914 de
412 1836 584 1915 consilio
615 1836 810 1915 maiorum
840 1852 881 1915 et
911 1834 1121 1916 nieliorum
1151 1835 1265 1941 regni
1295 1834 1424 1913 nostri
1458 1832 1670 1915 suadente·
1698 1836 1866 1916 utilitate
1894 1859 1934 1920 et

132 1950 372 2032 necessitate
401 1961 538 2026 nostre
567 1946 791 2056 reipublice
818 1963 860 2027 et
888 1949 1004 2055 regni
1048 1974 1123 2054 per
1159 1972 1232 2025 nos
1261 1944 1323 2027 vel
1352 1971 1600 2027 successores
1628 1962 1789 2027 nostros
1823 1948 1934 2031 fieret
1963 1938 1969 1957 “

129 2064 176 2143 in
208 2058 336 2139 forma
372 2072 430 2137 et'
456 2056 616 2139 casibus
643 2086 665 2137 a
695 2059 785 2139 inre
826 2057 1118 2139 consuetudine
1148 2056 1211 2138 vel
1241 2056 1440 2137 bonorum
1471 2050 1652 2167 ipsorum
1694 2058 1933 2142 condicione

112 2170 335 2281 permissis
362 2171 467 2250 ltem
496 2168 669 2278 quodsi
700 2172 851 2250 vocatis
879 2175 920 2249 in
950 2168 1129 2274 generali
1159 2166 1309 2277 placito
1339 2168 1480 2249 incolis
1519 2162 1722 2263 lundensis
1765 2168 1934 2254 diocesis

121 2280 186 2364 ad
212 2274 519 2389 expedicionem
546 2308 623 2388 pro
652 2278 892 2362 defensione
933 2278 1032 2367 dicti
1073 2282 1189 2389 regni
1229 2278 1377 2387 prelati
1420 2274 1602 2363 homines
1628 2282 1934 2393 Arcb'iepiscopi
2053 2290 2055 2301 '

86 2388 94 2396 ’
130 2411 177 2477 et
203 2392 369 2473 ecclesie
397 2389 604 2473 lundensis
632 2409 890 2474 contumaces
920 2392 1071 2473 luerint
1100 2390 1164 2473 vel
1193 2389 1440 2502 deliquerint
1462 2393 1505 2473 in
1536 2394 1739 2500 premissis
1767 2396 1933 2475 Archia·
2002 2423 2032 2500 Ι·

32 2587 37 2595 ,
133 2508 325 2615 piscopos
353 2505 461 2612 ipsos
500 2504 640 2612 puniet
678 2520 721 2585 et
766 2494 982 2613 compellat
1009 2504 1051 2585 Si
1080 2530 1178 2584 vero
1208 2504 1250 2584 in
1280 2503 1357 2585 hac
1384 2502 1586 2611 necligens
1627 2502 1749 2585 luerit
1778 2506 1839 2585 vel
1865 2536 1934 2588 wre·

131 2618 276 2698 missus
305 2613 369 2697 vel
399 2614 582 2725 predicta
620 2617 894 2697 commiserint
920 2616 1006 2697 eius
1034 2612 1223 2697 mandato
1252 2616 1517 2696 connioencia
1547 2614 1609 2695 vel
1632 2644 1830 2698 consensu
1862 2647 1934 2698 no·

131 2747 256 2812 stram
286 2728 327 2809 in
355 2755 461 2837 quos
488 2726 736 2836 deliquerint
786 2730 900 2808 iuxta
928 2727 1037 2835 leges
1065 2728 1197 2836 patrie
1237 2728 1419 2809 senciant
1454 2727 1650 2807 ulcionem
1688 2732 1791 2817 item
1820 2730 1934 2837 quod

17 2878 21 2886 ⁴
133 2840 243 2922 bona
271 2839 509 2922 clericorum
538 2835 820 2919 decedeocinm
850 2832 976 2919 libere
1006 2840 1170 2919 veniant
1199 2835 1250 2919 ed
1283 2864 1421 2920 eornm
1460 2837 1627 2920 heredes
1657 2839 1873 2945 legittimos
1899 2845 1934 2921 si

133 2954 330 3048 existant,
356 2948 456 3038 alias
484 2948 661 3034 ecclesiis
701 2950 765 3030 vel
808 2950 1124 3061 archiepiscopo
1166 2950 1278 3032 iuxta
1306 2951 1519 3032 canonicas
1560 2954 1785 3038 sanctiones
1828 2956 1933 3033 ltem
2072 2993 2075 2998 ·

136 3064 408 3172 promittimus
434 3060 548 3172 quod
576 3062 611 3142 si
638 3065 875 3171 apparuerit
902 3063 1136 3144 lundensem
1172 3061 1379 3146 ecclesiam
1408 3063 1485 3142 alia
1517 3062 1578 3142 vel
1621 3065 1709 3145 aliis
1738 3065 1934 3146 libertati·

134 3177 214 3257 bns
239 3174 452 3284 spoliatam
480 3201 567 3254 eam
595 3171 659 3254 rel
686 3199 754 3254 ees
780 3175 899 3285 plene
925 3191 967 3256 et
995 3183 1150 3282 integre
1178 3176 1433 3255 restituemus
1461 3171 1588 3257 eidem
1615 3191 1657 3254 et
1686 3178 1934 3283 possessione

125 3290 316 3396 ipsarum
344 3300 386 3365 et
413 3285 580 3366 aliarum
603 3285 876 3393 predictorum
907 3304 949 3366 et
973 3314 1113 3368 earnm
1143 3315 1244 3397 quas
1273 3285 1431 3366 obtinet
1460 3287 1500 3365 in
1538 3293 1714 3394 presenti
1743 3288 1934 3368 deiendess

1 3442 3 3445 ⁴
136 3426 225 3479 tuus
253 3393 421 3477 eandem
450 3397 506 3476 ita
535 3395 649 3507 quod
677 3425 816 3478 omnes
845 3397 1050 3479 libcrtates
1078 3397 1277 3504 predictas
1306 3425 1394 3477 cnm
1417 3399 1525 3476 omni
1556 3398 1645 3478 inre
1667 3401 1779 3509 regio
1809 3401 1942 3480 libere

135 3508 286 3592 habeat
314 3525 354 3589 et
383 3507 558 3616 gaudeat
584 3508 797 3591 commodo
824 3508 1039 3593 earundem
1070 3513 1174 3590 ltem
1206 3536 1280 3616 pro
1324 3509 1439 3590 bonis
1481 3509 1695 3594 subtractis
1724 3513 1832 3592 dicto
1858 3512 1934 3592 do-

136 3624 247 3701 mino
275 3620 449 3704 lohanni
478 3623 899 3730 temporecapcionis
926 3651 997 3702 sue
1023 3623 1059 3701 si
1086 3649 1167 3732 qne
1195 3623 1276 3702 sint
1306 3637 1441 3728 preter
1470 3620 1538 3701 illa
1567 3649 1646 3731 qne
1669 3623 1745 3702 sibi
1767 3639 1808 3702 et
1823 3622 1933 3704 dicto

135 3731 302 3814 domino
331 3759 480 3837 ysarno
509 3734 698 3811 restitura
728 3753 953 3814 noscuntur
980 3731 1207 3839 obligamus
1243 3729 1372 3812 eidem
1401 3731 1565 3812 domino
1607 3761 1756 3842 ysarno
1783 3751 1825 3814 et
1852 3751 1934 3814 tra·

134 3843 313 3925 didimus
343 3842 449 3923 bona
479 3859 618 3923 nostra
662 3845 804 3936 omniaj
833 3847 872 3923 in
909 3843 1138 3936 ethelstad'e
1167 3844 1208 3922 in
1238 3843 1356 3922 fionie
1402 3843 1552 3923 tamdiu
1581 3841 1776 3927 ‘habenda
1808 3866 1848 3926 et
1874 3863 1933 3926 te·
2051 3847 2055 3862 '

136 3953 267 4035 nenda
296 3983 387 4036 cum
416 3953 604 4035 omnibus
633 3953 745 4036 siluis
774 3956 928 4062 pascuis
958 3956 1140 4064 piscariis
1168 3970 1209 4036 et
1237 3953 1324 4033 aliis
1352 3954 1434 4036 suis
1476 3955 1631 4035 iuribus
1660 3973 1700 4034 et
1731 3959 1940 4061 pertineo-¹

135 4069 209 4148 ciis
237 4067 435 4147 vniuersis
463 4065 594 4147 donec
622 4063 673 4146 de
701 4064 820 4145 dictis
851 4066 969 4146 bonis
997 4081 1266 4173 cognoscatur
1308 4063 1384 4147 sibi
1424 4065 1474 4148 de
1512 4067 1688 4174 ipsorum
1734 4067 1933 4149 fructibus

113 4178 201 4258 ⁴uel
230 4178 310 4257 alio
341 4177 461 4259 modo
493 4176 610 4286 plene
638 4193 679 4257 et
708 4179 863 4283 integre
891 4176 1137 4259 satisfactum
1180 4179 1282 4260 ltem
1313 4176 1420 4258 bona
1451 4193 1586 4271 nostra
1617 4180 1765 4289 quein
1801 4178 1930 4260 insula
2058 4231 2062 4238 ·

2 4298 4 4397 J
136 4285 431 4383 borermeholm
457 4289 687 4369 obtinemus
714 4287 819 4369 dicta
847 4287 1097 4370 Rotneberct
1125 4316 1206 4400 qne
1235 4283 1398 4396 quidem
1434 4288 1541 4370 bona
1582 4288 1750 4377 heredes
1784 4290 1933 4372 nobilis
1975 4331 1981 4342 ·

137 4402 216 4484 riri
238 4399 404 4480 Vlloois
430 4401 565 4494 militis
591 4397 797 4510 quondam
827 4400 999 4510 dapiferi
1040 4397 1224 4482 detinent
1253 4401 1292 4482 in
1323 4401 1500 4509 presenti
1543 4429 1637 4482 cum
1671 4390 1860 4484 omnibus
1889 4406 1932 4484 in

22 4540 26 4552 ·
137 4512 248 4594 dicta
275 4511 406 4592 insula
436 4539 510 4621 per
537 4517 647 4620 ipsos
676 4512 738 4593 vel
771 4528 925 4620 patrem
953 4539 1095 4620 eornm
1125 4510 1348 4621 predictum
1366 4513 1510 4620 emptis
1539 4513 1600 4590 vel
1625 4513 1932 4622 quomodolibet

136 4624 363 4735 acquisitis,
391 4625 495 4706 ltem
523 4620 925 4707 Hernitstadheheret
952 4625 993 4705 io
1022 4625 1158 4710 scania
1187 4651 1280 4706 cnm
1317 4625 1504 4704 omnibus
1544 4623 1656 4705 siluis
1686 4628 1842 4733 pascuis
1873 4631 1933 4736 pi·
2029 4705 2031 4712 ,
2082 4661 2085 4671 ·

136 4736 275 4816 scariis
303 4734 461 4817 iuribus
484 4751 529 4815 *et
559 4735 815 4847 pertinenciis
842 4738 1031 4817 sniscum
1050 4734 1232 4819 dominio
1260 4761 1371 4816 mero
1402 4752 1441 4816 et
1471 4733 1596 4816 misto
1625 4763 1671 4816 ae
1701 4737 1824 4844 pleno
1846 4741 1934 4822 iure

2 4844 4 4851 ’
138 4849 254 4956 regio
284 4847 377 4930 silla
405 4845 555 4932 lorensi
587 4845 696 4928 dicta
722 4845 839 4955 ystad
866 4875 915 4928 ac
943 4845 1176 4929 bominibus
1202 4845 1274 4958 qui
1304 4861 1396 4928 sont
1423 4861 1465 4928 et
1492 4845 1684 4928 dicantur
1713 4853 1932 4929 commvni-

137 4976 272 5040 teret
299 4960 526 5069 specialiter
552 4957 734 5042 homiues
762 4959 866 5081 regia
893 4958 1104 5044 dumtaxat
1116 4958 1295 5067 exceptis
1321 4958 1364 5040 in
1392 4953 1501 5040 dicto
1515 4959 1630 5040 heret
1649 4963 1843 5043 scaniensi
1859 4963 1929 5073 qni
