4317 5975
839 398 900 461 ’-
961 370 1092 503 sacy
1203 442 1259 463 -

145 615 257 729 quod
273 616 550 723 assignacione
566 617 684 698 michi
699 614 818 713 lacta,
839 644 912 725 per
929 612 1200 699 venerabilem
1213 634 1369 727 patrem
1384 616 1590 701 dominnm
1606 619 1816 705 Nicolaum
1831 624 1946 706 Diui·
1967 688 1972 695 .

145 758 195 811 na
212 726 473 840 prouidencia
488 729 836 840 archiepiscopum
851 727 1113 837 upsalensem,
1128 728 1178 811 de
1194 729 1325 813 fundo
1353 732 1467 811 iuxta
1487 731 1692 815 ecclesiam
1709 752 1844 815 sancte
1872 737 1946 818 tri·

144 843 283 924 nitatis
311 867 403 921 cum
431 838 618 922 domibus
638 854 743 923 'tanc
770 839 924 924 ibidem
950 841 1236 939 existentibus,
1269 872 1345 953 pro
1375 844 1471 925 meis
1499 844 1636 927 usibus
1664 861 1705 925 et
1730 846 1946 933 commodo
2061 874 2064 881 ·

143 953 196 1035 ad
223 952 308 1034 dies
337 953 420 1034 vite
449 980 552 1049 mee,
581 955 670 1059 Ego
699 952 1177 1061 CuiuslibetCalumpnie
1207 956 1406 1035 occasioni
1436 982 1653 1065 precauere
1683 958 1840 1055 volens,
1869 963 1946 1043 Ac·

52 1166 55 1171 ι
126 1066 243 1148 cessi
271 1062 324 1145 ad
353 1062 575 1172 prefectum
604 1080 645 1146 et
674 1066 859 1147 consules
901 1065 1087 1147 Ciuitatis
1116 1066 1354 1175 upsalensis,
1383 1082 1424 1147 et
1460 1070 1502 1149 in
1537 1068 1751 1151 Communi
1794 1069 1945 1178 placito
1985 1114 2005 1139 υ
2061 1101 2070 1113 “

144 1180 326 1287 ipsorum
354 1176 592 1282 Recognoui
624 1179 814 1284 premisse
835 1179 1124 1261 concessionis
1159 1178 1333 1285 graciam
1374 1178 1494 1259 michi
1536 1180 1701 1278 factam,
1736 1199 1776 1261 et
1805 1181 1945 1264 volens
2048 1171 2052 1178 ’

129 1288 414 1373 ‚beneficencie
442 1288 563 1368 michi
591 1288 758 1397 inpense
787 1307 902 1396 grata
939 1289 1027 1372 fore
1055 1290 1211 1371 contuli
1240 1289 1416 1371 Ecclesia
1448 1288 1667 1399 upsalensi,
1689 1290 1946 1403 domosquas

142 1418 328 1509 tempore
356 1398 622 1482 habitacionis
651 1428 737 1483 mee
764 1402 807 1481 in
836 1400 947 1483 dicto
976 1400 1105 1485 fundo
1138 1404 1393 1511 contingeret
1414 1428 1476 1483 me
1491 1418 1725 1485 construere
1754 1423 1795 1486 et
1819 1406 1945 1487 eciam

142 1511 331 1593 atensilia
359 1538 442 1620 que
472 1510 552 1596 illic
581 1514 800 1593 existerent
827 1528 1010 1621 tempore
1039 1516 1180 1593 mortis
1202 1542 1300 1611 mee,
1328 1540 1450 1623 quam
1462 1510 1727 1595 donacionem
1748 1515 1807 1597 'ex
1836 1542 1946 1599 nunc

142 1626 336 1717 RatificO,
363 1624 591 1732 Ratamque
618 1640 658 1705 et
685 1624 838 1706 firmam
868 1625 1162 1707 immutabiliter
1190 1654 1274 1707 esse
1302 1625 1417 1721 volo,
1444 1628 1497 1705 Jn
1525 1624 1651 1710 Cuius
1665 1625 1738 1705 Rei
1767 1628 1944 1709 testimo·

143 1739 255 1816 nium
274 1733 459 1842 sigillum
490 1763 620 1815 meum
651 1738 830 1844 presenti
865 1736 1000 1819 littere
1040 1765 1119 1816 vna
1165 1764 1257 1816 cum
1299 1737 1438 1843 sigillis
1469 1736 1623 1817 domini
1666 1734 1826 1817 Andree
1855 1766 1945 1846 pre·

131 1848 286 1957 positi,
315 1861 356 1926 et
385 1846 630 1956 Ramburgis'
656 1848 748 1927 filie
765 1876 849 1928 mee
865 1862 925 1927 est
954 1875 1197 1956 appensum,
1226 1851 1372 1928 Actum
1388 1847 1509 1955 Apud
1532 1847 1794 1942 Condestum,
1824 1852 1944 1931 Anrm

139 1959 315 2054 domiui,
342 1956 574 2057 Millesimo,
602 1957 920 2055 Trecentesimo,
947 1958 1147 2056 secundo,
1177 1960 1335 2039 Octauo
1365 1958 1556 2041 kalendas
1582 1958 1819 2065 decembris.

645 2102 789 2186 Sigilleu,
810 2105 870 2169 Nto
895 2124 907 2166 r
931 2099 991 2165 ocb
1012 2120 1032 2162 α
1054 2099 1206 2181 skadade,
1234 2102 1445 2164 ibortsellet.

130 2376 326 2522 ¹373:
496 2347 502 2353 -
569 2527 573 2542 Ι
779 2305 928 2485 1302
978 2356 1025 2483 d.
1075 2380 1149 2491 28
1195 2376 1319 2481 Nor.
1667 2376 1947 2487 Condestir.
2126 2456 2130 2465 ·

228 2598 355 2660 Samma
371 2573 527 2660 Ratirams
548 2595 1013 2679 Testamentarishaanordning
1034 2597 1070 2659 al
1087 2597 1256 2681 penningar
1278 2593 1453 2679 tillkyrior
1463 2595 1522 2660 och
1535 2596 1650 2659 kloster
1664 2618 1704 2659 m.
1716 2619 1771 2671 rm,
1795 2600 1841 2661 till
1863 2598 1947 2661 hvil-

278 2680 689 2847 gpprptlppallpiprggarden
711 2678 920 2743 Hwalistader
946 2681 1061 2762 audac,
1083 2682 1253 2763 hvarjemte
1275 2679 1430 2762 graistltlle
1452 2682 1688 2763 utsesanlingen
1711 2682 1720 2741 i
1742 2680 1948 2769 Upsalacllcr

1679 2858 1683 2865 ⁴
1734 2845 1769 2901 n.
1786 2846 1811 2917 a.

257 2986 308 3064 ln
337 2982 510 3064 Nomine
539 2981 695 3066 domini
726 3009 862 3080 amen,
896 2987 1020 3068 Anno
1036 2982 1272 3069 Natiuitatis
1287 2980 1493 3080 Eiusdem,
1522 2980 1774 3064 M⁰.C⁰C⁰C⁰.
1803 3010 1947 3064 secun·

141 3095 219 3191 do,
250 3097 407 3198 Quarto
438 3093 629 3176 kalendas
656 3094 908 3192 Decembris,
944 3097 1032 3204 Ego
1061 3097 1284 3177 liturarum
1312 3094 1467 3176 Relicta
1491 3093 1644 3176 domini
1660 3093 1820 3176 israelis
1848 3121 1946 3175 con·

141 3207 238 3288 dam
270 3205 425 3314 legiferi
455 3207 647 3315 vplandie
673 3204 817 3288 debilis
845 3205 1076 3317 aliqualiter
1099 3233 1271 3316 corpore
1300 3203 1378 3286 Sed
1408 3223 1539 3287 mente
1564 3232 1635 3313 per
1662 3202 1727 3284 dei
1756 3206 1946 3312 graciam,

139 3345 309 3426 compos
338 3334 380 3397 et
407 3345 501 3398 sana
531 3346 604 3426 per
632 3319 786 3411 omnia,
821 3317 942 3400 saluti
977 3321 1109 3398 anime
1138 3345 1222 3400 mee
1251 3313 1481 3398 desiderans
1527 3317 1678 3398 utiliter
1707 3314 1945 3424 prouidere,

141 3433 205 3510 De
235 3430 353 3510 bonis
382 3427 503 3510 michi
530 3457 553 3509 a
582 3428 660 3511 deo
689 3430 908 3527 concessis,
949 3426 1251 3512 Testamentum
1294 3455 1425 3509 meum
1467 3425 1601 3510 condo
1643 3442 1684 3508 et
1727 3425 1874 3508 ordino
1901 3429 1945 3509 in

137 3541 252 3620 hunc
282 3539 456 3622 modum.
494 3541 546 3620 Jn
575 3541 715 3648 primis
744 3540 944 3621 Dilectum
971 3539 1100 3624 filium
1129 3569 1261 3623 meum
1295 3538 1607 3649 Ragnwaldum‚
1650 3555 1693 3620 et
1721 3538 1947 3622 karissimas

143 3653 245 3732 illias
274 3679 381 3733 meas
409 3651 529 3732 miehi
559 3653 728 3734 instituo
770 3653 814 3732 in
857 3651 976 3734 bonis
1018 3658 1114 3735 meis
1155 3675 1404 3736 successores
1446 3653 1661 3760 legittimos
1690 3667 1730 3732 et
1759 3649 1945 3751 heredes,

142 3763 298 3870 Obligo
327 3781 460 3844 autem
489 3765 623 3844 omnia
654 3763 761 3843 bona
792 3789 877 3843 mea
908 3793 983 3871 pro
1012 3762 1159 3846 debitis
1188 3768 1283 3844 meis
1311 3763 1343 3846 si
1374 3791 1454 3872 qua
1486 3781 1577 3871 post
1607 3781 1773 3843 mortem
1818 3791 1945 3844 aream
1975 3825 1982 3836 .

144 3875 374 3956 exstiterint
406 3874 704 3983 persoluendis,
733 3873 874 3956 volens
902 3891 947 3954 vt
975 3875 1044 3956 illa
1072 3876 1225 3986 absque
1255 3872 1454 3955 dilacione
1497 3873 1948 3983 qualibet-persoluani

136 4005 232 4084 tur,
260 3989 313 4067 ln
342 3986 519 4066 Ecclesia
548 4004 682 4067 autem
713 3985 932 4091 vpsalensi,
960 3987 1065 4095 siin
1094 3987 1293 4094 superiori
1321 3987 1465 4066 swecia
1494 3987 1704 4092 contingat
1735 4011 1796 4063 me
1826 3987 1942 4082 mori,

137 4098 251 4208 eligo
280 4101 324 4178 iu
351 4096 545 4208 Cappella
577 4098 685 4180 beati
713 4095 891 4192 Nicolai,
919 4099 1030 4178 iuxta
1061 4097 1248 4178 dilectum
1293 4094 1481 4177 Maritum
1516 4123 1646 4178 meum
1674 4094 1952 4204 sepulturam,

144 4209 198 4290 ad
228 4212 342 4291 cuius
370 4209 565 4320 Cappella
593 4224 856 4304 structuram,
874 4210 965 4318 lego
991 4207 1271 4316 Quadraginta
1302 4205 1486 4289 Marchas
1513 4205 1767 4290 denariorum
1800 4206 1946 4287 vsualis

144 4338 324 4416 monete,
369 4323 421 4400 ln
464 4350 548 4431 quo
585 4349 675 4402 casu
706 4321 797 4428 lego
840 4321 1016 4401 Ecclesia
1060 4323 1178 4403 beate
1217 4319 1387 4426 virginis
1428 4317 1576 4415 skaris,
1621 4316 1721 4398 Tres
1767 4317 1947 4398 marchas

12 4489 17 4498 -
53 4419 61 4436 ⁶
143 4432 421 4529 denariorum,
451 4433 493 4512 Si
522 4453 656 4513 autem
686 4433 728 4511 in
758 4433 942 4539 vesgocia
973 4435 1187 4539 contingat
1222 4459 1284 4511 me
1327 4429 1540 4525 decedere,
1583 4430 1688 4536 eligo
1727 4431 1841 4509 iuxta
1872 4432 1947 4511 Pa·

139 4563 250 4623 ·trem
278 4571 410 4622 meum
441 4546 483 4625 in
512 4544 688 4625 Ecclesia
719 4544 835 4623 beate
862 4543 1030 4649 virginis
1058 4543 1185 4624 skaris
1213 4541 1390 4650 sepeliri,
1418 4557 1466 4640 et=
1487 4557 1584 4621 tnnc
1613 4540 1704 4646 lego
1720 4541 1777 4619 illi
1808 4541 1947 4621 Eccle-

139 4657 203 4734 sie
232 4651 510 4763 Quadraginta
542 4655 724 4736 marchas
752 4651 1024 4749 denariorum,
1053 4652 1160 4735 dicte
1175 4670 1309 4734 autem
1327 4651 1522 4762 Cappelle
1540 4652 1646 4756 beati
1661 4651 1819 4759 Nicolaj
1847 4669 1947 4732 tunc

140 4769 260 4874 lego,
286 4765 388 4846 Tres
410 4767 602 4848 vlllaichas
629 4764 908 4863 denariorum,
944 4767 1050 4846 ltem
1079 4762 1131 4845 ad
1159 4764 1455 4847 edificacionem
1492 4762 1636 4845 domus
1678 4761 1744 4843 dei
1773 4763 1945 4871 vpsalie,

141 4881 239 4985 lego
267 4875 403 4958 decem
432 4875 613 4958 marchas
640 4875 915 4975 denariorum,
958 4877 1169 4959 liratribus
1211 4873 1434 4956 munoribus
1466 4873 1634 4972 ibidem,
1678 4873 1814 4954 decem
1845 4899 1947 4954 mar·

142 4991 244 5072 chas
269 4987 564 5084 denariorum,
592 4990 695 5085 Jtem
739 4989 915 5072 Ecclesia
951 4989 1066 5071 beate
1096 4987 1261 5096 virginis
1290 4983 1458 5084 ibidem,
1493 5013 1612 5068 raam
1649 4985 1849 5068 marcham
1878 4983 1947 5068 de·
