4317 5975
682 462 687 473 ,
830 366 890 472 ..ss
965 405 1078 492 bai
1184 403 1249 476 ’..”.

138 654 179 720 et
209 660 282 744 per
303 644 475 740 pactum
505 627 778 740 promittimus
805 625 951 712 eisdem
979 629 1177 714 fratribus
1202 635 1373 731 nostris,
1410 649 1469 716 ut·
1484 633 1517 725 si
1546 633 1588 731 in
1617 633 1757 746 aliquo
1787 638 1940 718 veneri·

139 773 227 838 mus
253 762 399 825 contra
428 743 646 852 praemissa:
674 764 814 821 omnes
854 741 1045 824 fidelitate
1091 747 1207 828 nobis
1251 746 1402 829 astricti
1448 747 1530 826 sint
1569 751 1739 856 eo‘ipso
1768 775 1790 829 a
1822 747 1941 830 nobis

18 911 26 920 ·
97 895 104 901 ·
137 856 326 952 absoluti,
355 874 396 938 et
415 851 529 965 quod
559 865 729 962 possunt
756 851 909 962 absque
929 854 1121 964 -quatibet
1150 875 1247 937 nota
1279 857 1343 938 vel
1373 854 1625 966 displicentia
1654 874 1791 938 nostra
1822 857 1942 940 dictis

139 968 334 1052 iratribus
361 967 510 1050 nostris
537 965 753 1047 adbaerere.
798 963 1079 1048 Consentimus
1121 968 1258 1064 etiam,
1301 965 1413 1076 quod
1444 968 1544 1050 dicti
1584 969 1748 1050 Domini
1790 972 1941 1064 Duces,

139 1081 282 1162 iratres
311 1081 439 1161 nostri
468 1105 550 1158 non
579 1091 793 1157 teneantur
822 1075 941 1156 nobis
968 1075 1184 1186 adaliqua
1215 1081 1408 1188 promissa
1436 1079 1708 1177 observanda,
1737 1083 1771 1163 si
1799 1100 1940 1164 contra
2014 1113 2018 1122 *

138 1193 337 1302 praemissa
367 1190 613 1282 venerimus,
640 1203 687 1267 ut
715 1188 902 1294 superius
930 1205 991 1269 est
1018 1215 1271 1299 expressum,
1300 1190 1418 1270 nobis
1446 1191 1706 1273 nibilominus
1735 1221 1942 1274 remanen-

138 1307 247 1388 tibus
278 1302 451 1397 eisdem,
482 1326 568 1410 quo
596 1298 812 1381 adomnia
842 1299 948 1380 inter
978 1325 1051 1381 nos
1081 1300 1270 1410 placitata
1300 1301 1466 1381 firmiter
1494 1301 1693 1410 obligatis.
1731 1306 1783 1383 Vi
1823 1305 1943 1384 etiam

48 1441 88 1482 “-
138 1417 267 1499 nostri
293 1413 537 1496 sacramenti
563 1437 638 1491 nos
665 1410 913 1518 obligamus,
941 1427 982 1492 et
1010 1412 1239 1495 voluntarie
1269 1441 1341 1493 nos
1358 1412 1627 1520 astringimus
1656 1432 1713 1513 ut,
1741 1413 1943 1496 veniendo

100 1575 105 1581 ·
138 1546 279 1612 eontra
310 1526 513 1635 praemissa
542 1521 606 1603 vel
634 1521 802 1631 aliquod
832 1549 992 1617 eorum,
1020 1549 1071 1604 eo
1105 1525 1117 1602 i
1147 1551 1193 1604 so
1230 1522 1446 1634 perdamus
1489 1522 1595 1606 bona
1624 1544 1664 1608 et
1689 1526 1779 1634 jura
1809 1528 1944 1606 omnia

139 1637 257 1722 nobis
286 1637 390 1719 infra
420 1663 588 1744 regnum
631 1635 910 1742 conpetentis,
952 1650 994 1716 et
1029 1633 1081 1715 ad
1110 1553 1238 1716 dictos
1277 1636 1420 1717 fratres
1463 1651 1623 1717 nostros
1662 1637 1943 1719 devolvantur.

9 1764 11 1769 ’
139 1751 439 1834 Renunciamus
467 1751 637 1856 insuper
663 1747 706 1825 in
735 1744 923 1826 omnibus
953 1747 1168 1853 praemissis
1208 1748 1326 1826 omni*
1355 1748 1588 1857 exceptioni
1622 1746 1726 1843 doli,
1769 1746 1945 1842 fraudis„

118 1882 280 1957 nactus,
308 1861 527 1953 violentia,
556 1875 598 1937 et
627 1857 907 1967 cujuscunque
934 1856 1075 1938 aaaailii
1108 1856 1209 1964 juris
1237 1862 1459 1940 communis
1487 1858 1552 1939 vel
1581 1857 1945 1966 consuetudinarii,
2019 1869 2020 1872 '

9 2006 13 2017 ·
138 1973 250 2086 quod
281 1970 398 2052 nobis
428 1966 616 2078 prodesse
636 1969 792 2076 possit,
820 1983 862 2049 et
892 1967 1094 2075 praedictis
1112 1967 1309 2049 iratribus
1331 1969 1635 2052 nostrisobesse
1663 1971 1705 2051 in
1734 1971 1948 2079 praemissis

141 2087 206 2168 vel
233 2082 419 2195 quolibet
448 2081 758 2190 praemissorum.
786 2079 1044 2162 Ratifioamus
1068 2079 1239 2190 insuper
1268 2095 1310 2160 et
1337 2081 1611 2189 approbamus
1648 2081 1947 2191 placitationem
2044 2181 2051 2186 ᾖ

141 2204 262 2283 Anno
289 2193 453 2276 Domini
481 2191 555 2276 Μ’.
582 2190 721 2273 CCC‘.
749 2191 881 2272 vssr.
924 2190 1137 2272 Dominioa
1174 2192 1306 2273 carnis
1345 2192 1470 2274 Privii
1510 2191 1706 2301 Nycopias
1749 2193 1946 2288 habitam,

118 2312 182 2405 ‚e‘t
209 2308 345 2391 omnia
374 2306 415 2386 in
445 2329 492 2384 ea
520 2317 711 2385 contenta
750 2321 894 2386 tenore
934 2302 1142 2410 praesentis
1183 2303 1436 2385 innovamus.
1494 2303 1549 2410 Ut
1576 2319 1710 2384 amem
1755 2303 1946 2414 praedicta
2018 2365 2021 2370 .

9 2413 14 2427 ’
141 2423 273 2504 omnia
303 2433 504 2528 eteorum
532 2411 851 2526 quodlibet-per
879 2438 953 2496 nos
977 2423 1211 2496 canosum
1253 2414 1428 2496 firmiter:
1462 2430 1503 2496 et
1544 2415 1833 2497 inviolabiliter
1873 2414 1948 2495 ob·

140 2547 375 2627 serventur,
401 2529 723 2638 repromiserunt
751 2537 832 2607 uba
861 2525 1072 2622 nobisctam
1102 2527 1265 2608 Domini
1296 2526 1508 2636 Episcopi,
1537 2526 1763 2634 Episcopus
1779 2521 1975 2607 scaren-³

141 2649 217 2742 sis,
242 2660 284 2725 et
311 2644 381 2724 alii
419 2639 578 2721 nobiles
611 2653 654 2720 et
695 2653 900 2747 magnates
933 2639 1047 2745 regni
1092 2635 1196 2720 infra
1220 2638 1400 2748 scripti,
1441 2635 1630 2720 videlicet
1664 2634 1949 2746 Swaotapollc,

143 2757 347 2840 Henrieus
373 2752 637 2859 Borgravius,
667 2750 846 2832 Karolus
871 2746 1114 2846 Tbidbislss,
1151 2745 1392 2830 Benedictus
1432 2747 1632 2844 Boosson,
1669 2747 1951 2857 Rangwaldus

143 2868 275 2963 Pate,
305 2866 505 2947 Henrieus
532 2859 754 2970 Glysingh,
783 2856 1021 2942 Gudserluis
1035 2860 1234 2958 Boomou,
1264 2859 1467 2942 Jobannes
1494 2860 1655 2955 Huwd,
1685 2860 1845 2955 Milites,
1874 2887 1950 2942 nse

145 3009 227 3063 non
255 2996 299 3061 et
329 2972 573 3059 Domicellus
599 2972 776 3070 AErnist,
817 2971 1066 3080 Sigmundus
1108 2971 1399 3069 Kialdorsson,
1436 2969 1642 3055 Mundus
1683 2970 1967 3085 Liquidsson,

142 3092 290 3175 Tbolo
319 3090 519 3181 Boosson,
548 3084 778 3194 Stephanus
805 3084 1056 3181 Korakesion,
1090 3082 1365 3165 Christiarnus
1393 3082 1598 3194 quandam
1628 3081 1880 3179 Advocatus,
1908 3099 1950 3163 et
1987 3126 1990 3131 ·
2053 3071 2065 3083 ⁸

144 3204 420 3287 Christiarnus
445 3198 552 3279 filius
578 3224 686 3280 satu.
714 3197 762 3279 In
788 3194 911 3303 cujus
936 3198 997 3277 rei
1024 3195 1298 3277 testimonium
1328 3223 1408 3277 una
1437 3222 1527 3276 cum
1551 3194 1700 3304 ‚sigillo
1728 3214 1870 3277 nosco
1898 3196 1951 3275 si·

73 3404 77 3409 ,
145 3315 239 3425 gilla
266 3311 593 3423 supradictorum
624 3307 823 3391 nobilium
866 3305 1143 3415 presentibus
1175 3324 1271 3388 sunt
1311 3334 1504 3415 appensa.
1560 3310 1706 3405 Actum
1741 3322 1782 3387 et
1810 3304 1950 3387 datum

106 3524 109 3527 ⁴
144 3425 331 3509 Oerabro
367 3427 488 3504 Anno
513 3419 680 3501 Domini
718 3417 1121 3503 tt·.ccc⁰.v111⁹·.
1159 3418 1202 3501 in
1230 3418 1409 3499 'crastino
1452 3419 1791 3501 annunciationis
1825 3417 1953 3499 beatas
2065 3418 2071 3426 ’

145 3540 681 3727 Vlrglblbslionungensatsidip
702 3639 798 3724 sigili,
819 3648 885 3703 aro*
898 3658 937 3703 aa
956 3602 1056 3717 codas
1077 3636 1158 3723 sipi!
1181 3570 1382 3717 eileclnade,
1404 3646 1482 3701 mmt
1503 3656 1622 3699 samsar-
1643 3635 1691 3699 till
1714 3635 1783 3699 sate
1804 3634 1880 3697 dito·

112 4141 116 4144 .
155 3991 329 4193 ¹157&
768 4014 909 4145 1308
957 4034 1006 4143 d.
1060 4075 1134 4181 ¹7·
1175 4026 1408 4183 April(¹

157 4279 161 4283 ’
224 4268 383 4333 Boenasa
404 4254 486 4327 Ma
509 4258 684 4328 Pautebref
701 4261 741 4347 ps
773 4258 862 4323 alred
883 4260 921 4324 al
937 4256 1004 4343 jord
1026 4260 1036 4320 i
1056 4256 1267 4349 Lingduoler
1289 4256 1336 4361 till
1357 4248 1436 4317 bara
1454 4250 1596 4333 Ull'sson,
1619 4253 1667 4317 till
1689 4250 1899 4336 godtgb'rande
1920 4253 1958 4321 ai
2008 4318 2012 4327 ,

280 4350 325 4414 so
347 4349 435 4413 marl
458 4347 638 4432 penningar.

397 4437 407 4449 ‘
1495 4458 1500 4463 -
1626 4418 1655 4475 J.
1671 4416 1698 4477 ἀ
1716 4419 1774 4491 ²9&
1791 4437 1818 4479 r·

260 4566 463 4651 Omnibus
480 4534 706 4676 praesentes
735 4564 870 4645 literas
899 4560 1152 4670 inspecturis,
1180 4559 1436 4643 manemus
1463 4564 1570 4653 Anti,
1599 4548 1768 4641 salutem
1798 4555 1840 4637 in
1870 4556 1974 4639 D0·,
2053 4560 2059 4591 ²

149 4687 261 4767 mino
289 4680 586 4789 sempiternam.
615 4676 776 4760 Tenore
805 4675 1010 4785 praesentis
1038 4682 1224 4755 constare
1252 4668 1347 4750 volo
1371 4664 1610 4769 Evidentes,
1639 4694 1701 4749 me
1732 4668 1847 4747 fratri
1864 4694 1953 4748 meo
1994 4682 1998 4693 ·

149 4794 375 4880 Laurentio
414 4788 618 4889 Ulllsson,
666 4791 710 4871 in
747 4788 950 4896 octaginta
992 4784 1165 4865 marchis
1206 4778 1485 4875 denariorum,
1528 4806 1605 4887 pro
1625 4792 1750 4889 ¹parte
1780 4778 1953 4861 fratrum
2033 4888 2036 4893 „
2113 4816 2153 4849 .-

134 4913 331 5009 'meorum
361 4904 586 5001 iuniorum,
615 4916 657 4985 et
681 4926 869 4984 sororum
896 4881 1215 5010 Langadunbcr',
1251 4888 1461 4989 videlieet,
1503 4887 1639 4973 decem
1669 4888 1818 5083 solidpj
1836 4908 1954 4973 terrra

280 5024 524 5103 scamma.
678 5018 686 5030 '
755 5054 761 5062 .
1097 5014 1105 5089 2
1502 5044 1506 5055 .
1838 5030 1841 5040 a
