4317 5975
910 410 1027 429 ·-
1145 388 1480 474 172*

282 602 436 673 statuto
462 568 676 683 adicimus,
707 602 757 681 vt
776 584 968 664 Rectores
997 586 1437 682 ecclesiarum,=omnes
1460 600 1501 662 et
1528 577 1690 689 singuli,
1715 598 1873 679 nostre,
1893 582 2062 666 Diocesis
2113 596 2118 604 ’

190 718 196 732 ’
284 703 376 783 IIII.
407 703 541 779 missas
569 724 644 807 pro
674 699 883 804 episcope,
916 698 986 793 Ill,
1015 723 1093 803 pro
1114 701 1343 807 preposite,
1365 693 1681 789 Archidiacono,
1709 695 1949 789 Decano,&
1976 694 2071 789 duas,

285 840 362 922 pro
399 811 623 903 Canonic0,
653 838 744 887 cum
787 808 934 914 vigiliis
971 810 1105 889 dicere
1145 826 1377 903 teneantur,
1421 806 1527 885 infra
1570 833 1744 887 mensem
1765 800 1992 915 'postquam
2024 807 2069 887 de

286 940 418 1004 morte
447 920 700 1027 perceperint
728 921 957 1014 veritatem,
993 919 1034 998 Si
1064 950 1162 1001 vero
1194 916 1365 1028 predicti
1392 915 1620 997 sacerdotes
1662 916 1828 1014 rurales,
1861 918 1902 996 in
1931 915 2087 997 eisdem.

286 1035 412 1113 missis
443 1032 623 1112 dicendis
648 1032 890 1137 negligentes
916 1030 1065 1109 fuerint
1094 1032 1361 1125 uel-remissi,
1390 1057 1508 1137 pena,
1536 1028 1607 1123 lll,
1631 1056 1862 1108 marcarum·
1878 1048 1957 1134 'per
1984 1056 2068 1108 suos
2149 1099 2150 1103 ,

222 1187 226 1196 ’
287 1146 515 1253 prepositos
546 1147 785 1249 puniantur,
829 1146 934 1221 ltem
971 1144 1012 1220 in
1055 1142 1245 1222 omnibus
1285 1141 1392 1222 uillis
1417 1141 1681 1235 Forensibus,
1724 1140 1945 1247 ceterisque
1982 1141 2070 1220 locis

284 1255 510 1361 insignibus
539 1254 606 1333 vbi
641 1255 813 1361 primum
842 1252 892 1333 de
928 1251 1097 1360 predicti
1136 1254 1362 1361 pontilicis,
1405 1252 1521 1332 obitu
1565 1251 1768 1330 certitudo
1804 1250 2011 1345 claruerit,
2050 1278 2070 1330 a

189 1462 194 1478 ι
286 1367 396 1447 clero
426 1372 463 1445 8(
493 1365 658 1472 populo,
691 1363 982 1471 sollempnibus
1021 1392 1097 1471 pro
1133 1394 1182 1443 eo
1217 1366 1362 1459 missis,
1384 1368 1432 1442 8(
1460 1362 1624 1469 vigiliis,
1652 1362 1885 1456 celebratis,
1913 1362 2070 1466 singulis

288 1478 431 1559 diebus
461 1476 591 1555 doncc
620 1474 669 1554 de
701 1476 928 1582 prouisione
960 1477 1083 1582 ipsius
1112 1478 1297 1570 ecclesie,
1333 1505 1473 1555 rumor
1501 1475 1709 1553 veritatem
1741 1473 1969 1579 pertulerit,
1990 1501 2071 1579 pre·
2133 1563 2139 1583 Κ

272 1567 353 1671 lces
383 1583 605 1665 fundantur
634 1585 686 1664 ad
715 1584 944 1681 dominum,
988 1592 1275 1694 &aputeum
1307 1585 1471 1667 ‘deuotis
1504 1586 1764 1664 oracionibus
1801 1584 2006 1666 insistatur
2031 1601 2077 1663 ut.
2127 1687 2130 1691 λ

288 1702 374 1806 ipse
403 1698 474 1806 qui
503 1700 543 1777 in
575 1700 656 1776 suis
686 1688 1089 1795 facit'concordiam,
1119 1700 1179 1805 sic·
1203 1697 1351 1778 efficiat
1386 1698 1675 1777 canonicorum
1706 1694 1829 1776 corda
1869 1696 1912 1774 in
1934 1694 2070 1802 eligen-

290 1809 343 1890 do
373 1802 605 1902 concordia,
621 1805 731 1915 quod
750 1810 950 1915 prouisi0,
987 1808 1143 1905 celeris,
1158 1836 1340 1905 concors,
1356 1814 1395 1887 8(
1424 1807 1554 1903 utilis,
1582 1807 1705 1914 pr'out
1726 1810 1949 1886 animarum
1978 1807 2072 1887 salus

287 1922 435 2027 exigit,
465 1926 503 1998 8(
531 1920 661 1997 tocius
691 1918 858 1999 diocesis
888 1918 1057 2014 vtilitas,
1100 1948 1151 1999 ex
1181 1922 1360 2028 ipsorum
1389 1920 1651 1999 unanimitate
1680 1918 1970 2027 subsequatur,
1997 1946 2071 1997 wo·

289 2034 420 2112 lunius
449 2032 615 2136 insuper
645 2034 683 2107 8(
713 2031 1002 2119 inuiolabiliter
1030 2033 1273 2139 precipimus
1301 2030 1529 2126 obseruari,
1558 2026 1670 2137 quod
1698 2030 1874 2138 quilibet
1902 2029 2072 2124 vicarius,

288 2143 338 2223 de
367 2142 512 2237 cboro,
543 2170 661 2219 vnam
692 2143 845 2221 missam
877 2144 1112 2237 animarum,
1143 2169 1218 2249 pro
1247 2144 1433 2239 omnibus
1465 2141 1790 2222 benefactoribus
1816 2140 1981 2221 ecclesie
2005 2138 2072 2218 lin·

289 2255 492 2361 copcnsis,
521 2251 715 2360 qualibet,
747 2253 827 2346 11:¹¹,
857 2254 953 2333 feria
979 2281 1051 2361 per
1075 2252 1256 2358 singulos
1277 2282 1425 2349 annos,
1441 2254 1516 2332 nisi
1537 2252 1811 2359 sollempnitas
1827 2250 2070 2346 interueniat,

290 2393 357 2446 seu
388 2363 564 2441 officium
593 2362 771 2456 ecclesie,
797 2366 855 2443 vel
888 2365 1009 2443 funus
1035 2364 1237 2469 inpediat,
1267 2362 1400 2444 dicere
1424 2380 1632 2459 teneatur,
1661 2365 1841 2472 alioquin
1861 2392 1932 2471 per
1953 2366 2069 2470 ipsum

288 2474 508 2582 capitulum
540 2476 720 2581 grauiter
745 2477 958 2581 puniatur,
987 2476 1173 2555 Ceterum
1204 2477 1447 2554 instituimus
1475 2481 1515 2553 8(
1542 2474 1619 2553 sub
1642 2504 1744 2583 pena
1769 2475 1906 2590 trium,
1935 2501 2070 2556 marca·
2149 2545 2150 2549 ,

287 2614 392 2681 rum,
423 2586 687 2691 iniungimus,
716 2586 826 2694 quod
852 2604 1029 2669 rectores
1057 2587 1336 2682 ecclesiarum,
1365 2616 1503 2667 omnes
1527 2592 1566 2665 8(
1595 2586 1761 2695 singuli,
1785 2605 1920 2667 nostre
1941 2586 2071 2664 Dioce·

288 2698 353 2792 sis,
371 2724 490 2774 vnum
510 2698 662 2775 missam
680 2699 915 2791 animarum,
931 2726 1006 2805 pro
1023 2698 1141 2777 dictis
1159 2699 1468 2779 ecelesienostre
1484 2698 1807 2778 benefactoribus
1821 2727 1912 2777 cum
1930 2696 2070 2804 vigiliis,

289 2806 570 2903 sollemnibus,
603 2809 788 2913 proximo
817 2805 881 2888 die
911 2827 1003 2916 post
1031 2808 1178 2889 festum
1209 2810 1316 2890 beati
1347 2810 1483 2890 kanuti
1500 2813 1540 2889 in
1560 2809 1721 2888 ecclesis
1750 2810 1832 2888 suis
1862 2809 2066 2902 celebrent,
2096 2827 2099 2831 ’

289 2920 516 3014 annuatim,
548 2922 876 3026 pronunciantes,
906 2919 970 3000 die
1000 2922 1227 3020 Dominica,
1274 2920 1427 3002 dictum
1470 2923 1614 3001 festum
1660 2918 1921 3030 precedente,
1956 2914 2070 3028 quod

287 3029 476 3108 omnibus
503 3058 596 3108 vere
626 3032 900 3136 penitentibus
928 3035 968 3110 8(
997 3033 1208 3127 confessis,
1240 3036 1311 3140 qni
1339 3033 1405 3112 die
1437 3049 1671 3141 prenotato,
1700 3031 1752 3112 ad
1774 3035 1880 3142 ipsas
1901 3032 2069 3112 ecclesias

234 3225 235 3234 ,
288 3168 365 3248 pro
394 3139 542 3219 eisdem
571 3141 897 3220 benefactoribus
927 3143 1098 3238 oraturi,
1127 3146 1378 3238 accesserint,
1406 3145 1645 3225 auctoritate
1674 3145 1948 3251 apostolorum
1978 3139 2070 3250 petri

272 3257 330 3353 ¹&
359 3251 490 3358 pauli,
520 3251 680 3347 confisi,
708 3252 806 3348 XX,
836 3254 942 3348 dies,
972 3255 1021 3334 de
1051 3254 1229 3333 iniuncta
1267 3256 1344 3334 sibi
1389 3259 1614 3364 penitencia
1644 3260 1954 3339 misericorditer
1982 3254 2069 3332 rela-

290 3388 451 3456 xamus,
481 3363 629 3440 Datum
662 3368 700 3440 8(
743 3380 873 3443 actum
893 3365 1082 3470 lincopie,
1113 3392 1240 3460 anne,
1261 3364 1433 3462 domini,
1456 3367 1851 3465 lll⁰,CC',XC⁰,llll',
1884 3372 1933 3448 Jn
1948 3362 2069 3472 vigilia

291 3472 565 3580 apostolorum
598 3476 766 3578 petri&
792 3475 919 3581 pauli,
949 3477 1000 3553 ln
1029 3503 1202 3584 quorum
1234 3473 1470 3586 perpetuam
1503 3481 1754 3573 memoriam,
1777 3480 1978 3587 siggillum
2007 3503 2069 3553 no·

291 3599 431 3677 strum,
461 3611 536 3660 vna
569 3613 658 3662 cum
687 3585 818 3691 sigillo
847 3586 1014 3693 capituli
1048 3591 1481 3697 nostri‚'presentibus
1510 3609 1570 3670 est
1612 3617 1856 3697 appensum,
1897 3599 1934 3670 8(
1964 3611 2069 3667 manu

239 3741 245 3756 =
292 3695 458 3802 propria
489 3693 727 3802 subscripsi,
771 3697 855 3776 Nos
885 3698 1131 3787 laurencius,
1171 3696 1236 3778 dei
1270 3688 1402 3807 gracia
1447 3702 1702 3809 lincopensis,
1731 3706 1962 3810 episeopus,
1993 3723 2070 3805 pre·

289 3804 471 3886 sentibus
499 3804 774 3902 interfuimus,
805 3812 968 3916 propria
1007 3837 1129 3887 manu
1162 3811 1486 3920 subscripsimus,
1530 3819 1570 3890 8(
1596 3813 1771 3919 sigillum
1800 3832 1983 3892 nostrum
2008 3833 2070 3913 ap-

232 3938 236 3945 ·
289 3919 498 4024 posuimus
521 3941 548 3998 ÷
572 3919 666 4022 Ego*
682 3945 708 3998 ÷
733 3919 966 3999 wimundus
983 3913 1212 4028 prepositus
1235 3923 1496 4034 lincopensis,
1513 3927 1766 4032 presentibus
1788 3923 1971 4025 interfui,
1987 3943 2070 4028 pro·

293 4030 379 4134 pria
410 4055 530 4106 mauu
558 4025 798 4136 subscripsi,
828 4037 865 4111 8(
894 4031 1067 4138 sigillum
1100 4061 1227 4112 meum
1258 4040 1446 4142 apposni,
1483 4038 1533 4116 Et
1563 4064 1639 4143 ego
1675 4036 1907 4116 wimundus
1934 4056 2069 4142 prepo-

289 4140 389 4218 situs
418 4138 677 4245 lincopensis,
719 4157 883 4245 rogatus
925 4171 947 4220 a
983 4140 1146 4222 domiuo
1190 4147 1355 4228 Sunone
1398 4148 1682 4241 archidiacono
1723 4148 1892 4242 ibidem,
1921 4141 2070 4222 nomine

290 4277 363 4328 suo
393 4249 647 4356 presentibus
676 4251 868 4348 interfui,
889 4254 977 4358 Ego
1005 4279 1033 4335 ÷
1064 4257 1206 4335 Ericus
1241 4261 1423 4340 Deranus
1460 4260 1702 4366 lincopensis
1739 4260 1989 4366 presentibus
2014 4251 2077 4328 in,

287 4360 428 4451 terfui,
459 4362 622 4468 propria
652 4391 770 4440 manu
800 4363 1018 4471 subscripsi
1048 4371 1086 4445 8(
1114 4367 1287 4474 sigillum
1332 4400 1460 4456 meum
1503 4372 1692 4478 apposui,
1736 4371 1824 4477 Ego
1859 4369 2068 4454 lohannes,

288 4467 430 4566 dictus,
463 4473 679 4551 canonicus
709 4472 967 4581 lincopensis,
997 4480 1251 4581 presentibus
1279 4483 1463 4576 interfui,
1500 4484 1664 4590 propria
1697 4512 1817 4561 manu
1844 4471 2068 4579 subscripsi,

287 4588 327 4660 8(
355 4581 527 4688 sigillum
559 4612 689 4662 mcum
717 4587 888 4692 apposui
917 4615 944 4669 ÷
974 4585 1061 4695 Ego
1090 4590 1321 4673 thorstanus
1364 4595 1580 4674 canonicus
1617 4595 1876 4700 lincopensis,
1920 4608 2068 4696 presen-

286 4691 397 4770 tibus
426 4693 601 4792 interfui,
633 4697 796 4803 propria
843 4727 961 4778 manu
999 4700 1240 4809 subscripsi,
1284 4711 1322 4784 8(
1353 4706 1529 4814 sigillum
1560 4733 1689 4784 meum
1719 4702 1904 4812 apposuj.
1932 4729 1959 4784 4
1986 4694 2067 4796 Εεθ

286 4801 473 4911 birgerus
495 4809 723 4905 canonicus,
747 4808 1005 4916 lincopensis
1035 4813 1307 4917 presentibus,
1325 4819 1484 4900 interfui
1508 4820 1673 4924 propria
1697 4845 1832 4896 manu·
1847 4807 2066 4909 subscrips-

286 4915 525 5023 &sigillum
554 4945 683 4999 meum
712 4921 897 5034 apposui,
920 4925 953 5014 'p
982 4923 1070 5030 Ego
1102 4923 1200 5005 bero
1228 4949 1256 5006 ψ
1285 4930 1516 5026 canonicus,
1544 4928 1804 5036 lincopensis,
1828 4914 2068 5038 presentibus
2103 4996 2108 5007 .
