4317 5975
919 340 1024 474 '1-
1136 369 1216 469 aaa
1301 409 1383 437 ,‚„

278 598 437 761 1595.
650 711 656 718 ,
898 600 1042 708 1308
1089 599 1138 707 d.
1193 633 1256 746 17
1289 603 1444 760 'Aug‘
1801 573 2033 752 Wisingso.

295 851 300 862 ¹
350 823 536 905 Hertigarne
557 820 658 886 Erras
675 820 736 884 och
768 824 969 888 warantis
1001 822 1170 906 galvobrcl
1197 821 1236 908 pal
1268 825 1385 886 Araus·
1417 821 1463 884 till
1491 819 1658 884 lluormrua
1681 822 1691 882 l
1713 819 1866 904 Gudhem,
1881 824 1929 900 ¹ldr
1946 838 1984 890 att
2001 831 2034 897 tt

402 905 541 991 ffirflytrs
562 907 613 968 sitt
633 905 758 969 kloster.
1819 985 1843 1040 Α
1869 989 1883 1042 ³
1906 986 1927 1041 ι

379 1122 582 1205 Omnibus
610 1142 813 1232 presentes
842 1123 995 1205 litteras
1022 1122 1289 1231 inspecturis,
1319 1121 1466 1202 Eamus
1487 1139 1529 1203 et
1564 1144 1850 1212 wauoasaaos
1883 1122 1942 1202 dei
1967 1155 2038 1232 gra-

122 1225 154 1312 .’
268 1239 345 1319 cia·
362 1236 484 1317 duces
511 1259 711 1316 sweorum
738 1234 908 1317 salutem
938 1239 979 1315 in
1009 1230 1175 1314 domino
1193 1223 1637 1339 .sempiternam,'Cum
1663 1235 1956 1342 progenitorum
1982 1265 2039 1319 oo·

98 1436 105 1448 ,
233 1373 251 1428 1·
270 1365 446 1430 atrorum
475 1344 581 1425 facta
610 1346 818 1453 magnilica
848 1374 922 1427 nos
961 1344 1156 1425 inducant
1198 1369 1409 1451 sumopere
1438 1345 1517 1452 hijs
1559 1342 1765 1425 intendere
1792 1361 1833 1425 et
1862 1347 2042 1452 inuigilare

191 1518 194 1525 ·
272 1459 323 1542 de
351 1453 502 1567 quibus
530 1456 664 1536 honor
691 1458 817 1563 regis,
844 1457 916 1568 qui
957 1483 1030 1535 nos
1059 1471 1172 1563 regat
1221 1455 1262 1534 in
1293 1453 1423 1536 secula
1466 1457 1762 1552 accumulatur,
1791 1474 1833 1536 et
1860 1463 2041 1540 venerario

271 1587 503 1651 sanctorum
531 1567 617 1648 eius
645 1568 858 1659 accrescit,
886 1585 929 1648 et
955 1564 1062 1648 vnde
1091 1566 1261 1648 deuocio
1303 1567 1494 1674 prouenit
1523 1565 1709 1647 fidelibus
1738 1567 1778 1646 in
1811 1571 1990 1676 presenti,
2013 1589 2042 1656 et

271 1685 315 1764 in
343 1681 485 1762 sutoro
513 1676 735 1759 remedium
763 1679 976 1760 animabus
1003 1696 1043 1760 et
1070 1678 1177 1758 salus
1205 1693 1421 1784 generatur
1449 1694 1607 1775 eterna,
1641 1679 1725 1760 Nos
1753 1693 1798 1760 vt
1826 1681 1991 1790 ipsequi
2013 1683 2044 1761 in

180 1844 183 1853 ·
257 1792 424 1874 ‘unctis
450 1793 532 1870 suis
559 1787 759 1898 gloriosus
786 1806 827 1870 et
849 1789 1044 1871 mirabilis
1073 1808 1152 1886 est,
1180 1815 1230 1868 eo
1258 1788 1732 1886 lerucncius,deuooi,us,
1760 1806 1801 1869 ct
1831 1788 2042 1872 laudabilius

155 1985 158 1991 .
274 1902 540 2011 glorificetur,
568 1918 609 1980 et
635 1902 813 2009 populus
833 1904 871 1982 ei
899 1903 1078 1983 seruiens
1109 1926 1276 1980 numero
1303 1917 1345 1980 et
1377 1902 1521 1981 merito
1549 1917 1767 2006 augeatur,
1796 1901 1851 1982 ob
1880 1903 2042 1982 sinceram

273 2031 314 2099 et
341 2017 447 2123 piam
476 2011 735 2092 allecclonem
776 2040 898 2123 qoam
950 2010 1001 2092 ad
1031 2010 1237 2120 religiosas
1281 2039 1492 2120 personas,
1521 2013 1732 2091 Dominam
1764 2012 1991 2093 abbatissam
2015 2031 2045 2093 et

272 2140 517 2208 conuentum
547 2123 591 2203 in
618 2119 796 2231 gudhem
825 2123 1038 2218 habemus,
1065 2122 1209 2204 damus
1238 2136 1278 2202 et
1308 2126 1501 2232 presentis
1530 2122 1663 2204 littere
1707 2127 1932 2232 patrocinio
1970 2152 2045 2206 con·

273 2233 435 2319 ferimus
479 2233 565 2343 lpsi
594 2231 757 2315 domine
800 2235 1001 2316 abbatisse
1029 2235 1071 2315 in
1102 2233 1277 2342 gudhem
1307 2251 1347 2314 et
1376 2236 1596 2316 concentui
1625 2232 1796 2326 ibidem,
1836 2261 1910 2344 pro
1937 2262 2046 2315 mona·

273 2348 396 2431 sterio
417 2341 718 2454 construendo,
746 2345 909 2427 Curiam
937 2363 1128 2444 nostram,
1160 2371 1320 2442 aranas,
1358 2373 1449 2428 cum
1479 2346 1666 2426 omnibus
1708 2345 1817 2442 dicte
1844 2346 1952 2426 curie
1978 2373 2046 2454 per·

275 2459 483 2565 tinencijs,
510 2454 710 2538 videlicet.
739 2455 950 2553 domibus,
978 2458 1098 2565 agris,
1121 2459 1259 2566 pratis,
1287 2459 1458 2566 pascuis,
1486 2457 1610 2554 siluis,
1640 2455 1897 2554 molendinis,
1927 2458 2047 2538 molen·

261 2567 463 2652 diuorum
493 2567 612 2663 loeis,
639 2594 687 2649 ac
713 2571 859 2650 ceteris
887 2567 994 2651 dicte
1021 2571 1134 2649 curie
1162 2568 1436 2678 pertinenciis.
1466 2571 1572 2651 intra
1590 2593 1704 2676 sepes
1731 2585 1772 2650 et
1800 2570 2046 2680 extra,longe

152 2727 159 2734 ·
254 2677 342 2762 'uel
372 2707 502 2791 prope
528 2679 691 2788 positis,
718 2680 842 2790 pleno
869 2683 968 2762 lure
996 2696 1194 2792 perpetuo
1235 2677 1496 2790 possidenda,
1540 2683 1590 2762 ln
1621 2681 1745 2789 ipsam
1774 2677 1971 2761 dominam
1995 2683 2047 2761 rb·

274 2793 462 2874 hatissam
490 2807 532 2872 et
558 2807 804 2873 conuentum
833 2790 993 2878 ibidem.
1022 2789 1186 2901 plenum
1216 2793 1474 2902 proprietatis
1499 2794 1564 2900 jus
1592 2805 1633 2872 et
1663 2795 1922 2901 possessionis
1948 2791 2048 2874 domi·

217 2958 221 2963 ·
275 2905 387 2984 nium
420 2902 726 2999 transferentes,
753 2903 888 2986 ablata
918 2901 1060 3002 nobis,
1090 2905 1337 3014 nostrisque
1365 2900 1603 3001 heredibus,
1632 2903 1857 3013 predictam
1886 2902 2048 2986 donacio·

273 3042 366 3099 nem
396 3015 479 3097 vllo
506 3040 698 3125 vmquam
725 3014 1031 3098 adiuuencionis
1058 3016 1223 3125 ingenio
1251 3016 1493 3112 reuocandi,
1522 3014 1742 3098 dummodo
1770 3018 1815 3097 in
1844 3015 1987 3099 dictum
2004 3014 2048 3096 lo·

274 3125 380 3223 cum,
409 3128 846 3225 monasteriumsuum,
878 3128 1116 3223 transferre,
1146 3144 1188 3209 et
1215 3130 1346 3236 ipsum
1375 3125 1580 3236 corporali
1607 3154 1744 3210 aarum
1774 3128 2048 3209 residenciaoc·

275 3260 428 3347 cupare
457 3236 678 3333 voluerint,
705 3238 810 3319 infra
838 3266 990 3320 anuum
1018 3267 1063 3321 a.
1092 3241 1193 3321 festo
1221 3238 1329 3319 beati
1360 3239 1563 3320 michaelis
1591 3240 1670 3321 iam
1695 3240 1884 3347 proximo
1911 3266 2048 3346 compu-

278 3348 465 3444 tandum,
494 3352 544 3429 Jn
573 3349 692 3456 cujus
718 3350 792 3431 Rei
823 3352 1117 3446 testimonium,
1146 3366 1187 3429 et
1215 3350 1462 3431 euidenciam
1509 3350 1722 3431 firmiorem
1766 3350 1897 3458 sigilla
1927 3364 2048 3431 nostra.

277 3486 355 3538 rna
383 3488 475 3539 eum
504 3459 643 3567 sigillis
671 3458 842 3541 aliorum
870 3459 920 3543 de
948 3462 1117 3541 consilio
1147 3476 1286 3541 nostro
1315 3462 1570 3570 presentibus
1586 3478 1680 3542 sunt
1710 3488 1901 3571 appensa.
1928 3464 2047 3543 Daton

278 3571 455 3679 sisingso
483 3596 591 3651 anno
619 3569 772 3652 domini
805 3572 863 3655 Μ’
895 3572 1015 3654 CCC·
1046 3572 1177 3651 Vlll’.
1206 3574 1258 3651 Jn
1285 3588 1430 3653 octaua
1459 3572 1577 3655 beati
1595 3572 1819 3682 Laurencij.

1028 3710 1156 3794 Sigillec
1177 3710 1322 3774 shadade.

53 4126 58 4133 ’
249 4030 443 4272 --1‘595
506 4202 510 4206 -
916 4124 1060 4238 1308
1107 4124 1155 4231 d
1208 4162 1274 4269 17
1321 4064 1450 4270 hug.
1812 4126 2048 4271 Wisings'o

360 4347 543 4429 llertigaroe
564 4344 664 4409 Eurus
683 4342 744 4406 orb
764 4344 966 4409 wascum
984 4346 1063 4410 Brel'
1078 4364 1131 4408 om
1152 4343 1242 4407 doras
1257 4344 1351 4426 gdl'ra
1370 4344 1407 4406 rt*
1422 4341 1629 4425 Amsagae
1642 4341 1687 4419 till
1699 4344 1867 4417 ltnnnoraa
1888 4348 1899 4408 i
1918 4342 2048 4419 Gndbrn,

547 4428 1353 4572 r
1374 4426 2048 4513 rr

410 4514 581 4660 bllhllpbcb
603 4594 652 4656 titt
675 4592 946 4675 terhslilligheten
969 4594 1072 4658 lemos
1093 4532 1254 4675 valrrilligtg
1265 4530 1395 4659 bitra'gde·
1450 4551 1462 4589 ⁹
1779 4533 1799 4599 y
1832 4576 1835 4579 Ι
1881 4533 1938 4597 Η

1823 4676 1860 4732 A.
1878 4674 1940 4733 Η

390 4810 537 4893 Eamus
564 4828 606 4892 et
632 4776 921 4895 maurentinus
949 4807 1015 4893 dei
1043 4812 1179 4922 gracia
1210 4807 1332 4893 duces
1367 4836 1586 4905 sweorum,
1628 4808 1836 4899 Omnibus,
1871 4806 2045 4921 presentat¹

169 4923 173 4932 '
280 4924 433 5006 litteras
460 4923 712 5033 inspecturis
739 4923 918 5006 Salutem
946 4924 990 5007 in
1017 4920 1185 5007 domino
1211 4923 1507 5033 sempiternam.
1559 4922 1663 5005 Cum
1692 4917 1804 5005 iuxta
1829 4917 2042 5007 sentencias
