4317 5975
822 420 1069 524 «ιι-357
1181 462 1237 493 ..-

120 642 219 725 ritu'
235 664 308 719 sno
331 634 712 747 engelarduspro·
734 638 840 721 iusto
855 648 909 719 -et
938 638 1057 747 legali
1086 641 1246 747 precio,
1275 638 1442 749 quaudo
1468 637 1575 737 idem
1614 641 1923 748 maritumum

116 747 471 859 proficisscebatur
493 752 541 830 'in
562 741 1087 859 *terrumjsaoctam'quod
1116 749 1220 831 dixit
1246 752 1436 857 pluribus
1463 778 1555 834 eoae»
1576 770 1731 850 notum,
1757 770 1811 853 ‚et
1827 758 1924 857 satis

115 860 284 971 publice
325 856 610 968 divulgatum·
654 860 865 971 Reliquam
896 888 993 943 vero
1021 862 1519 945 terrambabuitibidem
1548 864 1637 943 iure
1663 862 1921 971 hereditario.

114 974 223 1053 Jtem
252 973 421 1053 asseruit
457 998 499 1053 se
527 970 800 1081 possidereet
828 970 977 1053 habere
1004 972 1046 1053 in·
1075 972 1171 1052 villa
1200 987 1376 1064 secatum
1405 976 1448 1054 in
1469 972 1952 1084 olandia,,quatuordcq1¹

115 1085 317 1191 eimloras
346 1097 479 1178 torre,
500 1094 602 1192 qu'as
629 1081 804 1166 dixisse
823 1082 1078 1169 babuisseen
1107 1081 1347 1192 prediorum.
1357 1091 1656 1193 permutacione
1693 1086 1800 1191 facta
1829 1069 1923 1187 cum¹

114 1192 284 1276 domino
315 1191 533 1274 Benedicta
570 1192 717 1290 boson,
745 1194 992 1275 consobrino
1020 1219 1116 1290 suo,
1143 1222 1220 1301 pro
1249 1198 1362 1278 cunia
1388 1224 1461 1277 sua
1479 1194 1701 1294 sudherbi,
1730 1198 1773 1278 in
1800 1184 1923 1305 parofs

112 1304 206 1387 chia
229 1291 497 1387 danmarcum
511 1305 686 1397 situata.
729 1306 864 1387 Hanc«
880 1332 993 1387 suam
1021 1306 1354 1404 notificacionem,
1370 1304 1420 1403 ad
1435 1308 1497 1400 sni
1512 1290 1767 1406 instanciam,
1793 1296 1922 1425 scrip]
1956 1298 1972 1314 ⁵

112 1431 159 1497 to
189 1416 369 1523 presenti
399 1416 534 1497 'inseri
562 1413 729 1497 fecimus
757 1415 972 1507 cuiuslibet
1000 1419 1094 1505 iure
1115 1417 1249 1511 saluo,
1267 1432 1320 1499 ‚et
1346 1418 1390 1499 in
1417 1432 1527 1525 geste
1555 1420 1613 1501 rei
1631 1421 1944 1525 testimonium„

112 1523 219 1607 illud
250 1542 390 1608 nostro
432 1527 564 1635 sigillo
615 1525 897 1615 mandarimus
931 1529 1171 1635 consignari.
1227 1528 1376 1622 Datum
1403 1529 1572 1611 sictonie
1600 1556 1709 1618 anno
1738 1512 1950 1634 Dominis

112 1637 297 1736 M·‚cc·‚
332 1637 603 1745 Norugesimo
628 1654 798 1737 octauo,
827 1640 870 1717 iu
899 1636 962 1721 die
986 1640 1114 1725 sancti
1143 1638 1296 1727 Marchi
1330 1639 1625 1750 Euuaugeliste

805 1778 931 1843 butun
950 1782 988 1843 af
1005 1780 1121 1863 sigillet
1140 1800 1230 1864 qvar.

123 2120 335 2231 1232..
520 2130 572 2247 J
759 2023 1436 2293 1298¹d·25.AP¹Ti1·-⁴,'
1604 2258 1632 2296 „
1723 2044 1922 2277 Upsala.

195 2343 263 2406 Nib
284 2343 465 2408 Ubbessoua
484 2340 577 2407 uara
598 2346 742 2412 suanm
762 2350 1032 2413 testamentus-isla
1053 2339 1231 2431 auordoicg
1251 2368 1304 2411 om
1325 2349 1372 2412 rio
1393 2348 1648 2455 qvarldteucktp.

1610 2499 1646 2553 n.
1662 2496 1686 2568 4.

143 2656 145 2663 ’
235 2632 511 2730 innomine,
533 2604 765 2743 ,patris,⁴8r
799 2634 895 2743 filij,
923 2641 964 2717 δι
982 2637 1151 2743 spiritus
1177 2638 1327 2733 sancti,
1348 2640 1514 2742 -Amen,
1541 2592 1752 2738 Quoniam
1781 2635 1921 2729 mortis

67 2750 73 2757 '
114 2742 329 2841 terminus,
371 2745 573 2827 omnibus'
588 2745 826 2829 mortalibus
848 2762 922 2827 est
956 2748 1155 2844 incertus,
1183 2747 1388 2854 idcirco,¹
1424 2747 1512 2855 Ego
1555 2769 1726 2841 sommus
1766 2745 1922 2841 Relicta
2054 2776 2061 2792 ·
2142 2720 2148 2727 ’

115 2852 275 2935 Nicolai
303 2853 509 2952 vbbason,
537 2884 634 2939 sana
662 2873 796 2939 mente
823 2860 865 2937 8r
892 2881 1063 2965 corpore
1102 2885 1182 2967 per-
1204 2856 1271 2937 dei
1298 2857 1492 2963 graciam,
1527 2840 1725 2938 debonis
1760 2855 1920 2956 mihia
1966 2949 1977 2970 ·

114 2962 195 3046 deo
222 2963 399 3064 collatis,
421 2965 687 3075 infrascripto
719 2964 853 3066 modo,
882 2997 1013 3050 meum
1029 2964 1163 3050 condo
1191 2972 1232 3048 8ι
1259 2964 1405 3050 ordino
1422 2981 1734 3072 testamentum,
1760 2968 1815 3048 Jn
1834 2966 1945 3074 pri-⁸

114 3077 368 3158 mis·reuoeo
396 3084 437 3159 &
463 3079 599 3175 irrito,
627 3083 667 3160 &
708 3079 864 3178 inania,
905 3106 952 3160 ac
994 3081 1145 3161 nullius
1181 3078 1329 3164 valoris
1371 3104 1456 3160 esse
1492 3077 1588 3159 volo
1627 3078 1762 3158 omnia
1797 3091 1922 3158 testa·
2144 3062 2148 3067 ’

114 3201 251 3268 menta
294 3191 503 3272 retroactis
562 3190 840 3298 temporibus,
889 3216 1154 3302 quoqurnque
1197 3187 1376 3270 modoa
1417 3214 1501 3294 me,
1543 3214 1615 3268 seu
1634 3259 1639 3266 .
1657 3192 1700 3268 in
1726 3191 1921 3298 quorum·

115 3323 297 3408 qumque
341 3301 502 3382 testium
529 3299 949 3411 prese'ncia·condita,
991 3318 1063 3382 aut
1094 3300 1344 3411 quibuslibet
1379 3297 1520 3409 sigillis
1548 3297 1709 3383 uallata.
1766 3301 1818 3378 Jn
1854 3325 1921 3380 ec·

113 3409 236 3490 clecia
259 3409 552 3518 Religiosorum
583 3414 761 3496 virorum
791 3412 962 3494 fratrum
985 3410 1283 3522 predicatorum
1311 3411 1501 3507 sictonie,
1529 3410 1650 3491 iuxta·
1671 3409 1921 3496 carissimum
2043 3407 2046 3413 ’
2144 3515 2147 3520 ¹

114 3519 305 3602 Maritum
334 3547 465 3602 meum
486 3521 710 3620 Nicolaum,
740 3525 821 3604 mei
843 3529 1027 3631 corporis
1055 3525 1161 3632 eligo
1188 3521 1463 3630 sepullturam.
1519 3522 1707 3624 Quorum
1720 3537 1920 3616 monaste·
2051 3579 2055 3585 .
2094 3593 2100 3600 .

114 3633 181 3712 rio
209 3629 321 3742 lego,
351 3635 513 3743 .V:que‚
537 3659 634 3716 oras
661 3653 769 3716 terre
796 3636 839 3716 in
875 3637 985 3716 ouria
1023 3663 1112 3716 mea
1145 3634 1278 3734 saebir,
1313 3631 1390 3715 sub
1424 3633 1496 3715 tali
1520 3631 1771 3745 condicione
1805 3629 1920 3742 quod

112 3741 283 3826 heredes
311 3745 387 3824 mei
415 3743 522 3826 infra
550 3773 700 3826 annum
726 3774 753 3825 a
782 3762 964 3853 tempore
995 3743 1269 3832 defunctionis
1295 3771 1382 3824 mee
1409 3741 1746 3852 computandum,
1769 3740 1918 3842 dictam

111 3871 264 3934 terram
293 3880 370 3962 pro
389 3856 495 3936 iusto
523 3858 660 3966 precio
688 3852 913 3938 redimendi
940 3855 1118 3937 habeant
1144 3855 1389 3936 facultatem.
1423 3853 1617 3962 Alioquin
1640 3853 1778 3963 elapso
1807 3879 1917 3934 auno

111 3963 388 4073 computando
415 3993 437 4046 a
466 3963 533 4048 die
563 3968 639 4048 mei
665 3967 823 4064 obitus,
862 3971 1072 4048 memorati
1109 3967 1270 4062 fratres,
1298 3961 1448 4058 dictam
1483 3962 1629 4047 terram
1670 3965 1916 4074 cuiqumque

111 4075 318 4160 volueriut
345 4076 549 4160 vendendi
577 4077 745 4158 liberam
759 4074 939 4160 habeant
954 4093 1204 4185 potestatem.
1246 4079 1370 4174 Jtem,
1398 4072 1753 4157 eisdemfratribus
1774 4099 1916 4184 quem·
1981 4117 1986 4128 ,
2049 4129 2053 4134 ,
2140 4120 2143 4124 -

112 4186 216 4268 libet
243 4185 438 4269 decimum
482 4186 694 4270 denarium
717 4189 813 4298 lego
853 4188 1055 4270 bonorum
1098 4187 1307 4268 mobilium
1363 4201 1446 4266 tam
1485 4186 1528 4266 in
1564 4182 1752 4284 domibus
1791 4210 1916 4294 quam

111 4301 156 4379 iu
186 4297 429 4406 supellectili
460 4300 634 4412 reliqua,
669 4327 751 4410 que
787 4302 831 4381 in
873 4295 1029 4380 eadem'
1051 4301 1166 4378 curia
1204 4297 1315 4403 saeby
1356 4296 1508 4382 luerint
1549 4297 1732 4406 tempore
1767 4293 1915 4390 mortis

112 4435 211 4491 mee.
267 4406 332 4490 Ad
360 4409 552 4491 fabricam
578 4411 745 4496 ecclesie
780 4440 804 4491 v
836 4408 999 4492 salensis
1014 4407 1128 4491 -Tres
1156 4435 1248 4491 oras
1276 4426 1384 4492 terre
1411 4409 1456 4490 in
1487 4406 1599 4508 sebi*
1626 4404 1796 4488 confero
1827 4408 1913 4486 sine
2041 4405 2046 4416 '

111 4520 401 4629 redempcione
439 4536 639 4631 perpetuo
682 4522 791 4632 possi
845 4521 963 4620 ndns,
1003 4519 1214 4602 Fratribus
1254 4515 1576 4629 predicatoribus
1597 4519 1641 4600 in
1668 4517 1913 4610 ‘'eaestraaros

112 4630 215 4714 dnae
243 4631 398 4712 Marcus
439 4630 715 4730 denarionrm,
732 4631 941 4732 ¹fratribus
976 4627 1299 4742 predicatoribus
1326 4630 1370 4710 in
1404 4646 1646 4742 strengenaes
1674 4625 1776 4710 duas
1804 4627 1911 4710 Mar·

111 4741 208 4824 chas
250 4739 351 4826 deu.
409 4740 626 4826 Sororibus
662 4740 775 4852 apud
816 4756 998 4846 sanctum
1053 4741 1274 4850 Martinam
1325 4737 1555 4849 skeningie,
1613 4738 1730 4830 duas,
1754 4739 1910 4820 Marcas

110 4850 204 4936 den.
261 4851 507 4937 Monasterio
534 4853 898 4942 sancumoniatium
925 4851 1408 4963 insequendorum,
1436 4851 1527 4936 deu.
1595 4849 1808 4934 Fratribus
1834 4849 1907 4928 mi·

249 5010 299 5069 Su.
315 5010 436 5086 Biblon.
451 5012 494 5068 11.
799 5027 806 5040 ·
1669 4993 1711 5057 33
1764 5023 1769 5032 ’
