4317 5975
1317 244 1329 285 l

780 382 885 443 :·-.
948 339 1042 422 aas·
1142 338 1274 404 -“-’

122 577 161 639 et
187 557 392 645 beatorum
418 565 522 672 petri
551 581 592 644 et
607 561 727 674 pauli
750 560 1031 677 apostolorum
1066 564 1149 648 eius
1184 564 1425 649 auctoritate.
1445 549 1603 659 conlisi,
1646 563 1920 676 Quadraginta

120 662 200 753 dies
227 667 277 757 de
304 677 490 757 iniunctis
517 675 593 759 sibi
620 677 853 788 penitenciis
879 679 992 758 annis
1020 677 1184 783 singulis
1210 676 1436 758 relaxamus.
1494 678 1640 757 Datum
1870 702 1877 720 ·
1921 669 1925 679 ’

519 825 524 830 ’
588 819 637 883 Pa
647 820 844 904 frdusidau,
865 820 939 882 med
959 820 1231 885 13·lruudratolcts
1251 825 1323 885 sut·
1344 798 1443 884 vacat.

873 936 998 1020 sigillet
1019 935 1160 1000 skadadt.

73 1409 284 1552 ν,1,716.
740 1392 892 1526 1280
939 1409 1109 1539 ὡιὸ
1157 1405 1307 1521 Febr.
1390 1532 1392 1536 ¹
1554 1403 1557 1410 ¹
1637 1407 1639 1413 ’
1714 1339 1936 1537 νὶῖιῇιείὂ.Ι
2006 1395 2039 1463 ’“

105 1613 110 1618 ’
199 1595 436 1682 Ᾰπὶώίοὶορειι
456 1554 635 1660 lammens
648 1597 680 1660 fl.
700 1600 793 1683 intyg
814 1620 868 1662 om
889 1599 981 1662 aaa·
1001 1599 1074 1660 med
1095 1599 1212 1682 salop
1234 1599 1331 1662 Ascer
1354 1599 1364 1659 i
1387 1599 1502 1661 Wexib'
1523 1601 1678 1664 amttllda
1705 1601 1781 1744 laqa
1797 1603 1919 1664 under·

240 1683 391 1762 siikaing,
410 1680 544 1742 riirande
566 1681 628 1743 deu
649 1682 817 1744 snikenhet
839 1683 901 1745 och
923 1682 1097 1767 olyskbet,
1129 1681 1279 1748 hrarfiire
1301 1680 1366 1742 ban
1393 1681 1503 1747 blifvit
1523 1683 1679 1768 sullegad
1700 1705 1738 1747 oc
1779 1684 1934 1766 'hvartill,
2034 1759 2038 1766 Ι

239 1765 304 1826 han
327 1763 419 1827 alvea
440 1763 548 1825 blifvit
567 1765 756 1828 tarvunnen.
1707 1849 1733 1905 A
1755 1835 1758 1842 ,

616 1869 621 1876 ·
1735 1890 1742 1905 .
1760 1865 1784 1902 a.

224 1951 343 2029 Anno
357 1943 516 2028 domini.
539 1945 944 2030 M⁰.C⁰C⁰.LX⁰X⁰X⁰.
973 1947 1280 2054 Qsintodecimo
1295 1943 1482 2030 kalendas
1496 1949 1632 2058 marcij
1644 1951 1919 2034 exercentibus

119 2058 231 2142 nobis
257 2059 498 2145 uisitacionis
524 2077 659 2142 nostre
685 2058 866 2141 debitum
903 2061 1079 2142 officium
1115 2060 1222 2174 apud
1259 2062 1460 2146 ecclesiam
1502 2063 1814 2160 wexionensem,
1857 2066 1918 2143 in·

118 2173 293 2252 uenimus
320 2167 429 2284 quod
456 2167 635 2253 dolentes
661 2172 866 2254 referimus
892 2171 1158 2254 uenerabilem
1194 2179 1249 2273 in
1264 2173 1412 2255 christo
1447 2171 1609 2254 fratrem
1643 2189 1684 2253 et
1719 2167 1918 2282 cdepisco·

121 2313 214 2394 pum
244 2299 424 2364 nostram
452 2279 655 2365 dominum
684 2284 859 2366 ascerum
887 2312 1004 2395 super
1031 2287 1151 2366 uariis
1179 2304 1219 2366 et
1254 2283 1480 2366 enormibus
1516 2284 1746 2366 criminibus
1769 2283 1917 2366 uideli-
2030 2359 2037 2382 ,

116 2411 178 2477 cet
205 2394 358 2477 lubrico
386 2395 514 2480 carnis
541 2395 734 2478 ebrietate
762 2393 914 2478 assidua
943 2414 985 2477 et
1011 2398 1178 2479 simoma
1201 2393 1319 2508 'apud
1354 2395 1480 2478 bonos
1515 2411 1557 2475 et
1603 2421 1742 2502 graues
1784 2397 1917 2478 multi·

117 2508 270 2617 pliciter
298 2505 543 2592 infamatum.
592 2507 708 2589 Vnde
737 2535 869 2590 coram
898 2510 1058 2589 ecclesie
1085 2526 1221 2592 nostre
1249 2505 1468 2590 senioribus
1495 2509 1708 2618 prepositis
1735 2505 1918 2592 uidelicet

117 2615 261 2701 andrea
288 2637 335 2699 etx
352 2619 543 2721 iohanne,
571 2649 617 2700 ac
644 2623 767 2702 eciam
792 2617 958 2702 domino
985 2617 1186 2719 Gerardo,
1214 2619 1390 2730 cepimus
1418 2647 1468 2701 ex
1495 2618 1629 2700 officio
1657 2635 1794 2702 nostro
1817 2622 1935 2704 sicut·

117 2726 322 2812 debuimus
349 2727 559 2836 diligenter
573 2746 703 2843 'super
730 2729 875 2812 eisdem
903 2731 1134 2814 criminibus
1168 2733 1365 2848 inquirere
1402 2731 1625 2829 ueritatem,
1668 2731 1826 2840 prelixo
1858 2749 1918 2814 ta·

117 2869 207 2948 men
234 2843 345 2950 prius
371 2844 541 2924 termino
568 2871 614 2924 ac
640 2848 763 2925 eciam
792 2848 992 2949 assignato
1027 2844 1252 2926 volentibus
1290 2847 1420 2953 ipsum
1457 2871 1574 2954 super
1609 2845 1810 2957 premissis
1847 2843 1918 2922 ali·
2040 2873 2043 2878 ·

117 2971 312 3063 quatenus
348 2979 540 3037 accusare.
576 2983 669 3038 sane
706 2953 834 3039 dictus
871 2955 994 3037 frater
1021 2958 1154 3047 nostri
1176 2974 1394 3039 conuentus
1429 2983 1457 3053 a
1486 2953 1610 3037 nobis
1639 2957 1707 3067 qui
1741 2981 1791 3037 ex
1827 2955 1917 3035 olfi-

115 3068 176 3146 cio
217 3082 354 3146 nostro
396 3068 654 3175 processimus
693 3064 1025 3179 quemadmodum
1059 3070 1305 3177 premisimus
1338 3084 1478 3148 contra
1513 3068 1662 3174 ipsum,
1698 3068 1920 3151 Conuictus

115 3176 191 3258 fait
218 3201 290 3285 per
316 3192 434 3257 testes
460 3174 625 3259 idoneos
649 3196 692 3259 et
720 3176 884 3260 tandem·
908 3183 951 3260 in
977 3182 1063 3261 iure
1090 3181 1307 3275 confessus,
1349 3174 1458 3289 quod
1485 3178 1702 3259 solutiones
1729 3204 1915 3287 procura·

114 3291 271 3388 cionum
298 3316 322 3368 a
349 3286 582 3399 quibusdam
609 3291 779 3401 ecclcsijs
806 3320 875 3371 sue
903 3289 1067 3372 diocesis
1095 3310 1233 3374 contra
1272 3302 1420 3372 statuta
1463 3289 1635 3397 concilij'
1660 3286 1916 3395 lugdunensis

114 3416 317 3511 receperat
342 3398 476 3479 officio
503 3403 744 3483 uisitaeionis
769 3430 854 3483 nou
881 3405 1071 3513 impenso.
1130 3404 1344 3505 Conuictus
1372 3402 1495 3482 eciam
1529 3400 1606 3481 fuit
1639 3428 1684 3482 ac
1720 3404 1845 3515 eciam
1872 3405 1917 3484 in

77 3587 82 3598 ,
114 3515 199 3593 iure
227 3510 427 3591 confessus
453 3538 494 3591 se
523 3514 690 3625 amplius
718 3542 841 3627 quam
865 3529 1043 3596 taxatum
1073 3512 1150 3594 suit
1177 3515 1219 3599 in
1247 3513 1478 3623 prouinciali
1516 3512 1683 3594 concilio
1710 3510 1844 3619 Telgis
1872 3515 1917 3597 in

113 3625 294 3733 expensis
312 3628 647 3734 procuracionum
673 3628 885 3737 recepisse(
935 3625 1120 3706 Ceterum
1149 3626 1414 3731 interrogatus
1450 3622 1622 3707 anobis
1664 3623 1737 3704 sub
1780 3622 1939 3706 debito‘
2014 3642 2018 3657 '

115 3736 269 3847 prestiti
298 3734 525 3832 iuramenti,
550 3736 768 3840 ⁴confessus
794 3753 855 3815 est
881 3737 924 3817 in
951 3738 1035 3816 iure
1063 3764 1195 3816 eoram
1224 3736 1359 3828 nobis,
1404 3730 1511 3843 quod
1540 3732 1728 3843 quasdam
1758 3738 1914 3817 mulier·

112 3848 220 3929 culas
247 3844 454 3925 carnaliter
481 3865 721 3955 cognouerat
748 3861 958 3957 postquam
980 3848 1023 3927 in
1049 3848 1279 3955 episcopum
1300 3846 1618 3952 assumptusfuit
1640 3842 1799 3925 diabolo
1820 3844 1939 3957 pro·¹
2038 3860 2045 3867 “

59 4053 63 4059 .
113 3974 277 4041 curante
305 3986 351 4037 ac
378 3958 501 4037 eciam
529 3957 763 4065 instigante3
789 3958 932 4039 luciam
961 3956 1144 4038 uidelicet
1171 3974 1211 4037 et
1238 3952 1485 4065 ingigerdam
1514 3956 1671 4037 solutas.
1728 3958 1912 4039 Ceciliam
1947 3974 1952 3985 ’

112 4098 210 4153 uero
238 4069 364 4161 ketila
391 4086 433 4149 et
459 4063 654 4178 ingridsm
681 4067 875 4155 mariatas.
931 4068 1035 4152 Huic
1074 4086 1205 4149 autem
1247 4068 1479 4153 confessioni
1523 4097 1594 4182 per
1636 4062 1768 4184 ipsum
1810 4068 1941 4181 laeter
2063 4072 2067 4083 ’

111 4180 379 4268 interfuerunt
406 4210 485 4263 una
499 4190 602 4263 'cum
630 4177 788 4271 ecclesie
816 4197 951 4263 nostre
977 4178 1207 4264 senioribus
1243 4176 1476 4292 supradictis
1510 4178 1702 4263 vddualus
1737 4184 1914 4291 preposi-

112 4316 180 4377 tus
206 4294 487 4390 wexionensis‚
506 4291 655 4391 bono,
684 4310 820 4403 petrus
847 4305 888 4373 et
916 4322 1082 4406 magnus
1110 4286 1283 4381 eiusdem
1311 4292 1470 4375 ecclesie
1497 4294 1696 4391 canonici,
1731 4294 1835 4399 Jtem
1863 4292 1913 4375 de
2011 4298 2015 4317 ¹

112 4402 254 4487 ordine
283 4401 575 4513 predicatorum
605 4408 745 4488 fratres
771 4401 1001 4513 thorstanus
1029 4423 1070 4487 et
1097 4404 1288 4503 th'orirus3
1330 4401 1379 4484 de
1408 4400 1545 4485 ordine
1582 4434 1678 4486 uero
1716 4406 1943 4506 minorum
1989 4416 1996 4421 “

113 4518 239 4599 frater
268 4517 462 4618 Henricus
496 4514 635 4604 domus
670 4518 881 4627 ystaensis‚
923 4545 1090 4630 quorum
1124 4516 1260 4639 sigillis
1294 4535 1334 4597 et
1369 4516 1491 4623 signis
1527 4542 1687 4629 presens
1723 4511 1944 4638 scriptum
1987 4523 1994 4535 “
2122 4598 2128 4607 ,

1936 4603 1945 4641 l
1981 4632 1986 4640 .

846 4624 850 4632 s

82 4654 92 4661 ·
113 4624 170 4709 ad
196 4626 387 4726 cautelam
414 4628 576 4711 fecimus
602 4632 846 4741 communiri.
1861 4729 1865 4736 ¹

305 4771 562 4855 Pdfrdusidane
587 4774 676 4859 quod
697 4795 823 4838 moerus
844 4776 1050 4837 wexionensis
1070 4740 1236 4836 conuictus
1257 4774 1319 4835 luit
1341 4771 1380 4835 de
1402 4770 1511 4833 multis
1533 4770 1724 4865 criminibus.
1753 4743 1769 4857 Ι,
1804 4817 1855 4861 q..
1908 4820 1942 4861 3

111 4887 367 4971 delebislopens
389 4897 478 4951 stom
497 4891 601 4975 sigill,
621 4890 771 4971 sladadt,
791 4891 913 4974 benger
934 4891 1037 4953 under
1058 4890 1179 4953 midten
1200 4890 1238 4951 εἰ
1254 4889 1396 4966 brelvet3
1418 4888 1457 4951 de
1479 4888 1584 4971 dirige
1606 4888 1648 4972 pt
1668 4887 1751 4953 bada
1764 4852 1944 4959 sidonas-

257 4972 294 5034 N·
319 4991 352 5050 ¹,
372 4992 465 5059 m,
489 4992 525 5039 to
545 4975 736 5057 bortlallna,
758 4995 922 5047 mmsorna
942 4974 1110 5083 varede-
1124 4973 1227 5059 dirige
1245 4972 1359 5059 &mer
1380 4972 1459 5079 elles·
1480 4972 1604 5081 mindre
1625 4972 1771 5055 madsde.
1840 5052 1845 5057 Ι
