4317 5975
779 424 1028 531 ...¹117
1139 466 1197 489 .-

104 645 279 755 gilitatem
307 660 349 725 et
396 645 518 728 vitam
559 644 873 754 uniuscuiusque
913 660 1078 751 repente
1106 643 1272 725 tendere
1300 638 1351 723 ad
1386 630 1583 739 occasum,
1620 670 1697 727 nec
1714 670 1816 724 'uon
1848 641 1890 727 'et

104 782 183 837 rara
210 782 255 833 ao
284 756 419 865 tepida
446 757 502 837 'ab
530 754 747 837 heredibus
781 758 896 866 quasi
939 757 1119 835 omnium
1162 755 1249 836 lieri
1294 753 1487 862 suffragia
1530 770 1623 861 post
1664 755 1890 856 decessum,

105 864 229 947 volens
257 868 382 974 igitur
411 870 514 949 viam
546 869 691 976 eligere
720 870 916 947 tuciorem
946 886 986 947 et
1017 868 1150 946 anime
1186 892 1272 945 mee
1309 866 1430 945 saluti
1463 882 1509 947 vt
1543 882 1683 947 teneor
1699 868 1888 950 ,salubri-

103 996 154 1059 ter
181 978 412 1084 prouidere,
440 1008 549 1059 sana·
565 986 605 1059 a
633 979 845 1059 incolumis
873 979 939 1059 dei
980 994 1226 1091 cooperante
1269 977 1404 1085 gracia
1447 974 1499 1056 ad
1543 1004 1707 1084 presens
1750 978 1889 1060 huius·

101 1086 195 1171 modi
224 1104 360 1170 statuo
387 1106 683 1187 testamentum,
712 1092 954 1171 monasterio
982 1087 1033 1171 de
1062 1088 1159 1168 saba
1195 1086 1371 1168 Confero
1407 1088 1653 1170 mansionem
1691 1091 1733 1170 in
1768 1094 1890 1173 bora·
1976 1122 1979 1127 ·
2068 1066 2111 1127 ².

11 1200 13 1291 Γ
99 1216 190 1280 stum
220 1227 315 1280 cum
343 1202 531 1283 omnibus
559 1203 789 1282 attinenciis
832 1202 913 1281 suis
955 1199 1172 1279 mobilibus
1214 1204 1255 1277 Sc
1295 1198 1584 1291 immobilibus,
1626 1203 1710 1281 Jsta
1753 1218 1888 1285 tamen

97 1308 323 1393 condicione
352 1311 463 1422 quod
494 1317 574 1394 vita
612 1340 698 1392 mea
739 1309 912 1391 durante
955 1312 1025 1390 liat
1068 1310 1291 1390 conuentui
1313 1338 1409 1416 ¹vna
1450 1308 1667 1418 solempnis
1709 1313 1887 1420 pitancia

11 1434 13 1473 l
97 1422 308 1531 septimana
339 1425 523 1532 proxima
554 1440 645 1532 post
687 1422 831 1503 festum
874 1422 984 1503 beati
1032 1422 1151 1518 olaui,
1195 1423 1416 1523 annuatim,
1444 1427 1485 1499 8(
1514 1419 1770 1503 celebrentur
1809 1432 1888 1532 pr'o

97 1532 248 1615 domino
280 1552 435 1615 meoet
463 1537 702 1643 parentibus
731 1536 816 1613 eius
844 1552 885 1613 et
924 1533 1026 1613 meis
1053 1534 1284 1611 solemniter
1320 1533 1437 1613 misse
1472 1529 1768 1631 defunctorum,
1784 1537 1886 1617 Cum

97 1672 149 1725 rue
177 1672 276 1723 vero
305 1674 355 1725 cx
384 1645 464 1726 hoo
491 1647 627 1727 seculo
670 1647 888 1751 contigerit
930 1644 1106 1739 euocari,
1149 1644 1245 1724 volo
1287 1644 1398 1751 quod
1442 1645 1741 1724 anniuersarius
1778 1673 1889 1728 meus
1991 1744 1994 1753 Ι
2059 1655 2091 1731 .’

97 1757 296 1835 annuatim
325 1758 390 1839 die
418 1758 558 1838 debito
586 1757 823 1852 celebretur,
849 1784 969 1867 quam
1001 1756 1125 1835 eciam
1153 1756 1306 1835 curiam
1343 1754 1477 1834 nullus
1513 1752 1659 1834 audeat
1693 1753 1889 1839 distruere

97 1894 252 1977 quoquo
286 1864 418 1965 modo,
447 1867 515 1948 sed
547 1866 847 1949 necessitatibus
884 1884 1108 1948 conuentus
1142 1864 1345 1947 deseruiat
1379 1866 1423 1945 in
1458 1884 1652 1963 eternum,
1680 1865 1731 1946 ad
1775 1871 1890 1949 cuius

97 1981 146 2058 rei
172 1974 421 2059 euidenciam
452 1980 592 2089 sigillis
620 1979 860 2060 dilectorum
889 2004 1132 2087 generorum
1160 2005 1353 2057 meorum.
1383 1974 1572 2057 videlicet
1608 1975 1763 2057 domini
1801 1978 1888 2058 lau-

97 2090 212 2196 rencij
243 2088 445 2198 bobyrgh.
475 2108 516 2169 et
545 2088 697 2170 domini
727 2089 866 2197 ruric-ij
897 2089 1036 2195 birgis
1060 2116 1146 2169 sun.
1179 2116 1256 2167 vna
1284 2116 1376 2167 cum
1406 2114 1495 2167 meo
1526 2096 1703 2195 presenti
1739 2090 1886 2198 pagina
2008 2078 2011 2089 ¹

99 2216 150 2281 est
175 2202 343 2307 signata.
374 2217 510 2281 actum
541 2198 785 2289 frushamar,
804 2228 921 2281 auno.
939 2199 1102 2280 domini.
1133 2200 1306 2280 lll'.CC⁸.
1338 2199 1609 2305 nonogesimo.
1640 2201 1782 2307 primo.
1817 2228 1887 2281 oc-

98 2328 182 2392 tauo
210 2310 401 2391 kalendas
430 2311 533 2421 maij.
1175 2316 1178 2323 ’

215 2451 362 2533 sigillent
389 2454 449 2515 Neo
475 2472 485 2511 1
512 2452 551 2535 pai
574 2449 642 2531 edd,
664 2471 682 2511 a
705 2453 745 2537 pa
767 2453 843 2532 grtia
866 2448 1063 2526 sillessnodd,
1087 2450 1272 2527 bortsalloe3
1292 2449 1340 2512 Al
1356 2454 1385 2530 3,
1407 2448 1559 2531 (cadelim,
1580 2460 1625 2513 ett
1646 2417 1755 2533 stycis¹
1888 2462 1891 2467 '
2005 2509 2008 2516 ,

768 2554 846 2617 quar
867 2534 907 2617 ps
928 2534 986 2595 rod
1007 2533 1205 2596 sillessuodd.
1392 2572 1396 2580 ι
1815 2562 1817 2567 ·

107 2900 259 3030 1043.
511 2912 516 2935 '
686 2939 830 3048 1291
883 2899 932 3008 d.
981 2904 1050 3010 25
1099 2900 1259 3051 April.

168 3123 312 3216 bausens
334 3123 431 3184 Blrns
453 3121 717 3185 testamentus-isla
740 3122 948 3185 fo'rorduande
970 3143 1021 3185 om
1044 3126 1089 3186 sin
1111 3121 1275 3206 qrarldtns
1296 3117 1457 3202 egendom.

115 3423 117 3428 ,
196 3346 245 3422 ln
276 3344 440 3422 nomine
470 3341 663 3451 patris&
693 3343 762 3423 lilii
798 3349 836 3424 &
873 3343 1036 3450 spiritus
1073 3343 1213 3422 sancti.
1249 3367 1378 3419 amen.
1408 3341 1497 3448 Ego
1520 3344 1723 3437 sanaris,
1755 3339 1892 3422 dictus

102 3451 180 3532 Bar.
216 3481 341 3534 sanus
368 3469 502 3533 mente
531 3473 572 3534 et
600 3481 781 3562 corpore.
812 3452 861 3533 de
891 3453 1009 3532 bonis
1038 3455 1135 3533 mihi
1163 3481 1185 3532 a
1214 3453 1291 3532 deo
1329 3451 1485 3531 collatis
1530 3453 1572 3531 in
1614 3454 1889 3533 remissionem

100 3582 342 3670 peccatorum
372 3590 563 3646 meorum·
592 3580 876 3646 testamentum
907 3591 1036 3644 meum
1068 3564 1215 3644 ordino
1243 3563 1286 3670 jn
1320 3562 1429 3644 hunc
1466 3563 1641 3644 modum.
1676 3563 1888 3643 Fratribus

99 3673 406 3781 predicatoribus
422 3677 462 3754 in
478 3677 703 3784 strengines
718 3674 826 3785 apud
852 3703 956 3787 quos
971 3675 1077 3783 eligo
1091 3675 1355 3784 sepulturam,
1378 3673 1468 3780 lego
1483 3672 1689 3754 dimidiam
1711 3675 1888 3754 Marcam

99 3800 202 3869 terre.
231 3789 275 3866 in
301 3785 552 3868 Bancastum.
581 3785 851 3867 redimendam
882 3786 934 3866 ab
964 3785 1183 3866 heredibus
1212 3788 1308 3864 meis
1323 3810 1400 3892 pro
1422 3783 1549 3864 xxm
1576 3785 1717 3864 llllzor
1745 3787 1891 3864 marcis

101 3894 358 3993 denariorum,
374 3899 415 3976 in
435 3899 608 3977 termino
624 3899 680 3978 eis
696 3899 746 3978 ab
762 3896 909 3978 eisdem
926 3898 1118 3978 fratribus
1131 3892 1470 4002 assignato‘ttem
1492 3894 1657 3977 ecclesie
1677 3894 1893 3976 cathedra·

100 4003 124 4086 li
148 4007 308 4105 ibidem,
338 4007 392 4089 do
421 4009 480 4087 VI
509 4019 663 4089 marcas
690 4007 781 4089 den.
811 4011 915 4088 ltem
945 4011 1188 4110 monasterio
1218 4011 1259 4088 iu
1290 4005 1406 4098 fothnt
1439 4006 1495 4087 do
1536 4002 1670 4102 unam,
1699 4007 1887 4102 Marcam,
1945 4032 1949 4048 ·
1993 4111 1996 4116 Ι

100 4114 178 4198 den.
206 4121 310 4199 item
347 4118 542 4199 fratribus
578 4121 619 4199 in
658 4117 915 4214 eskiltunum,
944 4119 1017 4214 III,
1047 4146 1197 4199 marcas
1225 4119 1317 4200 den.
1347 4119 1449 4197 Jtcm
1479 4117 1676 4198 fratribus
1710 4120 1754 4196 in
1791 4118 1888 4198 Eni-

98 4224 218 4336 ltopia.
247 4231 290 4310 .l.
321 4229 509 4330 Marcam,
538 4228 628 4312 den.
663 4233 767 4310 Jtem
804 4230 998 4309 fratribus
1028 4230 1071 4309 in
1100 4228 1300 4309 stocholm
1345 4229 1384 4308 .Ι.
1428 4256 1601 4345 marcam
1646 4227 1738 4307 den.
1782 4230 1888 4308 ltem

102 4339 252 4420 ecclesie
281 4345 324 4420 in
353 4339 555 4450 tborunge
585 4341 749 4422 consero
779 4339 828 4421 ad
859 4357 1061 4437 ornatum,
1091 4341 1195 4421 duos
1222 4337 1373 4420 solidos
1401 4344 1520 4420 terre.
1551 4337 1735 4420 videlicet
1763 4362 1888 4420 vuum

101 4450 160 4528 sol.
189 4457 227 4530 se
257 4451 317 4531 .V.
347 4449 437 4533 den.
468 4453 510 4532 in
539 4469 701 4533 esaetum
731 4451 774 4531 in
803 4449 981 4531 lirnum.
1010 4457 1060 4532 u.
1089 4452 1129 4532 X
1157 4451 1249 4532 den.
1280 4453 1320 4530 in
1349 4451 1546 4559 thaxungi
1574 4453 1617 4530 in
1654 4449 1889 4557 fincarlaby.

102 4562 190 4641 ltem
219 4559 419 4643 sacerdoti
449 4561 683 4645 ibidedeo
721 4563 968 4644 Illlzorsol.
1006 4579 1114 4644 terre
1154 4562 1206 4643 ad
1249 4590 1424 4644 mensam
1469 4589 1578 4642 suam
1622 4561 1752 4642 tribus
1795 4559 1886 4642 den.

102 4673 219 4752 minus
248 4675 290 4753 iu
320 4672 446 4782 wiby,
474 4693 517 4780 rt
547 4674 623 4755 mei
652 4665 842 4754 memoria
873 4673 923 4753 ab
953 4701 1001 4755 eo
1029 4681 1070 4754 &
1103 4677 1185 4754 suis
1221 4673 1517 4753 successoribus
1545 4673 1594 4752 in
1629 4672 1893 4754 oracionibus

103 4779 419 4870 lrabeatun‘ltem
447 4785 611 4868 ecclesie
640 4787 683 4866 in
712 4783 866 4892 hosaby
898 4786 951 4866 do
979 4799 1061 4865 tre's
1090 4783 1281 4865 fiaellones
1307 4786 1347 4864 in
1380 4785 1506 4893 pratis
1542 4781 1695 4865 domini
1732 4785 1887 4891 episco-
2012 4893 2016 4898 ,
2111 4821 2133 4852 υ

104 4895 138 4998 pi
162 4899 199 4974 St
227 4913 414 5004 quartum
445 4895 486 4976 in
519 4895 787 4982 sbiaellestum.
821 4899 925 4976 Jtem
962 4895 1150 4976 omnibus
1184 4899 1325 4977 seruis
1344 4901 1400 4977 Se·
1419 4893 1580 4976 ancillis
1597 4896 1693 4975 meis
1719 4894 1888 4975 confero

103 4999 329 5090 libertatem.
355 5009 461 5091 Jtem
488 5033 567 5119 pro
594 5035 715 5094 cruce
752 5035 839 5091 mea
881 5005 1131 5091 redimenda·
1156 5021 1235 5118 pro
1277 5005 1358 5090 ΧΗ
1399 5007 1544 5091 marcis
1589 5009 1684 5118 puri
1728 5006 1890 5114 assigno
