<?xml version="1.0" encoding="UTF-8"?>
<!DOCTYPE html PUBLIC "-//W3C//DTD XHTML 1.0 Transitional//EN"
    "http://www.w3.org/TR/xhtml1/DTD/xhtml1-transitional.dtd">
<html xmlns="http://www.w3.org/1999/xhtml" xml:lang="en" lang="en">
 <head>
  <title>
</title>
<meta http-equiv="Content-Type" content="text/html;charset=utf-8" />
  <meta name='ocr-system' content='tesseract 3.04.00' />
  <meta name='ocr-capabilities' content='ocr_page ocr_carea ocr_par ocr_line ocrx_word'/>
</head>
<body>
  <div class='ocr_page' id='page_1' title='image "./svensktdiplomat01swegoog/svensktdiplomat01swegoog_0197.png"; bbox 0 0 4317 5975; ppageno 0'>
   <div class='ocr_carea' id='block_1_1' title="bbox 920 366 1486 475">
    <p class='ocr_par' dir='ltr' id='par_1_1' title="bbox 920 366 1486 475">
     <span class='ocr_line' id='line_1_1' title="bbox 920 366 1486 475; baseline -0.002 -26"><span class='ocrx_word' id='word_1_1' title='bbox 920 366 1486 475; x_wconf 15' lang='lat'>2186--</span> 
     </span>
    </p>
   </div>
   <div class='ocr_carea' id='block_1_2' title="bbox 212 582 2073 1705">
    <p class='ocr_par' dir='ltr' id='par_1_2' title="bbox 212 582 2073 1591">
     <span class='ocr_line' id='line_1_2' title="bbox 274 582 2065 699; baseline -0.002 -24"><span class='ocrx_word' id='word_1_2' title='bbox 274 620 383 677; x_wconf 88' lang='lat' dir='ltr'>meos</span> <span class='ocrx_word' id='word_1_3' title='bbox 412 592 585 673; x_wconf 82' lang='lat' dir='ltr'>infesto</span> <span class='ocrx_word' id='word_1_4' title='bbox 614 589 722 683; x_wconf 84' lang='lat' dir='ltr'>beati</span> <span class='ocrx_word' id='word_1_5' title='bbox 751 582 1028 699; x_wconf 70' lang='lat' dir='ltr'>martinj.&#39;vel</span> <span class='ocrx_word' id='word_1_6' title='bbox 1058 586 1544 699; x_wconf 67' lang='lat' dir='ltr'>in-‚epirpbaniadomiai</span> <span class='ocrx_word' id='word_1_7' title='bbox 1585 588 1629 685; x_wconf 79' lang='lat' dir='ltr'>in</span> <span class='ocrx_word' id='word_1_8' title='bbox 1674 586 1852 692; x_wconf 84' lang='lat' dir='ltr'>secundo</span> <span class='ocrx_word' id='word_1_9' title='bbox 1894 594 2065 693; x_wconf 79' lang='lat' dir='ltr'>termino,</span> 
     </span>
     <span class='ocr_line' id='line_1_3' title="bbox 274 697 2068 813; baseline 0.001 -28"><span class='ocrx_word' id='word_1_10' title='bbox 274 704 338 786; x_wconf 88' lang='lat' dir='ltr'>vel</span> <span class='ocrx_word' id='word_1_11' title='bbox 364 706 405 784; x_wconf 90' lang='lat' dir='ltr'>in</span> <span class='ocrx_word' id='word_1_12' title='bbox 424 704 718 813; x_wconf 62' lang='lat' dir='ltr'>vpurilicaeione</span> <span class='ocrx_word' id='word_1_13' title='bbox 743 702 859 781; x_wconf 89' lang='lat' dir='ltr'>beate</span> <span class='ocrx_word' id='word_1_14' title='bbox 888 702 1057 809; x_wconf 85' lang='lat' dir='ltr'>virginis</span> <span class='ocrx_word' id='word_1_15' title='bbox 1085 700 1137 782; x_wconf 91' lang='lat' dir='ltr'>ad</span> <span class='ocrx_word' id='word_1_16' title='bbox 1167 702 1352 780; x_wconf 89' lang='lat' dir='ltr'>vltimum</span> <span class='ocrx_word' id='word_1_17' title='bbox 1379 697 1631 808; x_wconf 88' lang='lat' dir='ltr'>redemptum</span> <span class='ocrx_word' id='word_1_18' title='bbox 1645 698 1894 797; x_wconf 84' lang='lat' dir='ltr'>nonfuerit,</span> <span class='ocrx_word' id='word_1_19' title='bbox 1916 719 2068 787; x_wconf 86' lang='lat' dir='ltr'>extunc</span> 
     </span>
     <span class='ocr_line' id='line_1_4' title="bbox 274 810 2069 923; baseline -0.002 -26"><span class='ocrx_word' id='word_1_20' title='bbox 274 832 538 897; x_wconf 89' lang='lat' dir='ltr'>memoratum</span> <span class='ocrx_word' id='word_1_21' title='bbox 566 811 763 922; x_wconf 80' lang='lat' dir='ltr'>predium,</span> <span class='ocrx_word' id='word_1_22' title='bbox 783 814 997 921; x_wconf 86' lang='lat' dir='ltr'>predictus</span> <span class='ocrx_word' id='word_1_23' title='bbox 1025 810 1267 900; x_wconf 83' lang='lat' dir='ltr'>venerabilis</span> <span class='ocrx_word' id='word_1_24' title='bbox 1297 828 1411 919; x_wconf 87' lang='lat' dir='ltr'>pater</span> <span class='ocrx_word' id='word_1_25' title='bbox 1439 812 1638 907; x_wconf 87' lang='lat' dir='ltr'>dominus.</span> <span class='ocrx_word' id='word_1_26' title='bbox 1676 811 1727 890; x_wconf 92' lang='lat' dir='ltr'>N.</span> <span class='ocrx_word' id='word_1_27' title='bbox 1757 814 2069 923; x_wconf 83' lang='lat' dir='ltr'><strong>archiepiscopus</strong></span> 
     </span>
     <span class='ocr_line' id='line_1_5' title="bbox 236 919 2073 1036; baseline 0.001 -31"><span class='ocrx_word' id='word_1_28' title='bbox 236 982 240 987; x_wconf 92' lang='lat'>-</span> <span class='ocrx_word' id='word_1_29' title='bbox 273 926 506 1036; x_wconf 78' lang='lat' dir='ltr'>upsalensis,</span> <span class='ocrx_word' id='word_1_30' title='bbox 536 922 781 1033; x_wconf 89' lang='lat' dir='ltr'>possidendj.</span> <span class='ocrx_word' id='word_1_31' title='bbox 797 922 1012 1030; x_wconf 86' lang='lat' dir='ltr'>alienandj,</span> <span class='ocrx_word' id='word_1_32' title='bbox 1041 950 1112 1003; x_wconf 89' lang='lat' dir='ltr'>seu</span> <span class='ocrx_word' id='word_1_33' title='bbox 1142 921 1328 1034; x_wconf 92' lang='lat' dir='ltr'>quolibet</span> <span class='ocrx_word' id='word_1_34' title='bbox 1355 919 1477 1003; x_wconf 91' lang='lat' dir='ltr'>modo</span> <span class='ocrx_word' id='word_1_35' title='bbox 1497 919 1723 1030; x_wconf 85' lang='lat' dir='ltr'>ordinandj·</span> <span class='ocrx_word' id='word_1_36' title='bbox 1745 920 1912 1003; x_wconf 85' lang='lat' dir='ltr'>liberam</span> <span class='ocrx_word' id='word_1_37' title='bbox 1934 924 2073 1007; x_wconf 89' lang='lat' dir='ltr'>habeat</span> 
     </span>
     <span class='ocr_line' id='line_1_6' title="bbox 224 1033 2073 1145; baseline -0.001 -28"><span class='ocrx_word' id='word_1_38' title='bbox 224 1131 228 1142; x_wconf 39' lang='lat'>‚</span> <span class='ocrx_word' id='word_1_39' title='bbox 274 1038 516 1140; x_wconf 79' lang='lat' dir='ltr'>facultatem,</span> <span class='ocrx_word' id='word_1_40' title='bbox 545 1038 595 1115; x_wconf 90' lang='lat' dir='ltr'>Ju</span> <span class='ocrx_word' id='word_1_41' title='bbox 625 1036 741 1114; x_wconf 90' lang='lat' dir='ltr'>cuius</span> <span class='ocrx_word' id='word_1_42' title='bbox 769 1038 827 1116; x_wconf 90' lang='lat' dir='ltr'>rei</span> <span class='ocrx_word' id='word_1_43' title='bbox 856 1036 1131 1119; x_wconf 83' lang='lat' dir='ltr'>testimonium</span> <span class='ocrx_word' id='word_1_44' title='bbox 1158 1035 1253 1145; x_wconf 93' lang='lat' dir='ltr'>quia</span> <span class='ocrx_word' id='word_1_45' title='bbox 1281 1033 1456 1140; x_wconf 85' lang='lat' dir='ltr'>sigillum</span> <span class='ocrx_word' id='word_1_46' title='bbox 1486 1036 1699 1141; x_wconf 90' lang='lat' dir='ltr'>proprium</span> <span class='ocrx_word' id='word_1_47' title='bbox 1728 1059 1812 1113; x_wconf 88' lang='lat' dir='ltr'>nou</span> <span class='ocrx_word' id='word_1_48' title='bbox 1842 1034 1985 1131; x_wconf 88' lang='lat' dir='ltr'>habeo,</span> <span class='ocrx_word' id='word_1_49' title='bbox 2025 1040 2073 1115; x_wconf 88' lang='lat' dir='ltr'>si·</span> 
     </span>
     <span class='ocr_line' id='line_1_7' title="bbox 275 1141 2073 1257; baseline -0.003 -26"><span class='ocrx_word' id='word_1_50' title='bbox 275 1150 372 1257; x_wconf 82' lang='lat' dir='ltr'>gilla</span> <span class='ocrx_word' id='word_1_51' title='bbox 414 1148 693 1253; x_wconf 86' lang='lat' dir='ltr'>religiosorum</span> <span class='ocrx_word' id='word_1_52' title='bbox 748 1149 927 1226; x_wconf 90' lang='lat' dir='ltr'>virorum</span> <span class='ocrx_word' id='word_1_53' title='bbox 973 1146 1143 1226; x_wconf 82' lang='lat' dir='ltr'>fratrum</span> <span class='ocrx_word' id='word_1_54' title='bbox 1187 1141 1485 1253; x_wconf 79' lang='lat' dir='ltr'>predicatorum</span> <span class='ocrx_word' id='word_1_55' title='bbox 1536 1146 1787 1225; x_wconf 87' lang='lat' dir='ltr'>sictouiensis</span> <span class='ocrx_word' id='word_1_56' title='bbox 1835 1162 2073 1243; x_wconf 88' lang='lat' dir='ltr'>conuentus,</span> 
     </span>
     <span class='ocr_line' id='line_1_8' title="bbox 275 1254 2073 1367; baseline -0.003 -24"><span class='ocrx_word' id='word_1_57' title='bbox 275 1268 315 1343; x_wconf 76' lang='lat' dir='ltr'>Sc</span> <span class='ocrx_word' id='word_1_58' title='bbox 344 1260 480 1344; x_wconf 89' lang='lat' dir='ltr'>dilecti</span> <span class='ocrx_word' id='word_1_59' title='bbox 509 1254 691 1367; x_wconf 85' lang='lat' dir='ltr'>germanj</span> <span class='ocrx_word' id='word_1_60' title='bbox 720 1260 796 1338; x_wconf 92' lang='lat' dir='ltr'>mei</span> <span class='ocrx_word' id='word_1_61' title='bbox 826 1256 963 1339; x_wconf 89' lang='lat' dir='ltr'>fratris</span> <span class='ocrx_word' id='word_1_62' title='bbox 992 1258 1143 1339; x_wconf 84' lang='lat' dir='ltr'>israelis</span> <span class='ocrx_word' id='word_1_63' title='bbox 1173 1256 1333 1338; x_wconf 88' lang='lat' dir='ltr'>lectoris</span> <span class='ocrx_word' id='word_1_64' title='bbox 1361 1254 1532 1349; x_wconf 79' lang='lat' dir='ltr'>ibidem,</span> <span class='ocrx_word' id='word_1_65' title='bbox 1562 1285 1640 1336; x_wconf 91' lang='lat' dir='ltr'>vna</span> <span class='ocrx_word' id='word_1_66' title='bbox 1669 1283 1761 1335; x_wconf 91' lang='lat' dir='ltr'>cum</span> <span class='ocrx_word' id='word_1_67' title='bbox 1801 1256 1934 1365; x_wconf 82' lang='lat' dir='ltr'>sigillo</span> <span class='ocrx_word' id='word_1_68' title='bbox 1975 1285 2073 1337; x_wconf 90' lang='lat' dir='ltr'>com-</span> 
     </span>
     <span class='ocr_line' id='line_1_9' title="bbox 275 1364 2073 1479; baseline -0.004 -24"><span class='ocrx_word' id='word_1_69' title='bbox 275 1375 481 1455; x_wconf 88' lang='lat' dir='ltr'>munitatis</span> <span class='ocrx_word' id='word_1_70' title='bbox 508 1369 769 1449; x_wconf 88' lang='lat' dir='ltr'>sictoniensis.</span> <span class='ocrx_word' id='word_1_71' title='bbox 801 1368 1055 1478; x_wconf 87' lang='lat' dir='ltr'>presentibus</span> <span class='ocrx_word' id='word_1_72' title='bbox 1077 1388 1375 1479; x_wconf 87' lang='lat' dir='ltr'>suntappensa,</span> <span class='ocrx_word' id='word_1_73' title='bbox 1406 1369 1556 1450; x_wconf 90' lang='lat' dir='ltr'>Datum</span> <span class='ocrx_word' id='word_1_74' title='bbox 1586 1394 1695 1448; x_wconf 89' lang='lat' dir='ltr'>anuo</span> <span class='ocrx_word' id='word_1_75' title='bbox 1716 1364 1884 1476; x_wconf 83' lang='lat' dir='ltr'>dominj.</span> <span class='ocrx_word' id='word_1_76' title='bbox 1912 1368 2073 1457; x_wconf 78' lang='lat' dir='ltr'>M·.Cc⁰.</span> 
     </span>
     <span class='ocr_line' id='line_1_10' title="bbox 212 1478 1474 1591; baseline -0.006 -26"><span class='ocrx_word' id='word_1_77' title='bbox 212 1484 215 1490; x_wconf 72' lang='grc'><strong>’</strong></span> <span class='ocrx_word' id='word_1_78' title='bbox 276 1482 558 1591; x_wconf 81' lang='lat' dir='ltr'>Nonagesimo.</span> <span class='ocrx_word' id='word_1_79' title='bbox 589 1482 657 1559; x_wconf 83' lang='lat' dir='ltr'>V&#39;.</span> <span class='ocrx_word' id='word_1_80' title='bbox 689 1478 732 1587; x_wconf 84' lang='lat' dir='ltr'>jn</span> <span class='ocrx_word' id='word_1_81' title='bbox 762 1483 886 1561; x_wconf 87' lang='lat' dir='ltr'>tercia</span> <span class='ocrx_word' id='word_1_82' title='bbox 916 1479 1118 1562; x_wconf 89' lang='lat' dir='ltr'>dominica</span> <span class='ocrx_word' id='word_1_83' title='bbox 1155 1479 1474 1589; x_wconf 82' lang='lat' dir='ltr'>quadragesime.</span> 
     </span>
    </p>

    <p class='ocr_par' dir='ltr' id='par_1_3' title="bbox 412 1595 1651 1705">
     <span class='ocr_line' id='line_1_11' title="bbox 412 1595 1651 1705; baseline -0.001 -23"><span class='ocrx_word' id='word_1_84' title='bbox 412 1608 415 1617; x_wconf 82' lang='grc'><strong>’</strong></span> <span class='ocrx_word' id='word_1_85' title='bbox 477 1595 480 1603; x_wconf 83' lang='grc'>’</span> <span class='ocrx_word' id='word_1_86' title='bbox 697 1618 818 1703; x_wconf 69' lang='lat' dir='ltr'>sagara</span> <span class='ocrx_word' id='word_1_87' title='bbox 840 1624 899 1684; x_wconf 78' lang='lat' dir='ltr'>reo</span> <span class='ocrx_word' id='word_1_88' title='bbox 924 1644 936 1684; x_wconf 83' lang='lat'>1</span> <span class='ocrx_word' id='word_1_89' title='bbox 961 1624 1107 1705; x_wconf 80' lang='lat' dir='ltr'>ondetigt,</span> <span class='ocrx_word' id='word_1_90' title='bbox 1129 1621 1276 1699; x_wconf 62' lang='lat' dir='ltr'>sanasse</span> <span class='ocrx_word' id='word_1_91' title='bbox 1298 1610 1357 1685; x_wconf 76' lang='lat' dir='ltr'>aa&gt;</span> <span class='ocrx_word' id='word_1_92' title='bbox 1380 1641 1409 1699; x_wconf 68' lang='grc' dir='ltr'>ι,</span> <span class='ocrx_word' id='word_1_93' title='bbox 1433 1621 1452 1682; x_wconf 79' lang='lat' dir='ltr'>a</span> <span class='ocrx_word' id='word_1_94' title='bbox 1475 1621 1651 1683; x_wconf 62' lang='lat' dir='ltr'>massanus.</span> 
     </span>
    </p>
   </div>
   <div class='ocr_carea' id='block_1_3' title="bbox 290 1805 1556 2033">
    <p class='ocr_par' dir='ltr' id='par_1_4' title="bbox 290 1805 1556 2033">
     <span class='ocr_line' id='line_1_12' title="bbox 290 1805 1556 2033; baseline -0.001 -38"><span class='ocrx_word' id='word_1_95' title='bbox 290 1925 441 2033; x_wconf 80' lang='lat'><strong>1¹²9</strong></span> <span class='ocrx_word' id='word_1_96' title='bbox 918 1892 1068 2032; x_wconf 80' lang='lat'>1295</span> <span class='ocrx_word' id='word_1_97' title='bbox 1123 1887 1172 1992; x_wconf 90' lang='lat' dir='ltr'>d.</span> <span class='ocrx_word' id='word_1_98' title='bbox 1217 1888 1251 1992; x_wconf 87' lang='lat'><strong>6</strong></span> <span class='ocrx_word' id='word_1_99' title='bbox 1299 1886 1446 1995; x_wconf 87' lang='lat' dir='ltr'>Mars.</span> <span class='ocrx_word' id='word_1_100' title='bbox 1551 1805 1556 1819; x_wconf 21' lang='grc' dir='ltr'>ι</span> 
     </span>
    </p>
   </div>
   <div class='ocr_carea' id='block_1_4' title="bbox 224 2061 2021 2295">
    <p class='ocr_par' dir='ltr' id='par_1_5' title="bbox 224 2061 2021 2295">
     <span class='ocr_line' id='line_1_13' title="bbox 224 2061 2021 2193; baseline -0.002 -20"><span class='ocrx_word' id='word_1_101' title='bbox 224 2107 237 2115; x_wconf 83' lang='grc'><em>“</em></span> <span class='ocrx_word' id='word_1_102' title='bbox 358 2112 456 2173; x_wconf 75' lang='lat' dir='ltr'>lousa</span> <span class='ocrx_word' id='word_1_103' title='bbox 478 2098 596 2173; x_wconf 68' lang='lat' dir='ltr'>Essem</span> <span class='ocrx_word' id='word_1_104' title='bbox 616 2106 705 2174; x_wconf 85' lang='lat' dir='ltr'>bifall</span> <span class='ocrx_word' id='word_1_105' title='bbox 728 2106 773 2179; x_wconf 83' lang='lat' dir='ltr'>till</span> <span class='ocrx_word' id='word_1_106' title='bbox 797 2106 878 2169; x_wconf 81' lang='lat' dir='ltr'>llerr</span> <span class='ocrx_word' id='word_1_107' title='bbox 900 2108 1029 2187; x_wconf 80' lang='lat' dir='ltr'>Magnus</span> <span class='ocrx_word' id='word_1_108' title='bbox 1049 2104 1233 2171; x_wconf 82' lang='lat' dir='ltr'>Jobaussoas</span> <span class='ocrx_word' id='word_1_109' title='bbox 1255 2107 1346 2185; x_wconf 74' lang='lat' dir='ltr'>galva</span> <span class='ocrx_word' id='word_1_110' title='bbox 1367 2107 1404 2166; x_wconf 83' lang='lat' dir='ltr'>al</span> <span class='ocrx_word' id='word_1_111' title='bbox 1421 2106 1600 2189; x_wconf 83' lang='lat' dir='ltr'>fastigheter</span> <span class='ocrx_word' id='word_1_112' title='bbox 1623 2110 1668 2173; x_wconf 86' lang='lat' dir='ltr'>till</span> <span class='ocrx_word' id='word_1_113' title='bbox 1690 2108 1807 2193; x_wconf 84' lang='lat' dir='ltr'>Upsala</span> <span class='ocrx_word' id='word_1_114' title='bbox 1831 2061 2021 2192; x_wconf 79' lang='lat' dir='ltr'>Domlyrla</span> 
     </span>
     <span class='ocr_line' id='line_1_14' title="bbox 562 2220 1940 2295; baseline 0 -16"><span class='ocrx_word' id='word_1_115' title='bbox 562 2220 564 2227; x_wconf 72' lang='grc'><em>’</em></span> <span class='ocrx_word' id='word_1_116' title='bbox 1154 2232 1156 2238; x_wconf 89' lang='grc'><strong>’</strong></span> <span class='ocrx_word' id='word_1_117' title='bbox 1561 2222 1566 2229; x_wconf 85' lang='grc'><strong><em>’</em></strong></span> <span class='ocrx_word' id='word_1_118' title='bbox 1662 2225 1940 2295; x_wconf 50' lang='lat' dir='ltr'>mandam,</span> 
     </span>
    </p>
   </div>
   <div class='ocr_carea' id='block_1_5' title="bbox 185 2326 2071 2883">
    <p class='ocr_par' dir='ltr' id='par_1_6' title="bbox 333 2326 2071 2433">
     <span class='ocr_line' id='line_1_15' title="bbox 333 2326 2071 2433; baseline 0 -26"><span class='ocrx_word' id='word_1_119' title='bbox 333 2338 335 2345; x_wconf 80' lang='grc'><strong>“</strong></span> <span class='ocrx_word' id='word_1_120' title='bbox 394 2326 616 2407; x_wconf 82' lang='lat' dir='ltr'>Omnibus</span> <span class='ocrx_word' id='word_1_121' title='bbox 646 2343 851 2433; x_wconf 84' lang='lat' dir='ltr'>presentes</span> <span class='ocrx_word' id='word_1_122' title='bbox 879 2326 1033 2409; x_wconf 81' lang='lat' dir='ltr'>litteras</span> <span class='ocrx_word' id='word_1_123' title='bbox 1062 2327 1323 2431; x_wconf 84' lang='lat' dir='ltr'>inspecturis,</span> <span class='ocrx_word' id='word_1_124' title='bbox 1360 2326 1568 2408; x_wconf 75' lang='lat' dir='ltr'>losannae</span> <span class='ocrx_word' id='word_1_125' title='bbox 1610 2328 1815 2424; x_wconf 72' lang='lat' dir='ltr'>Ancaeus,</span> <span class='ocrx_word' id='word_1_126' title='bbox 1845 2328 2018 2433; x_wconf 85' lang='lat' dir='ltr'>salutem¹</span> <span class='ocrx_word' id='word_1_127' title='bbox 2035 2332 2071 2408; x_wconf 89' lang='lat' dir='ltr'>iu</span> 
     </span>
    </p>

    <p class='ocr_par' dir='ltr' id='par_1_7' title="bbox 185 2431 2071 2883">
     <span class='ocr_line' id='line_1_16' title="bbox 185 2431 2071 2548; baseline -0.001 -25"><span class='ocrx_word' id='word_1_128' title='bbox 185 2431 188 2443; x_wconf 42' lang='lat'><strong><em>¹</em></strong></span> <span class='ocrx_word' id='word_1_129' title='bbox 279 2438 447 2523; x_wconf 91' lang='lat' dir='ltr'>domino</span> <span class='ocrx_word' id='word_1_130' title='bbox 475 2437 769 2544; x_wconf 87' lang='lat' dir='ltr'>sempiternam,</span> <span class='ocrx_word' id='word_1_131' title='bbox 799 2437 951 2517; x_wconf 91' lang='lat' dir='ltr'>Notum</span> <span class='ocrx_word' id='word_1_132' title='bbox 980 2438 1031 2516; x_wconf 88' lang='lat' dir='ltr'>sit</span> <span class='ocrx_word' id='word_1_133' title='bbox 1060 2436 1247 2516; x_wconf 90' lang='lat' dir='ltr'>omnibus</span> <span class='ocrx_word' id='word_1_134' title='bbox 1276 2435 1398 2539; x_wconf 89' lang='lat' dir='ltr'>Quod</span> <span class='ocrx_word' id='word_1_135' title='bbox 1422 2434 1685 2519; x_wconf 84' lang='lat' dir='ltr'>donacionem</span> <span class='ocrx_word' id='word_1_136' title='bbox 1702 2466 1825 2548; x_wconf 88' lang='lat' dir='ltr'>quam</span> <span class='ocrx_word' id='word_1_137' title='bbox 1855 2439 2071 2521; x_wconf 87' lang='lat' dir='ltr'>auunculus</span> 
     </span>
     <span class='ocr_line' id='line_1_17' title="bbox 247 2545 2070 2654; baseline 0.001 -22"><span class='ocrx_word' id='word_1_138' title='bbox 247 2566 390 2632; x_wconf 76' lang='lat' dir='ltr'>‘metas</span> <span class='ocrx_word' id='word_1_139' title='bbox 418 2545 617 2645; x_wconf 89' lang='lat' dir='ltr'>domiuus,</span> <span class='ocrx_word' id='word_1_140' title='bbox 646 2547 697 2637; x_wconf 88' lang='grc' dir='ltr'>Μ.</span> <span class='ocrx_word' id='word_1_141' title='bbox 726 2545 923 2630; x_wconf 87' lang='lat' dir='ltr'>Joansson</span> <span class='ocrx_word' id='word_1_142' title='bbox 952 2547 1116 2629; x_wconf 81' lang='lat' dir='ltr'>ecclesie</span> <span class='ocrx_word' id='word_1_143' title='bbox 1152 2548 1352 2654; x_wconf 76' lang='lat' dir='ltr'>upsalensi</span> <span class='ocrx_word' id='word_1_144' title='bbox 1381 2545 1475 2627; x_wconf 87' lang='lat' dir='ltr'>feeit</span> <span class='ocrx_word' id='word_1_145' title='bbox 1505 2545 1555 2629; x_wconf 89' lang='lat' dir='ltr'>de</span> <span class='ocrx_word' id='word_1_146' title='bbox 1584 2549 1695 2631; x_wconf 89' lang='lat' dir='ltr'>curia</span> <span class='ocrx_word' id='word_1_147' title='bbox 1725 2578 1824 2647; x_wconf 84' lang='lat' dir='ltr'>naes,</span> <span class='ocrx_word' id='word_1_148' title='bbox 1855 2556 1975 2633; x_wconf 84' lang='lat' dir='ltr'>&amp;sex</span> <span class='ocrx_word' id='word_1_149' title='bbox 1998 2554 2070 2633; x_wconf 87' lang='lat' dir='ltr'>oris</span> 
     </span>
     <span class='ocr_line' id='line_1_18' title="bbox 276 2654 2070 2773; baseline 0 -31"><span class='ocrx_word' id='word_1_150' title='bbox 276 2660 456 2763; x_wconf 81' lang='lat' dir='ltr'>terrain</span> <span class='ocrx_word' id='word_1_151' title='bbox 483 2656 647 2766; x_wconf 76' lang='lat' dir='ltr'>hagabir</span> <span class='ocrx_word' id='word_1_152' title='bbox 682 2660 887 2755; x_wconf 82' lang='lat' dir='ltr'>consensi,</span> <span class='ocrx_word' id='word_1_153' title='bbox 914 2664 954 2739; x_wconf 64' lang='grc' dir='ltr'><strong>ἃ</strong></span> <span class='ocrx_word' id='word_1_154' title='bbox 990 2659 1204 2739; x_wconf 79' lang='lat' dir='ltr'>consensio</span> <span class='ocrx_word' id='word_1_155' title='bbox 1248 2660 1488 2771; x_wconf 87' lang='lat' dir='ltr'>promittens</span> <span class='ocrx_word' id='word_1_156' title='bbox 1530 2658 1745 2745; x_wconf 84' lang='lat' dir='ltr'>bonafide</span> <span class='ocrx_word' id='word_1_157' title='bbox 1774 2654 1850 2773; x_wconf 87' lang='lat' dir='ltr'>per</span> <span class='ocrx_word' id='word_1_158' title='bbox 1880 2678 2070 2773; x_wconf 86' lang='lat' dir='ltr'>presentes</span> 
     </span>
     <span class='ocr_line' id='line_1_19' title="bbox 276 2768 2069 2883; baseline 0 -32"><span class='ocrx_word' id='word_1_159' title='bbox 276 2770 388 2881; x_wconf 88' lang='lat' dir='ltr'>quod</span> <span class='ocrx_word' id='word_1_160' title='bbox 419 2772 546 2879; x_wconf 91' lang='lat' dir='ltr'>ipsam</span> <span class='ocrx_word' id='word_1_161' title='bbox 573 2770 742 2865; x_wconf 86' lang='lat' dir='ltr'>curiam,</span> <span class='ocrx_word' id='word_1_162' title='bbox 767 2776 808 2855; x_wconf 69' lang='grc'>8(</span> <span class='ocrx_word' id='word_1_163' title='bbox 836 2768 1039 2879; x_wconf 78' lang='lat' dir='ltr'>predictas</span> <span class='ocrx_word' id='word_1_164' title='bbox 1067 2794 1250 2854; x_wconf 66' lang='lat' dir='ltr'>sexroras</span> <span class='ocrx_word' id='word_1_165' title='bbox 1279 2786 1398 2865; x_wconf 91' lang='lat' dir='ltr'>terre,</span> <span class='ocrx_word' id='word_1_166' title='bbox 1413 2798 1507 2851; x_wconf 91' lang='lat' dir='ltr'>cum</span> <span class='ocrx_word' id='word_1_167' title='bbox 1536 2771 1661 2868; x_wconf 90' lang='lat' dir='ltr'>siluis,</span> <span class='ocrx_word' id='word_1_168' title='bbox 1692 2776 1841 2883; x_wconf 90' lang='lat' dir='ltr'>pratis,</span> <span class='ocrx_word' id='word_1_169' title='bbox 1857 2781 1897 2854; x_wconf 64' lang='grc'>8(</span> <span class='ocrx_word' id='word_1_170' title='bbox 1914 2773 2069 2883; x_wconf 86' lang='lat' dir='ltr'>pisarijs,</span> 
     </span>
    </p>
   </div>
   <div class='ocr_carea' id='block_1_6' title="bbox 137 2874 2067 2997">
    <p class='ocr_par' dir='ltr' id='par_1_8' title="bbox 137 2874 2067 2997">
     <span class='ocr_line' id='line_1_20' title="bbox 137 2874 2067 2997; baseline 0.001 -34"><span class='ocrx_word' id='word_1_171' title='bbox 137 2970 138 2973; x_wconf 4' lang='grc' dir='ltr'><strong><em>Ν</em></strong></span> <span class='ocrx_word' id='word_1_172' title='bbox 275 2884 353 2963; x_wconf 82' lang='lat' dir='ltr'>nisi</span> <span class='ocrx_word' id='word_1_173' title='bbox 382 2884 595 2992; x_wconf 73' lang='lat' dir='ltr'>piscariam</span> <span class='ocrx_word' id='word_1_174' title='bbox 624 2874 831 2992; x_wconf 76' lang='lat' dir='ltr'>wlgariter</span> <span class='ocrx_word' id='word_1_175' title='bbox 860 2881 1163 2974; x_wconf 78' lang='lat' dir='ltr'>diotam&#39;werta</span> <span class='ocrx_word' id='word_1_176' title='bbox 1193 2884 1236 2963; x_wconf 92' lang='lat' dir='ltr'>in</span> <span class='ocrx_word' id='word_1_177' title='bbox 1262 2880 1478 2977; x_wconf 64' lang='lat' dir='ltr'>fletasvnd,</span> <span class='ocrx_word' id='word_1_178' title='bbox 1510 2911 1595 2968; x_wconf 85' lang='lat' dir='ltr'>nou</span> <span class='ocrx_word' id='word_1_179' title='bbox 1639 2884 1682 2966; x_wconf 92' lang='lat' dir='ltr'>in</span> <span class='ocrx_word' id='word_1_180' title='bbox 1726 2904 1969 2994; x_wconf 80' lang='lat' dir='ltr'>perpetuum</span> <span class='ocrx_word' id='word_1_181' title='bbox 2004 2914 2067 2997; x_wconf 88' lang='lat' dir='ltr'>per</span> 
     </span>
    </p>
   </div>
   <div class='ocr_carea' id='block_1_7' title="bbox 274 2992 2151 4113">
    <p class='ocr_par' dir='ltr' id='par_1_9' title="bbox 274 2992 2151 4113">
     <span class='ocr_line' id='line_1_21' title="bbox 276 2992 2126 3108; baseline -0.001 -32"><span class='ocrx_word' id='word_1_182' title='bbox 276 3023 339 3080; x_wconf 90' lang='lat' dir='ltr'>me</span> <span class='ocrx_word' id='word_1_183' title='bbox 373 2995 434 3074; x_wconf 90' lang='lat' dir='ltr'>vel</span> <span class='ocrx_word' id='word_1_184' title='bbox 464 3021 538 3101; x_wconf 89' lang='lat' dir='ltr'>per</span> <span class='ocrx_word' id='word_1_185' title='bbox 566 2992 664 3073; x_wconf 92' lang='lat' dir='ltr'>alios</span> <span class='ocrx_word' id='word_1_186' title='bbox 692 2995 867 3100; x_wconf 90' lang='lat' dir='ltr'>inpetam</span> <span class='ocrx_word' id='word_1_187' title='bbox 891 2995 953 3074; x_wconf 90' lang='lat' dir='ltr'>vel</span> <span class='ocrx_word' id='word_1_188' title='bbox 983 2992 1213 3103; x_wconf 87' lang='lat' dir='ltr'>aliqualiter</span> <span class='ocrx_word' id='word_1_189' title='bbox 1240 2993 1490 3102; x_wconf 84' lang='lat' dir='ltr'>inpugnabo.</span> <span class='ocrx_word' id='word_1_190' title='bbox 1520 2994 1818 3086; x_wconf 83' lang='lat' dir='ltr'>neeeeclesiam</span> <span class='ocrx_word' id='word_1_191' title='bbox 1836 3000 2068 3108; x_wconf 88' lang='lat' dir='ltr'>vpsalensem</span> <span class='ocrx_word' id='word_1_192' title='bbox 2107 3052 2126 3101; x_wconf 53' lang='grc' dir='ltr'><strong>χ</strong></span> 
     </span>
     <span class='ocr_line' id='line_1_22' title="bbox 276 3101 2069 3217; baseline -0.001 -31"><span class='ocrx_word' id='word_1_193' title='bbox 276 3132 397 3213; x_wconf 90' lang='lat' dir='ltr'>super</span> <span class='ocrx_word' id='word_1_194' title='bbox 428 3105 675 3213; x_wconf 88' lang='lat' dir='ltr'>possessione</span> <span class='ocrx_word' id='word_1_195' title='bbox 712 3101 892 3212; x_wconf 89' lang='lat' dir='ltr'>predicte</span> <span class='ocrx_word' id='word_1_196' title='bbox 920 3107 1031 3185; x_wconf 90' lang='lat' dir='ltr'>curie</span> <span class='ocrx_word' id='word_1_197' title='bbox 1060 3110 1101 3182; x_wconf 86' lang='lat'>&amp;</span> <span class='ocrx_word' id='word_1_198' title='bbox 1136 3102 1269 3212; x_wconf 87' lang='lat' dir='ltr'>predij</span> <span class='ocrx_word' id='word_1_199' title='bbox 1298 3104 1511 3212; x_wconf 85' lang='lat' dir='ltr'>memoratj</span> <span class='ocrx_word' id='word_1_200' title='bbox 1544 3105 1774 3217; x_wconf 89' lang='lat' dir='ltr'>aliqualiter</span> <span class='ocrx_word' id='word_1_201' title='bbox 1811 3109 2069 3217; x_wconf 87' lang='lat' dir='ltr'>perturbabo,</span> 
     </span>
     <span class='ocr_line' id='line_1_23' title="bbox 276 3213 2069 3325; baseline 0.001 -29"><span class='ocrx_word' id='word_1_202' title='bbox 276 3219 521 3296; x_wconf 86' lang='lat' dir='ltr'>renuncians</span> <span class='ocrx_word' id='word_1_203' title='bbox 550 3216 661 3295; x_wconf 91' lang='lat' dir='ltr'>omni</span> <span class='ocrx_word' id='word_1_204' title='bbox 691 3213 840 3319; x_wconf 83' lang='lat' dir='ltr'>juri&amp;</span> <span class='ocrx_word' id='word_1_205' title='bbox 869 3215 1023 3295; x_wconf 92' lang='lat' dir='ltr'>aecioni</span> <span class='ocrx_word' id='word_1_206' title='bbox 1054 3214 1150 3293; x_wconf 87' lang='lat' dir='ltr'>mibi</span> <span class='ocrx_word' id='word_1_207' title='bbox 1179 3217 1220 3294; x_wconf 91' lang='lat' dir='ltr'>in</span> <span class='ocrx_word' id='word_1_208' title='bbox 1250 3214 1339 3300; x_wconf 81' lang='lat' dir='ltr'>hac,</span> <span class='ocrx_word' id='word_1_209' title='bbox 1354 3233 1468 3323; x_wconf 91' lang='lat' dir='ltr'>parte</span> <span class='ocrx_word' id='word_1_210' title='bbox 1496 3221 1751 3325; x_wconf 83' lang='lat' dir='ltr'>competenti.</span> <span class='ocrx_word' id='word_1_211' title='bbox 1779 3221 1866 3301; x_wconf 88' lang='lat' dir='ltr'>siue</span> <span class='ocrx_word' id='word_1_212' title='bbox 1895 3249 1942 3300; x_wconf 84' lang='lat' dir='ltr'>ex</span> <span class='ocrx_word' id='word_1_213' title='bbox 1962 3236 2069 3298; x_wconf 89' lang='lat' dir='ltr'>testa·</span> 
     </span>
     <span class='ocr_line' id='line_1_24' title="bbox 276 3325 2151 3440; baseline -0.002 -31"><span class='ocrx_word' id='word_1_214' title='bbox 276 3345 412 3409; x_wconf 90' lang='lat' dir='ltr'>mento</span> <span class='ocrx_word' id='word_1_215' title='bbox 441 3329 526 3406; x_wconf 89' lang='lat' dir='ltr'>siue</span> <span class='ocrx_word' id='word_1_216' title='bbox 554 3327 606 3408; x_wconf 90' lang='lat' dir='ltr'>ab</span> <span class='ocrx_word' id='word_1_217' title='bbox 635 3328 837 3420; x_wconf 85' lang='lat' dir='ltr'>intestato,</span> <span class='ocrx_word' id='word_1_218' title='bbox 866 3352 935 3404; x_wconf 90' lang='lat' dir='ltr'>seu</span> <span class='ocrx_word' id='word_1_219' title='bbox 965 3325 1190 3406; x_wconf 90' lang='lat' dir='ltr'>donacione</span> <span class='ocrx_word' id='word_1_220' title='bbox 1223 3328 1284 3404; x_wconf 90' lang='lat' dir='ltr'>vel</span> <span class='ocrx_word' id='word_1_221' title='bbox 1315 3355 1571 3438; x_wconf 89' lang='lat' dir='ltr'>quocumque</span> <span class='ocrx_word' id='word_1_222' title='bbox 1600 3330 1680 3408; x_wconf 90' lang='lat' dir='ltr'>alio</span> <span class='ocrx_word' id='word_1_223' title='bbox 1708 3331 1831 3410; x_wconf 91' lang='lat' dir='ltr'>titulo</span> <span class='ocrx_word' id='word_1_224' title='bbox 1856 3330 2067 3440; x_wconf 89' lang='lat' dir='ltr'>predictum</span> <span class='ocrx_word' id='word_1_225' title='bbox 2147 3423 2151 3432; x_wconf 32' lang='grc' dir='ltr'>Ι</span> 
     </span>
     <span class='ocr_line' id='line_1_25' title="bbox 278 3431 2067 3551; baseline 0 -34"><span class='ocrx_word' id='word_1_226' title='bbox 278 3431 464 3544; x_wconf 90' lang='lat' dir='ltr'>predium</span> <span class='ocrx_word' id='word_1_227' title='bbox 494 3463 555 3515; x_wconf 90' lang='lat' dir='ltr'>me</span> <span class='ocrx_word' id='word_1_228' title='bbox 584 3437 794 3543; x_wconf 85' lang='lat' dir='ltr'>contingat</span> <span class='ocrx_word' id='word_1_229' title='bbox 822 3439 872 3515; x_wconf 87' lang='lat' dir='ltr'>ln</span> <span class='ocrx_word' id='word_1_230' title='bbox 904 3438 1017 3517; x_wconf 89' lang='lat' dir='ltr'>cuius</span> <span class='ocrx_word' id='word_1_231' title='bbox 1048 3437 1107 3515; x_wconf 91' lang='lat' dir='ltr'>rei</span> <span class='ocrx_word' id='word_1_232' title='bbox 1137 3439 1408 3538; x_wconf 80' lang='lat' dir='ltr'>testimonium</span> <span class='ocrx_word' id='word_1_233' title='bbox 1438 3438 1740 3547; x_wconf 79' lang='lat' dir='ltr'>quia-sigillum</span> <span class='ocrx_word' id='word_1_234' title='bbox 1771 3445 1981 3551; x_wconf 90' lang='lat' dir='ltr'>proprium</span> <span class='ocrx_word' id='word_1_235' title='bbox 1998 3467 2067 3520; x_wconf 91' lang='lat' dir='ltr'>non</span> 
     </span>
     <span class='ocr_line' id='line_1_26' title="bbox 275 3546 2135 3657; baseline 0.001 -29"><span class='ocrx_word' id='word_1_236' title='bbox 275 3547 424 3642; x_wconf 89' lang='lat' dir='ltr'>habe0,</span> <span class='ocrx_word' id='word_1_237' title='bbox 453 3546 584 3654; x_wconf 85' lang='lat' dir='ltr'>sigilla</span> <span class='ocrx_word' id='word_1_238' title='bbox 612 3547 892 3654; x_wconf 85' lang='lat' dir='ltr'>religiosorum</span> <span class='ocrx_word' id='word_1_239' title='bbox 921 3547 1122 3642; x_wconf 80' lang='lat' dir='ltr'>virorum,</span> <span class='ocrx_word' id='word_1_240' title='bbox 1152 3547 1323 3634; x_wconf 75' lang='lat' dir='ltr'>fratrum</span> <span class='ocrx_word' id='word_1_241' title='bbox 1364 3548 1662 3655; x_wconf 81' lang='lat' dir='ltr'>predicatorum</span> <span class='ocrx_word' id='word_1_242' title='bbox 1702 3571 1934 3632; x_wconf 86' lang='lat' dir='ltr'>conuentus</span> <span class='ocrx_word' id='word_1_243' title='bbox 1960 3555 2068 3636; x_wconf 86' lang='lat' dir='ltr'>sicto-</span> <span class='ocrx_word' id='word_1_244' title='bbox 2133 3654 2135 3657; x_wconf 16' lang='grc' dir='ltr'>Ι</span> 
     </span>
     <span class='ocr_line' id='line_1_27' title="bbox 274 3656 2070 3768; baseline 0.001 -30"><span class='ocrx_word' id='word_1_245' title='bbox 274 3661 479 3756; x_wconf 70' lang='lat' dir='ltr'>nensis&amp;</span> <span class='ocrx_word' id='word_1_246' title='bbox 508 3656 659 3738; x_wconf 87' lang='lat' dir='ltr'>ffratris</span> <span class='ocrx_word' id='word_1_247' title='bbox 690 3657 841 3739; x_wconf 86' lang='lat' dir='ltr'>israelis</span> <span class='ocrx_word' id='word_1_248' title='bbox 870 3657 1031 3738; x_wconf 87' lang='lat' dir='ltr'>lectoris</span> <span class='ocrx_word' id='word_1_249' title='bbox 1060 3658 1231 3755; x_wconf 87' lang='lat' dir='ltr'>ibidem,</span> <span class='ocrx_word' id='word_1_250' title='bbox 1260 3687 1339 3738; x_wconf 88' lang='lat' dir='ltr'>vna</span> <span class='ocrx_word' id='word_1_251' title='bbox 1368 3688 1460 3739; x_wconf 90' lang='lat' dir='ltr'>cum</span> <span class='ocrx_word' id='word_1_252' title='bbox 1489 3661 1622 3768; x_wconf 83' lang='lat' dir='ltr'>sigillo</span> <span class='ocrx_word' id='word_1_253' title='bbox 1650 3668 1949 3746; x_wconf 89' lang='lat' dir='ltr'>communitatis</span> <span class='ocrx_word' id='word_1_254' title='bbox 1963 3666 2070 3744; x_wconf 87' lang='lat' dir='ltr'>sicto-</span> 
     </span>
     <span class='ocr_line' id='line_1_28' title="bbox 276 3766 2067 3880; baseline 0.001 -31"><span class='ocrx_word' id='word_1_255' title='bbox 276 3769 438 3864; x_wconf 67' lang='lat' dir='ltr'>niensis,</span> <span class='ocrx_word' id='word_1_256' title='bbox 468 3766 520 3858; x_wconf 89' lang='lat' dir='ltr'>ad</span> <span class='ocrx_word' id='word_1_257' title='bbox 550 3795 673 3848; x_wconf 91' lang='lat' dir='ltr'>meam</span> <span class='ocrx_word' id='word_1_258' title='bbox 704 3766 938 3850; x_wconf 88' lang='lat' dir='ltr'>instanciam</span> <span class='ocrx_word' id='word_1_259' title='bbox 970 3770 1225 3878; x_wconf 82' lang='lat' dir='ltr'>presentibus</span> <span class='ocrx_word' id='word_1_260' title='bbox 1254 3789 1348 3850; x_wconf 83' lang='lat' dir='ltr'>sunt</span> <span class='ocrx_word' id='word_1_261' title='bbox 1387 3799 1589 3880; x_wconf 84' lang='lat' dir='ltr'>appensa,</span> <span class='ocrx_word' id='word_1_262' title='bbox 1622 3776 1771 3853; x_wconf 86' lang='lat' dir='ltr'>Datum</span> <span class='ocrx_word' id='word_1_263' title='bbox 1801 3805 1910 3858; x_wconf 91' lang='lat' dir='ltr'>anno</span> <span class='ocrx_word' id='word_1_264' title='bbox 1952 3775 2067 3856; x_wconf 88' lang='lat' dir='ltr'>domi·</span> 
     </span>
     <span class='ocr_line' id='line_1_29' title="bbox 278 3880 1793 3993; baseline 0.005 -34"><span class='ocrx_word' id='word_1_265' title='bbox 278 3885 332 3976; x_wconf 79' lang='lat' dir='ltr'>ni,</span> <span class='ocrx_word' id='word_1_266' title='bbox 361 3880 533 3977; x_wconf 84' lang='lat' dir='ltr'>M⁰,CC⁰.</span> <span class='ocrx_word' id='word_1_267' title='bbox 579 3881 859 3988; x_wconf 85' lang='lat' dir='ltr'>Nonagesimo.</span> <span class='ocrx_word' id='word_1_268' title='bbox 892 3882 1061 3983; x_wconf 83' lang='lat' dir='ltr'>Quinte,</span> <span class='ocrx_word' id='word_1_269' title='bbox 1091 3883 1216 3962; x_wconf 89' lang='lat' dir='ltr'>tercia</span> <span class='ocrx_word' id='word_1_270' title='bbox 1243 3880 1448 3989; x_wconf 89' lang='lat' dir='ltr'>dominica</span> <span class='ocrx_word' id='word_1_271' title='bbox 1479 3883 1793 3993; x_wconf 86' lang='lat' dir='ltr'>quadragesime.</span> 
     </span>
     <span class='ocr_line' id='line_1_30' title="bbox 575 4013 1662 4113; baseline 0.003 -29"><span class='ocrx_word' id='word_1_272' title='bbox 575 4013 581 4020; x_wconf 68' lang='grc'><strong><em>’</em></strong></span> <span class='ocrx_word' id='word_1_273' title='bbox 699 4023 827 4108; x_wconf 71' lang='lat' dir='ltr'>sigilles</span> <span class='ocrx_word' id='word_1_274' title='bbox 847 4027 906 4092; x_wconf 79' lang='lat' dir='ltr'>llto</span> <span class='ocrx_word' id='word_1_275' title='bbox 932 4045 959 4102; x_wconf 86' lang='lat'>1,</span> <span class='ocrx_word' id='word_1_276' title='bbox 981 4025 999 4086; x_wconf 80' lang='lat'>3</span> <span class='ocrx_word' id='word_1_277' title='bbox 1021 4025 1205 4102; x_wconf 58' lang='lat' dir='ltr'>horticellum</span> <span class='ocrx_word' id='word_1_278' title='bbox 1227 4026 1287 4088; x_wconf 79' lang='lat' dir='ltr'>tuo</span> <span class='ocrx_word' id='word_1_279' title='bbox 1309 4045 1330 4086; x_wconf 82' lang='lat' dir='ltr'>a</span> <span class='ocrx_word' id='word_1_280' title='bbox 1351 4025 1503 4113; x_wconf 71' lang='lat' dir='ltr'>audeligt,</span> <span class='ocrx_word' id='word_1_281' title='bbox 1524 4026 1662 4091; x_wconf 78' lang='lat' dir='ltr'>skadadt.</span> 
     </span>
    </p>
   </div>
   <div class='ocr_carea' id='block_1_8' title="bbox 173 4257 2070 4482">
    <p class='ocr_par' dir='ltr' id='par_1_10' title="bbox 173 4257 2070 4482">
     <span class='ocr_line' id='line_1_31' title="bbox 173 4257 2070 4482; baseline -0.002 -41"><span class='ocrx_word' id='word_1_282' title='bbox 173 4303 176 4316; x_wconf 35' lang='lat'>⁸</span> <span class='ocrx_word' id='word_1_283' title='bbox 244 4257 247 4264; x_wconf 14' lang='grc' dir='ltr'><strong>Δ</strong></span> <span class='ocrx_word' id='word_1_284' title='bbox 291 4315 443 4442; x_wconf 81' lang='lat'>1130</span> <span class='ocrx_word' id='word_1_285' title='bbox 911 4339 1061 4482; x_wconf 81' lang='lat'>1295</span> <span class='ocrx_word' id='word_1_286' title='bbox 1108 4335 1158 4440; x_wconf 89' lang='lat' dir='ltr'>d.</span> <span class='ocrx_word' id='word_1_287' title='bbox 1204 4337 1238 4440; x_wconf 89' lang='lat'>6</span> <span class='ocrx_word' id='word_1_288' title='bbox 1283 4336 1420 4444; x_wconf 87' lang='lat' dir='ltr'>luni.</span> <span class='ocrx_word' id='word_1_289' title='bbox 1703 4283 1709 4287; x_wconf 18' lang='lat'><em>⁶</em></span> <span class='ocrx_word' id='word_1_290' title='bbox 1870 4341 2070 4448; x_wconf 74' lang='lat' dir='ltr'>Ekents.</span> 
     </span>
    </p>
   </div>
   <div class='ocr_carea' id='block_1_9' title="bbox 359 4521 2069 4726">
    <p class='ocr_par' dir='ltr' id='par_1_11' title="bbox 359 4521 2069 4726">
     <span class='ocr_line' id='line_1_32' title="bbox 359 4521 2069 4638; baseline 0.002 -20"><span class='ocrx_word' id='word_1_291' title='bbox 359 4555 508 4638; x_wconf 80' lang='lat' dir='ltr'>Bislropen</span> <span class='ocrx_word' id='word_1_292' title='bbox 532 4555 633 4616; x_wconf 79' lang='lat' dir='ltr'>Yssas</span> <span class='ocrx_word' id='word_1_293' title='bbox 656 4557 663 4614; x_wconf 93' lang='lat' dir='ltr'>i</span> <span class='ocrx_word' id='word_1_294' title='bbox 686 4553 849 4635; x_wconf 77' lang='lat' dir='ltr'>Strengnts</span> <span class='ocrx_word' id='word_1_295' title='bbox 882 4555 941 4617; x_wconf 86' lang='lat' dir='ltr'>och</span> <span class='ocrx_word' id='word_1_296' title='bbox 975 4557 1175 4637; x_wconf 79' lang='lat' dir='ltr'>Legumnneu</span> <span class='ocrx_word' id='word_1_297' title='bbox 1198 4557 1347 4622; x_wconf 68' lang='lat' dir='ltr'>sonum</span> <span class='ocrx_word' id='word_1_298' title='bbox 1368 4521 1613 4620; x_wconf 71' lang='lat' dir='ltr'>lneswatussous</span> <span class='ocrx_word' id='word_1_299' title='bbox 1634 4559 1644 4618; x_wconf 92' lang='lat' dir='ltr'>i</span> <span class='ocrx_word' id='word_1_300' title='bbox 1665 4557 1912 4624; x_wconf 80' lang='lat' dir='ltr'>deermanlaud</span> <span class='ocrx_word' id='word_1_301' title='bbox 1928 4561 2069 4622; x_wconf 47' lang='lat' dir='ltr'>‘arsatius</span> 
     </span>
     <span class='ocr_line' id='line_1_33' title="bbox 400 4637 1158 4726; baseline 0 -26"><span class='ocrx_word' id='word_1_302' title='bbox 400 4639 544 4706; x_wconf 84' lang='lat' dir='ltr'>-emellan</span> <span class='ocrx_word' id='word_1_303' title='bbox 569 4639 637 4700; x_wconf 83' lang='lat' dir='ltr'>Dan</span> <span class='ocrx_word' id='word_1_304' title='bbox 660 4639 787 4700; x_wconf 76' lang='lat' dir='ltr'>lonssou</span> <span class='ocrx_word' id='word_1_305' title='bbox 810 4637 869 4699; x_wconf 89' lang='lat' dir='ltr'>och</span> <span class='ocrx_word' id='word_1_306' title='bbox 892 4639 965 4701; x_wconf 88' lang='lat' dir='ltr'>Eric</span> <span class='ocrx_word' id='word_1_307' title='bbox 980 4641 1158 4726; x_wconf 46' lang='lat' dir='ltr'>betesmon.</span> 
     </span>
    </p>
   </div>
   <div class='ocr_carea' id='block_1_10' title="bbox 1689 4690 1995 4789">
    <p class='ocr_par' dir='ltr' id='par_1_12' title="bbox 1689 4690 1995 4789">
     <span class='ocr_line' id='line_1_34' title="bbox 1689 4690 1995 4789; baseline -0.007 -5"><span class='ocrx_word' id='word_1_308' title='bbox 1689 4725 1882 4789; x_wconf 54' lang='lat' dir='ltr'>&amp;unse</span> <span class='ocrx_word' id='word_1_309' title='bbox 1992 4690 1995 4697; x_wconf 22' lang='grc' dir='ltr'><em>ι</em></span> 
     </span>
    </p>
   </div>
   <div class='ocr_carea' id='block_1_11' title="bbox 278 4818 2066 5049">
    <p class='ocr_par' dir='ltr' id='par_1_13' title="bbox 278 4818 2066 5049">
     <span class='ocr_line' id='line_1_35' title="bbox 413 4818 2066 4934; baseline 0 -32"><span class='ocrx_word' id='word_1_310' title='bbox 413 4824 621 4902; x_wconf 89' lang='lat' dir='ltr'>Vniuersis</span> <span class='ocrx_word' id='word_1_311' title='bbox 660 4823 798 4903; x_wconf 88' lang='lat' dir='ltr'>christi</span> <span class='ocrx_word' id='word_1_312' title='bbox 840 4818 1027 4905; x_wconf 84' lang='lat' dir='ltr'>fidelibus</span> <span class='ocrx_word' id='word_1_313' title='bbox 1071 4842 1276 4933; x_wconf 85' lang='lat' dir='ltr'>presentes</span> <span class='ocrx_word' id='word_1_314' title='bbox 1317 4824 1471 4934; x_wconf 86' lang='lat' dir='ltr'>litteras</span> <span class='ocrx_word' id='word_1_315' title='bbox 1514 4826 1768 4934; x_wconf 80' lang='lat' dir='ltr'>inspecturis</span> <span class='ocrx_word' id='word_1_316' title='bbox 1823 4831 1983 4910; x_wconf 80' lang='lat' dir='ltr'>Ysauus</span> <span class='ocrx_word' id='word_1_317' title='bbox 2008 4823 2066 4906; x_wconf 89' lang='lat' dir='ltr'>dei</span> 
     </span>
     <span class='ocr_line' id='line_1_36' title="bbox 278 4933 2066 5049; baseline -0.001 -37"><span class='ocrx_word' id='word_1_318' title='bbox 278 4935 412 5042; x_wconf 84' lang='lat' dir='ltr'>gracia</span> <span class='ocrx_word' id='word_1_319' title='bbox 441 4936 654 5042; x_wconf 85' lang='lat' dir='ltr'>episeopus</span> <span class='ocrx_word' id='word_1_320' title='bbox 683 4933 962 5044; x_wconf 84' lang='lat' dir='ltr'>Strengnensis</span> <span class='ocrx_word' id='word_1_321' title='bbox 991 4941 1030 5016; x_wconf 69' lang='grc' dir='ltr'>ἃ</span> <span class='ocrx_word' id='word_1_322' title='bbox 1063 4939 1271 5018; x_wconf 78' lang='lat' dir='ltr'>losannae</span> <span class='ocrx_word' id='word_1_323' title='bbox 1300 4940 1585 5019; x_wconf 73' lang='lat' dir='ltr'>Jussvansson</span> <span class='ocrx_word' id='word_1_324' title='bbox 1613 4939 1754 5049; x_wconf 84' lang='lat' dir='ltr'>legifer</span> <span class='ocrx_word' id='word_1_325' title='bbox 1768 4937 2066 5026; x_wconf 86' lang='lat' dir='ltr'>Sutbirmannie.</span> 
     </span>
    </p>
   </div>
   <div class='ocr_carea' id='block_1_12' title="bbox 0 0 2164 5972">
    <p class='ocr_par' dir='ltr' id='par_1_14' title="bbox 0 0 2164 5972">
     <span class='ocr_line' id='line_1_37' title="bbox 0 0 2164 5972; baseline 0 0"><span class='ocrx_word' id='word_1_326' title='bbox 0 0 2164 5972; x_wconf 95' lang='lat' dir='ltr'> </span> 
     </span>
    </p>
   </div>
  </div>
 </body>
</html>
