4317 5975
916 422 1383 535 3-116-

276 646 448 728 liliorum
479 670 659 725 meorum
690 640 843 722 domini
872 643 1069 753 laurencii
1101 639 1302 753 boby'rgb‚
1343 659 1385 725 et
1425 639 1579 725 domini
1621 628 1758 752 rericij
1799 640 1939 753 hyrgis
1979 596 2095 744 sunl,

276 761 451 866 Jnsuper
479 754 630 834 famulo
660 780 748 834 meo
778 768 896 863 petro
925 756 1130 867 skielgbae
1159 758 1321 835 racione
1356 754 1503 835 cambii
1538 752 1705 862 assigno
1746 754 1900 833 curiam
1942 774 2095 847 meam'

274 866 618 997 hemysbyr'gbum
647 892 739 944 cum
769 866 936 974 singulis
964 867 1114 948 ibidem
1142 868 1354 962 contentis,
1383 892 1431 945 ac
1459 880 1621 973 pratum
1649 866 1692 944 in
1721 862 1972 974 lydaebolstat
1991 864 2061 981 pro

154 1018 156 1024 s
275 1008 386 1063 curra
414 1004 484 1056 sua
514 975 760 1084 malbyrgbae
789 978 900 1084 prius
929 978 1006 1058 sibi
1036 978 1114 1086 pro
1139 979 1311 1058 seruicio
1337 1003 1413 1057 suo
1439 975 1597 1073 collata,
1631 1004 1754 1087 quam
1789 980 1943 1059 curiam
1977 1011 2060 1067 cum

274 1089 417 1201 predio
446 1089 489 1166 in
515 1104 641 1177 vtnaes
670 1090 828 1196 assigno
856 1086 907 1169 ad
938 1088 1176 1170 soluendum
1211 1089 1290 1169 illis
1323 1088 1473 1197 quibus
1508 1114 1585 1195 pro
1615 1086 1774 1195 prediis
1807 1104 1949 1169 teneor
1982 1120 2063 1176 mu·
2143 1115 2144 1122 ’

273 1203 406 1297 tuatis
435 1201 539 1279 Jtem
566 1199 724 1305 siggoni
752 1201 884 1292 ostani
913 1200 995 1281 lilio
1023 1201 1191 1281 confero
1227 1202 1283 1281 ob
1323 1201 1539 1279 seruicinm
1585 1226 1703 1279 suunt
1745 1198 1949 1281 laudabile
1987 1220 2064 1288 tres
2106 1282 2120 1290 ,,

272 1314 392 1395 horas
420 1330 527 1391 terre
555 1310 596 1388 in
626 1308 970 1416 skinaendaealsyn
997 1328 1038 1391 et
1066 1340 1186 1391 vnam
1215 1312 1356 1391 horam
1393 1327 1500 1389 terre
1535 1312 1576 1389 in
1614 1337 1726 1417 aspn,
1760 1314 1865 1391 Jtem
1902 1311 2062 1399 domino

274 1423 394 1506 clauo
423 1420 660 1528 cappellano
680 1418 784 1513 ‘meo⁴
808 1423 841 1501 si
870 1422 965 1501 alias
994 1423 1071 1504 sibi
1100 1450 1183 1503 uon
1211 1422 1332 1502 luerit
1366 1423 1576 1530 prouisum
1598 1421 1689 1528 lego
1716 1423 1861 1529 viginti
1891 1428 2061 1509 marchas

272 1534 364 1617 den.
394 1550 435 1612 et
464 1530 756 1612 ambulatorem
787 1560 907 1642 quem
937 1535 988 1616 de
1017 1537 1106 1642 ipso
1142 1536 1231 1630 emi,
1274 1538 1376 1614 Jtem
1420 1526 1630 1642 bolmgero
1673 1535 1812 1641 nepoti
1854 1562 1945 1614 meo
1985 1540 2060 1646 gla-

203 1704 206 1709 ·
273 1644 383 1726 dium
413 1670 557 1738 meum,
594 1662 634 1723 et
673 1669 823 1752 equum
858 1672 978 1752 quem
1014 1642 1065 1725 de
1099 1671 1268 1725 swnone
1304 1634 1459 1751 talgbir'
1482 1645 1618 1753 recepi
1643 1644 1748 1724 Jtem
1784 1646 1962 1753 byrgero
1995 1651 2059 1729 riiz

234 1850 241 1863 ,
271 1784 391 1839 ,vnam
421 1753 599 1833 falleram
629 1770 670 1832 et
699 1782 822 1835 vnum
856 1782 1004 1864 eqvum
1032 1758 1205 1865 griseum
1234 1758 1307 1867 qui
1335 1772 1395 1835 est
1423 1756 1466 1835 in
1501 1760 1613 1840 curia
1649 1754 1768 1861 rydct
1805 1759 1911 1837 ltem
1946 1786 2059 1840 suno·

194 1919 237 1931 -·
270 1869 314 1947 ni
344 1866 501 1974 plattan
529 1892 554 1942 o
586 1864 697 1945 idum
726 1869 766 1945 in
800 1894 884 1975 quo
913 1866 1080 1963 habitat,
1109 1869 1219 1947 etin
1262 1867 1450 1947 salastum
1492 1864 1595 1945 duos
1635 1865 1802 1947 sollidos
1829 1882 1949 1964 terre,
1976 1896 2060 1967 cnm

271 1975 437 2058 dimidio
466 1894 595 2057 solidh
628 1976 669 2054 in
699 1971 879 2074 Wa'dbi.
908 1980 1012 2057 ltem
1055 1978 1242 2058 clementi
1284 1979 1388 2059 duos
1428 1975 1577 2060 solidos
1623 1992 1742 2073 terre,
1791 1978 1862 2059 vbi
1904 1976 2059 2063 domino

126 2160 132 2179 ,
263 2088 478 2168 laurencio
507 2084 697 2193 bobirgh
733 2088 862 2167 visum
898 2086 1032 2185 fuerit,
1068 2093 1171 2169 ltem
1209 2088 1395 2169 holmmae
1427 2090 1522 2168 ciui·
1542 2090 1776 2168 sictoniensi
1802 2117 1925 2197 supra
1954 2088 2060 2172 debi-

244 2218 358 2309 ¹tum
387 2198 563 2279 anticum
593 2196 705 2307 quod
733 2199 809 2281 sibi
837 2217 978 2279 teneor
1007 2228 1092 2309 pro·
1126 2202 1316 2281 interesse
1359 2199 1514 2280 diu'tine
1556 2206 1736 2285 carencie
1779 2199 1946 2281 confero
1986 2220 2058 2283 tres

270 2306 453 2392 marchas
480 2306 571 2389 den.
603 2325 643 2389 et
670 2309 875 2409 dimidiam
912 2310 1048 2391 lestam
1093 2338 1267 2408 annone,
1308 2314 1411 2391 ltem
1466 2309 1682 2409 llrctbirrno
1709 2308 1759 2390 de
1800 2311 1903 2411 vibir
1942 2340 2059 2392 vnum

270 2428 420 2531 equum
449 2420 647 2499 valentem
676 2418 814 2500 decem
859 2422 1038 2503 marchas
1072 2421 1165 2518 den,
1202 2426 1306 2503 ltem
1351 2422 1515 2502 domino
1560 2441 1676 2530 petro
1723 2414 1925 2503 sacerdoti
1967 2449 2058 2520 meo,

269 2534 403 2612 Olauo
418 2529 638 2625 cellerario,
648 2532 766 2611 Erico
782 2559 928 2641 coquo,
941 2532 1150 2613 laurencio
1164 2560 1310 2643 coquo,
1320 2534 1556 2629 Cristiaruo‚
1571 2533 1723 2629 eluaro,
1737 2535 1899 2643 loseph.
1910 2534 2059 2615 Wlfoni

207 2660 213 2679 “
269 2640 452 2737 drilaerae‚
482 2668 681 2749 caemppae,
710 2641 875 2723 cuilibet
904 2670 1043 2724 eorum
1072 2672 1197 2724 vnum
1225 2672 1386 2753 equum,
1416 2646 1519 2723 ltem
1552 2644 1734 2753 quinque
1770 2645 1973 2743 thinones
2004 2643 2058 2723 la·

169 2770 171 2779 ’
268 2754 358 2833 rinc
386 2750 688 2832 distribuendos
716 2753 965 2862 pauperibus
994 2756 1152 2835 rusticis
1187 2756 1229 2833 in
1272 2753 1466 2862 parochia
1507 2753 1830 2837 saeterboherdhe
1875 2757 1940 2852 Et,
1967 2756 2059 2837 alios

268 2862 784 2975 quinquedistribuendos
809 2866 849 2942 in
879 2864 1072 2972 parocbia
1103 2883 1345 2962 waestaermo‚
1374 2868 1479 2945 ltem
1507 2864 1709 2974 quidquid
1737 2865 1789 2946 de
1822 2870 2060 2978 campolus·

265 2992 326 3056 sta
355 2974 456 3072 asbir
484 2975 683 3082 occupaui
711 2976 880 3055 restituo
909 2975 960 3057 ad
986 3006 1079 3058 vsus
1094 3005 1325 3059 commones
1339 2977 1711 3058 circumiacenciunr
1726 2977 1915 3060 villarum
1930 3006 2059 3090 quem·

266 3079 483 3200 admodum
526 3084 754 3164 habebatur
795 3085 960 3195 quando
1002 3091 1044 3168 in
1073 3088 1177 3186 asby'r
1211 3090 1351 3168 rustici
1370 3087 1642 3184 babitabant,
1679 3087 1900 3171 {fructibus
1933 3109 2056 3171 tamen

268 3224 380 3290 nunc
409 3195 662 3276 exstantibus
691 3195 741 3276 ad
772 3224 864 3276 vsus
892 3197 1057 3278 eredum
1086 3226 1265 3280 meorum
1300 3197 1557 3306 colligendis,
1601 3201 1891 3282 Premissorum
1933 3217 2057 3281 autem

267 3322 523 3389 exsecutores
552 3307 692 3386 instito
720 3307 780 3387 svi
816 3310 948 3414 gracia
985 3309 1257 3389 venerabilem
1291 3327 1448 3419 patrem
1484 3308 1703 3389 Dominum
1740 3311 1946 3393 anundum
1981 3311 2058 3417 epi·

266 3445 433 3525 scopum
463 3432 800 3525 strengenensem,
830 3447 875 3498 ac
912 3420 1102 3500 dilectum
1143 3420 1268 3500 lilium
1311 3423 1528 3501 Dominum
1572 3420 1821 3504 laurencium
1867 3419 2058 3528 bohyrgh.

265 3531 376 3610 Dans
405 3529 461 3608 eis
490 3526 650 3635 plenam
679 3528 914 3608 eteliberam
944 3531 1175 3611 facultatem
1205 3531 1256 3610 de
1285 3532 1476 3639 predictis
1512 3532 1701 3611 omnibus
1734 3531 1978 3642 disponendi
2011 3526 2057 3610 ad

266 3637 539 3749 predictorum
569 3636 753 3748 equidem
783 3639 1030 3720 euidenciam
1061 3658 1263 3752 presentes
1291 3643 1412 3722 scribi
1441 3642 1528 3739 feci,
1542 3660 1584 3722 et
1599 3643 1732 3749 sigillo
1748 3673 1847 3742 meo,
1866 3665 1907 3726 et
1920 3644 2056 3725 dilecte
2084 3696 2087 3707 .

265 3751 403 3831 vxoris
432 3775 593 3829 macac
622 3749 779 3830 illorum
810 3753 881 3858 qui
910 3752 985 3830 hiis
1014 3754 1289 3833 interfuerunt
1316 3754 1455 3861 sigillis
1490 3752 1678 3833 videlicet
1712 3754 1868 3837 domini
1907 3757 2079 3839 laurens

124 3909 133 3922 ·
239 3862 317 3942 ‘cii
347 3859 546 3969 bohyrgh.
577 3861 737 3940 Domini
766 3861 934 3971 lraquini
963 3866 1146 3943 canonici
1174 3867 1386 3944 arosiensis
1426 3862 1610 3970 gardiani
1644 3864 1787 3947 domus
1814 3867 2057 3976 argburgen·

264 3974 329 4068 sis,
358 4001 403 4052 ac
427 3969 580 4050 domini
607 3972 714 4050 olaui
743 3971 939 4080 capellani
970 3976 1057 4072 mei,
1086 3975 1161 4055 leci
1190 3978 1440 4056 communiri.
1468 3993 1603 4056 actum
1631 3976 1883 4070 Frpsbamar.
1902 3985 2058 4057 annuet

261 4081 329 4170 ,die
358 4080 611 4198 supradictis.
1598 4081 1601 4092 '

549 4224 675 4306 Sigillen
702 4226 910 4314 1-p,‘ntgot
930 4227 1080 4309 abscinde,
1104 4230 1201 4296 finnus
1221 4229 1290 4296 dela
1308 4231 1329 4298 ἃ
1349 4230 1443 4310 rede,
1462 4229 1527 4292 dela
1548 4232 1643 4316 grdaa
1664 4229 1780 4296 utana

275 4474 441 4587 roda.
868 4501 1014 4608 1291
1066 4463 1114 4568 d.
1165 4480 1236 4592 24
1283 4466 1412 4612 Apr.
1692 4465 2093 4582 Frdshamman·

300 4705 301 4708 ,
347 4645 510 4724 lacunosa,
529 4644 645 4708 Anund
665 4645 798 4708 Haralds
819 4667 888 4709 sons
909 4647 1012 4710 Bolas
1033 4659 1213 4713 testamenta
1234 4651 1294 4714 och
1316 4651 1409 4732 gtlra
1431 4650 1468 4712 al
1484 4671 1524 4713 en
1544 4651 1623 4733 gard
1646 4656 1693 4716 till
1716 4655 1800 4718 Saba
1821 4655 1944 4718 kloster.

1313 4762 1319 4772 '
1759 4768 1925 4822 baba

370 4863 421 4943 lu
451 4863 614 4942 nomine
642 4863 766 4970 patris
794 4878 835 4942 et
861 4863 930 4947 filii
955 4880 995 4944 et
1023 4868 1189 4975 spiritus
1217 4863 1348 4974 saneti
1376 4893 1502 4949 amen.
1545 4868 1634 4976 Ego
1675 4869 1919 4951 lucrsoncss
1961 4881 2052 4939 00⁰·

233 4970 353 5056 ,dam
380 4968 520 5076 relicta
546 4970 701 5055 domini
727 4973 882 5056 anundi
909 4975 1049 5058 barala
1075 5007 1169 5077 sun,
1194 4975 1463 5061 Considerans
1495 4979 1669 5071 humane
1696 4976 1949 5067 condicionis
1979 4967 2058 5052 sta·
