4317 5975
675 413 678 425 .
812 411 875 434 ..,.
981 367 1065 472 591¹
1171 409 1240 436 an.

117 585 294 681 iuribus,
321 601 365 670 et
388 582 641 694 pertinentiis
668 567 751 671 suis
778 583 1002 691 apostolica
1032 583 1108 672 tibi
1126 585 1376 683 auctoritate
1389 576 1679 681 conferimus,
1676 602 1733 666 ιι
1758 583 1809 674 de
1838 585 1916 668 illis

115 699 235 780 ctiam
267 694 547 805 providemus.
589 694 633 775 Si
662 711 759 776 ver'o
789 695 899 776 nulla
928 699 1020 780 talis
1052 694 1257 805 prebenda
1287 709 1405 778 vacat
1432 693 1512 776 ad
1516 719 1676 804 presens
1705 702 1746 782 in
1778 697 1927 794 Ecole·,

114 814 173 891 sia
202 808 456 916 supradicta,
489 826 561 905 nos
591 805 836 913 prebendam
866 810 969 890 inibi
1000 812 1218 917 proximo
1232 827 1487 904 vacaturam,
1517 835 1604 936 qne
1646 808 1828 894 similiter
1865 809 1929 891 de,

115 923 219 1012 iure
234 919 337 1002 nulli
364 920 428 1000 alii
456 919 656 1002 'debeatur
685 918 968 1004 conterendam
998 921 1074 1002 tibi
1102 949 1194 1002 cum
1225 923 1456 1016 vacaverit,
1469 921 1592 1008 etlam
1607 948 1640 1002 ιι
1668 922 1926 1010 cumsimilis·

114 1045 273 1116 annexa
303 1033 356 1116 sit
382 1030 532 1115 eidam
538 1027 754 1113 donationi
783 1013 1000 1164 apostolice
1029 1059 1275 1114 reservamus
1303 1030 1563 1117 decernentes
1591 1037 1666 1115 &a
1719 1034 1817 1116 Non
1845 1033 1919 1116 ab·
1940 1129 1943 1146 Ι

114 1155 259 1227 stante.
275 1141 326 1224 de
356 1159 468 1226 cartu
496 1143 834 1230 Canonicoruru
824 1157 994 1224 numero
1022 1147 1097 1224 &c
1125 1159 1197 1224 aut
1229 1146 1261 1225 si
1292 1143 1514 1224 venerabili
1550 1143 1669 1224 fratri
1694 1159 1917 1232 nostro..

113 1256 341 1363 Episcopo,
378 1270 418 1334 et
460 1251 616 1334 dilectis
640 1253 741 1334 liliis
771 1255 963 1363 Capitulo
1009 1254 1275 1362 Lincopensi,
1314 1253 1376 1334 vel
1419 1255 1742 1364 quibuscumque
1778 1255 1919 1343 aliis'a

44 1417 49 1424 -
115 1363 219 1447 Sede
251 1371 303 1444 sit
330 1314 533 1445 indultum
566 1363 767 1492 predicta
795 1364 924 1474 quod
920 1365 985 1447 ad
1016 1369 1292 1492 receptionem
1320 1371 1416 1449 &c
1414 1391 1553 1474 usque
1580 1366 1766 1452 habenda
1795 1368 1847 1446 sit
1876 1368 1930 1448 in·

117 1477 265 1560 nostris
294 1475 459 1558 litteris
468 1479 634 1560 mentio
644 1478 850 1582 specialis,
878 1505 950 1566 sen
977 1478 1131 1586 quad·
1121 1505 1163 1568 m
1193 1475 1371 1560 Ecclesia
1394 1477 1605 1584 Vpsaleasi
1628 1477 1920 1568 Canoniratum
1955 1483 1963 1493 “

115 1604 157 1669 ct
185 1585 456 1696 prehendam,
474 1588 551 1673 cui
580 1587 743 1696 quidem
775 1589 982 1696 prebende
1016 1579 1193 1672 Ecclesia
1201 1587 1487 1696 parrochialis
1516 1586 1567 1668 dc
1594 1587 1732 1696 Tyerp
1761 1605 1822 1670 ast
1850 1617 1921 1670 an·

114 1711 220 1782 nexa
250 1700 428 1780 nosceris
454 1698 658 1796 obtinere,
688 1715 758 1780 aut
785 1702 820 1779 si
848 1728 1014 1808 presens
1040 1725 1126 1780 uou
1155 1699 1280 1782 fueris
1308 1696 1359 1780 aid
1397 1696 1659 1807 prestandum
1697 1699 1747 1782 de
1783 1702 1923 1783 obser·
2038 1757 2041 1765 ·
2090 1728 2093 1738 ·

117 1809 259 1895 randis
287 1812 468 1904 statutis,
495 1826 537 1890 et
565 1797 925 1893 consuetudinibus
954 1811 1111 1921 prefate
1141 1810 1318 1894 Ecclesia
1338 1810 1611 1916 Lincopensis
1634 1807 1829 1890 solitum
1814 1839 1923 1916 Jura-

94 1937 294 2004 mentum
324 1917 586 2001 dummodo
573 1950 616 2000 ιιι
643 1922 824 2002 absentia
853 1938 923 2004 tua
962 1951 1035 2032 per
1062 1927 1367 2021 Procuratorem
1397 1918 1620 2026 ydoneum,
1663 1936 1705 2002 et
1741 1947 1834 2004 cum
1871 1918 1923 2000 ad

117 2031 382 2114 Ecclesiam
371 2059 498 2140 rpsam
535 2033 766 2130 accesseris,
809 2036 1076 2141 corporaliter
1120 2031 1221 2114 illud
1266 2051 1429 2141 prestes.
1487 2033 1573 2112 Nos
1609 2033 1736 2112 cuim
1771 2047 1924 2128 tecum,

116 2143 229 2254 quod
260 2142 490 2223 huiusmodi
520 2142 766 2249 prehendam
795 2145 972 2228 Ecclesia
999 2142 1263 2254 Lincopensis
1291 2159 1502 2253 postquam
1531 2141 1640 2226 illam
1669 2142 1793 2231 fueris
1819 2169 1926 2223 asse-

116 2271 253 2350 cutus,
277 2254 467 2338 etiamsi
477 2253 706 2335 huiusmodi
734 2284 873 2336 curam
901 2257 1088 2336 habuerit
1118 2285 1198 2336 uua
1232 2283 1325 2336 cum
1354 2255 1624 2350 Canonicatu,
1652 2267 1693 2334 et
1717 2251 1926 2360 prebenda

118 2366 294 2448 eiusdem
325 2364 502 2446 Ecclesia
531 2366 569 2444 V
572 2367 762 2474 psaleusrs
788 2385 831 2448 et
861 2368 1105 2476 parrochiali
1135 2367 1309 2448 Ecclesia
1341 2363 1551 2498 predictis,
1594 2366 1800 2446 retinere
1815 2363 1925 2446 licite
2053 2430 2061 2438 .

119 2477 268 2573 valeas,
297 2475 500 2584 generalis
526 2477 719 2572 Concilii,
748 2493 790 2558 et
818 2480 897 2560 alia
926 2482 1070 2588 quavis
1097 2477 1400 2560 Constitutione
1421 2476 1630 2558 continua
1668 2495 1926 2603 nequaquam

21 2587 30 2604 ‘
121 2588 327 2682 obstante,
356 2590 600 2668 auctoritate
629 2539 810 2697 predicta
838 2588 889 2670 de
920 2592 1119 2671 uberioris
1146 2590 1258 2670 dono
1282 2587 1711 2696 gratiedispeusamus.
1757 2584 1926 2678 Proviso

120 2695 233 2810 quod
261 2699 368 2778 dicte
399 2699 604 2828 prebende
632 2716 673 2779 ct
696 2700 871 2781 Ecclesia
898 2700 1164 2810 parrochialis
1187 2698 1323 2780 debita
1344 2701 1537 2810 obsequia
1560 2720 1646 2778 non
1664 2694 1941 2790 fraudantur,

121 2829 161 2892 ct
177 2837 400 2889 ammarum
419 2809 600 2890 Curam
626 2809 765 2890 eadem
796 2812 1001 2919 prebenda
1030 2811 1276 2918 Lincopensi
1304 2811 1336 2890 si
1365 2808 1494 2891 cidem
1527 2809 1708 2904 imineat,
1737 2805 1927 2917 dictaque
2057 2797 2074 2926 ι’

123 2918 366 3050 parrochiali
395 2919 572 3001 Ecclesia
601 2921 832 3003 nullatenus
859 2927 1100 3031 negligatur.
1131 2921 1243 3025 Nulli
1268 2947 1366 3029 ergo
1382 2929 1454 3003 &c
1471 2921 1574 3001 hanc
1589 2919 1774 3028 paginam
1790 2933 1927 3001 nostre

122 3030 382 3127 collationis,
376 3033 637 3139 provisionis
663 3036 980 3130 reservationiss
997 3026 1321 3129 constitutionis,
1343 3049 1383 3113 et
1412 3030 1756 3141 dispensationis
1743 3034 1825 3112 &a
1846 3030 1927 3114 na
1955 3119 1962 3131 ,
1998 3046 2003 3055 ’

121 3160 208 3225 turn
237 3144 280 3223 in
310 3144 494 3236 Prioratu
522 3141 574 3223 de
601 3145 817 3228 Grausello
853 3172 984 3257 prope
1020 3147 1116 3227 Mat.
1160 3145 1377 3269 Vasionen.
1407 3146 1541 3271 Dioc.
1569 3140 1609 3223 X
1636 3140 1729 3225 Kal.
1761 3142 1928 3223 Decem·

60 3334 64 3337 ,
124 3253 209 3337 bris
237 3257 358 3335 Auno
386 3254 554 3357 Quinto.

78 3533 84 3540 Ι
233 3433 281 3513 Iu
309 3430 451 3513 eodem
472 3430 603 3514 modo
631 3430 781 3513 dilecto
810 3430 894 3515 lilio
921 3430 1061 3513 Israeli
1089 3430 1231 3519 Electa
1259 3432 1463 3513 Arosicusi
1480 3436 1553 3515 &a
1574 3428 1833 3519 Theoderico
1852 3428 1930 3537 Sy·

118 3532 256 3648 monis
284 3543 494 3623 Canonico
522 3545 726 3625 Arosiensi
754 3559 802 3622 ut
830 3544 1109 3651 supradictum
1139 3542 1349 3624 Nicolaum
1379 3546 1506 3655 recipi
1534 3560 1574 3627 ιιι
1602 3544 1760 3625 admitti
1782 3541 1931 3623 saciant

127 3653 455 3764 incorporalem
485 3659 776 3765 possessiouem
806 3654 1092 3736 beneficiorum
1122 3654 1384 3763 prefatorum.

139 4041 307 4187 1642.
487 4103 492 4109 ·
761 4040 1006 4187 1309d.
1054 4078 1143 4148 22
1116 3982 1305 4186 Νοι.
1493 3974 1496 3983 1
1494 4037 1932 4191 Grausellum.

140 4219 146 4231 ⁶
211 4228 330 4293 Pdlveri
353 4229 489 4299 Ιδιιιιιιιι
509 4178 565 4290 Vas
587 4178 675 4288 hulla
706 4227 754 4289 till
787 4217 980 4313 arichidlop
1011 4228 1119 4293 Nils
1110 4248 1120 4290 ι
1151 4228 1281 4313 Upsala,
1304 4224 1523 4309 medgilvaude
1554 4219 1674 4297 honam
1705 4223 1857 4307 rattighet
1888 4235 1936 4288 att

222 4314 433 4397 “dispersere
453 4322 499 4373 cll
521 4312 596 4372 visst
615 4308 703 4370 autel
725 4330 875 4397 personer
895 4314 965 4375 lrhu
987 4310 1027 4436 de
1048 4310 1173 4393 hindar,
1194 4332 1262 4375 som
1284 4312 1375 4375 daras
1395 4310 1475 4373 bald
1497 4310 1617 4401 lagga
1608 4333 1619 4372 ι
1641 4319 1735 4392 vagen
1768 4312 1819 4372 [dr
1843 4318 1936 4372 ama·
1958 4312 1967 4329 “

252 4396 353 4478 gande
373 4396 409 4458 el
427 4394 659 4481 prestemha'tet.
738 4418 741 4423 ·

1393 4474 1470 4531 ιιι
1490 4456 1803 4547 mannasses

243 4582 443 4689 Casuras
463 4584 512 4662 V.
535 4578 703 4661 Nicolaa
732 4484 1049 4693 Archiepiscopo
1060 4512 1271 4693 Vpsalensi
1282 4578 1481 4665 indultum
1502 4572 1677 4663 cahccdit
1684 4609 1762 4690 pro
1783 4576 1937 4708 dispeu-

161 4744 165 4747 ·
296 4700 449 4774 satione
476 4696 580 4772 certi
603 4695 762 4772 nunaeri
781 4719 1048 4803 personarum
1073 4724 1103 4776 a
1129 4696 1328 4778 noandum
1354 4690 1518 4797 defectu
1541 4721 1626 4807 pro
1645 4690 1781 4774 Sacris
1815 4691 1938 4769 susci·
1984 4784 1992 4797 ἱ
2077 4755 2082 4761 .

158 4848 164 4885 :
289 4804 446 4915 pz'cadis
471 4790 688 4885 ordinibus.
992 4818 1000 4838 ·

193 4913 451 5107 (intr-:aunssssK
474 4916 548 4997 &c
575 4908 811 5007 Venerabili
839 4908 975 4997 Fratri
1003 4912 1174 5000 Nicolao
1209 4912 1542 5025 Archiepiscopo
1570 4886 1783 5025 Vpsaleusi
1824 4905 1938 4995 Salu-
2012 4991 2018 4999 .

320 5052 383 5105 em
451 5051 484 5107 c.
1895 5092 1899 5101 ,
