4317 5975
2024 8 2118 183 Ὗ

996 413 1054 441 -
1163 370 1259 457 383Δ
1350 418 1409 441 «-

298 598 340 677 in
371 612 575 705 posterum
604 592 655 677 de
682 592 921 677 vendiclone
957 592 1136 703 predicta
1168 593 1303 705 aliqua
1332 594 1572 706 suspicionis
1601 609 1708 675 nota.
1751 593 1875 677 valeat
1899 598 2045 691 suboriri,

298 726 524 817 presentem
554 708 725 789 litteram
754 708 796 788 iu
824 704 1074 787 etridenciam
1115 706 1334 814 pleniorem
1362 708 1564 791 conscribi
1593 702 1759 787 lecimus
1795 708 1844 787 Et
1873 711 1985 819 sigillo
2004 720 2046 799 ci·

230 911 235 923 ι
298 821 435 902 uitatis
464 838 600 901 nostre
628 847 703 899 vua
734 848 825 902 cum
855 817 988 924 sigillo
1015 821 1281 901 conuiuarum
1312 818 1557 901 beatiOlaui
1580 816 1726 901 ibidem
1755 825 1972 905 communiri
1988 827 2046 909 lla·
2115 822 2118 977 l

298 948 383 1015 tum
414 932 589 1043 lincopie
614 958 724 1012 aurio
751 931 904 1015 domitu
933 930 1149 1013 MCCClll.
1191 934 1313 1015 tercia
1343 932 1439 1013 leriu
1470 945 1562 1041 post
1589 928 1827 1011 dominicam
1855 930 2047 1041 palmarum.
2116 984 2118 1037 ς

307 1322 475 1471 1387.
914 1320 1066 1437 1303
1113 1320 1162 1429 d.
1209 1340 1241 1454 Δ
1288 1320 1448 1475 April.
1864 1322 2048 1475 Nyborg.
2117 1238 2118 1265 t

375 1546 510 1629 Kooung
533 1544 843 1610 terminassent
866 1544 944 1607 Brel'
959 1564 1011 1606 om
1034 1542 1219 1631 upprt'ttelse
1251 1546 1300 1607 liir
1320 1542 1549 1627 lrkebislopen
1583 1544 1663 1605 Ysar
1684 1542 1743 1605 oeli
1766 1542 1868 1607 Luods
1887 1546 2048 1631 Domlyrlr,

428 1634 478 1693 [ὃν
499 1632 557 1691 deu
580 1632 689 1691 tortae
710 1630 781 1690 dem
804 1628 962 1707 tilllogatt,
984 1627 1084 1691 under
1106 1628 1169 1693 fid.
1190 1626 1420 1713 lelebislopen
1442 1626 1777 1712 lobausldugeuslwa
1798 1639 1874 1689 unt
1893 1628 2064 1693 lterrttllrn‘

426 1714 480 1777 det
501 1714 539 1777 al
555 1715 646 1775 dem
666 1711 751 1776 tidrc
773 1712 959 1797 privilegiet.
1256 1745 1263 1773 t
1283 1730 1287 1741 ·

1829 1792 1949 1860 urso.

405 1934 554 2013 Eurcus
582 1929 648 2012 dei
677 1930 809 2036 gracia
839 1932 1046 2010 Danorum
1069 1927 1389 2039 Scluuorumque
1416 1930 1503 2011 llex
1533 1930 1730 2010 uniuersis
1751 1946 1947 2039 presentes
1971 1928 2048 2011 tim

294 2072 359 2123 ras
388 2046 628 2152 inspecturis
655 2042 832 2123 Salutem
864 2044 907 2121 iu
937 2040 1104 2121 domino
1132 2041 1416 2148 sempiternam
1448 2040 1575 2122 Vobis
1594 2044 1800 2124 'uniuersis
1841 2059 1880 2122 et
1917 2041 2048 2149 singuli

293 2174 432 2235 tenore
461 2156 709 2264 presencium
740 2156 908 2234 facimus
936 2148 1189 2231 manilestum
1218 2151 1332 2261 quod
1361 2180 1434 2233 uos
1449 2172 1592 2235 vocato
1621 2170 1662 2233 ct
1691 2176 1932 2263 congregato
1957 2180 2047 2261 geue·
2106 2248 2110 2263 υ

291 2268 365 2347 ruli
398 2268 648 2373 parlamento
678 2265 924 2374 prelatorum
955 2263 1183 2371 principum
1208 2262 1405 2345 baronum
1435 2281 1475 2345 et
1504 2264 1675 2347 aliorum
1706 2264 1926 2347 incolarum
1950 2265 2048 2372 Regni

291 2380 418 2457 nostri
447 2375 558 2486 apud
586 2376 746 2486 nyborg
773 2404 897 2485 super
923 2373 1196 2455 satisfactione
1224 2373 1406 2457 facienda
1437 2375 1654 2458 venerabili
1672 2378 1779 2484 patri
1799 2376 2047 2482 domiuoysar·

141 2550 146 2563 ,
291 2515 346 2568 no
375 2489 440 2569 dei
470 2489 606 2595 gracia
633 2488 950 2595 Arcbiepiscopo
988 2482 1174 2567 lundensi
1217 2486 1359 2568 Suecie
1402 2488 1565 2595 primati
1599 2489 1727 2569 electo
1755 2504 1799 2567 et
1825 2490 1976 2571 ecclesie
1997 2514 2047 2566 sue

144 2592 148 2600 ’
187 2697 191 2705 ¹
290 2600 475 2705 lundensi
506 2598 556 2679 de
585 2599 808 2708 priuilegiis
836 2614 877 2679 et
906 2598 1025 2678 bonis
1053 2594 1260 2678 lundensis
1278 2597 1451 2679 ecclesie
1480 2599 1696 2680 subtractis
1732 2598 1860 2681 eidem
1902 2618 2046 2705 tempore

288 2708 513 2821 capciouis‚
540 2710 793 2791 Venerabilis
810 2711 935 2819 patris
951 2708 1104 2789 domiui
1127 2709 1324 2789 lobannis
1350 2710 1555 2818 quondam
1570 2710 1779 2791 lundensis
1808 2710 2047 2818 Arcbiepisco·

238 2899 241 2903 s
288 2825 331 2930 pi
361 2850 408 2903 ac
437 2821 693 2903 libertatibus
721 2823 876 2932 quibus
899 2836 1048 2901 extunc
1076 2820 1231 2934 prelata
1262 2821 1425 2903 ecclesia
1458 2848 1529 2929 per
1560 2838 1699 2929 gentes
1728 2823 2046 2905 nostrosnoscitur

239 3017 249 3034 ‚
286 2934 457 3042 spoliata
487 2934 571 3014 Nec
599 2962 682 3014 non
711 2938 753 3015 iu
783 2933 919 3014 decem
950 2932 1110 3012 milibus
1141 2956 1362 3013 ntarcarum
1404 2934 1497 3042 puri
1539 2936 1697 3042 argenti
1727 2936 1768 3015 in
1798 2934 2046 3018 bonis‘imno

285 3048 438 3128 bilibus
467 3048 508 3126 iu
536 3046 687 3154 quibus
715 3048 956 3126 auctoritate
983 3046 1202 3154 apostolica
1239 3043 1367 3126 cidem
1405 3046 1720 3155 Archiepiscopo
1748 3063 1792 3127 et
1819 3047 2045 3130 ccelesieuo-

266 3161 433 3238 ‘scimur
462 3154 747 3266 condempnati
780 3157 920 3236 habito
949 3155 1153 3264 frequenti
1182 3171 1223 3237 et
1250 3155 1436 3269 diligenti
1463 3170 1639 3238 tractatu
1673 3187 1764 3237 curu
1790 3160 1989 3244 Nobilibus
2005 3157 2045 3234 ri·

285 3272 341 3348 ris
361 3269 622 3351 ‘Christosero
650 3285 692 3347 et
721 3267 964 3374 valdemaro
1007 3267 1203 3346 iratribus
1245 3269 1391 3348 nostris
1425 3283 1466 3348 et
1499 3269 1588 3348 aliis
1617 3269 1812 3378 predictis
1858 3293 2044 3376 eorumque

285 3378 501 3462 accedente
529 3380 696 3461 consilio
724 3398 765 3458 et
793 3407 955 3458 assensu
997 3377 1178 3485 predicta
1229 3379 1440 3486 priuilegia
1483 3378 1612 3460 eidem
1657 3378 1823 3465 domiuo
1865 3407 1996 3492 ysaruo
2016 3391 2043 3455 et

204 3531 208 3537 ,
285 3489 470 3571 lundensi
499 3491 663 3572 ecclesie
691 3493 938 3570 restituimus
967 3489 1249 3598 promittentes
1277 3491 1388 3600 quod
1417 3493 1450 3572 si
1479 3490 1614 3604 aliqua
1649 3493 1726 3574 alia
1757 3497 1935 3604 poterint
1960 3493 2044 3571 iuue-

283 3605 363 3682 niri
392 3603 504 3712 quod
534 3630 616 3682 uon
646 3601 846 3681 credimus
873 3603 960 3709 ipsa
1002 3602 1061 3680 eis
1090 3601 1247 3680 restitui
1290 3603 1479 3686 faciemus
1507 3631 1554 3686 ac
1581 3601 1783 3686 destrvcta
1828 3631 1978 3690 corrosa
2001 3602 2043 3680 iu·

180 3787 186 3793 .
283 3713 388 3794 lecta
422 3715 484 3794 vel
513 3713 822 3823 quomodolibet
853 3711 931 3794 lesa
961 3713 1091 3791 nostri
1117 3739 1236 3792 causa
1265 3714 1299 3794 si
1327 3741 1407 3824 que
1436 3711 1587 3798 luerint
1615 3718 1901 3800 iunouabimus
1926 3713 1972 3796 ad
1997 3713 2044 3792 bc

235 3831 240 3842 “
284 3826 529 3933 ucplacitum
559 3823 782 3906 eorundem
811 3841 993 3934 preterea
1022 3821 1228 3904 libertates
1242 3853 1344 3934 quas
1368 3827 1524 3934 prefata
1538 3827 1704 3910 ecclesia
1733 3846 1776 3910 et
1799 3827 2044 3936 Arcbiepiseo·

282 3965 359 4044 pus
390 3937 450 4016 vel
482 3937 780 4045 predecessores
808 3935 983 4016 eiusdem
1015 3935 1208 4016 hacteuus
1238 3935 1468 4018 lrabuervnt
1497 3955 1538 4019 et
1566 3940 1607 4020 iu
1636 3969 1812 4051 quorum
1830 3938 2043 4052 possession

279 4047 345 4127 vel
378 4053 493 4157 quasi
524 4048 706 4155 predicte
748 4048 954 4156 capciouis
982 4065 1165 4154 ternpore
1194 4049 1420 4146 existebant
1463 4047 1607 4132 eisdem
1652 4055 1900 4137 restituimus
1923 4067 1960 4132 et
1982 4069 2043 4126 set·

148 4182 153 4190 ·
279 4161 368 4238 uari
399 4161 671 4267 promittimus
700 4159 874 4238 illibatas
900 4158 1052 4239 scilicet
1080 4159 1195 4269 quod
1225 4159 1408 4242 homines
1427 4159 1525 4243 dicti
1538 4161 1845 4276 Archicpiscopi
1860 4181 1899 4260 et
1911 4153 2042 4242 ecclesie

280 4267 484 4351 lundensis
514 4271 576 4351 vel
606 4275 730 4368 eciam
760 4270 829 4350 alii
860 4271 903 4350 in
930 4271 1049 4350 bouis
1075 4272 1498 4384 Archiepiscopalibus
1533 4273 1863 4389 residentesque
1891 4272 2042 4376 sturgu

145 4379 150 4403 '
278 4381 328 4461 de
357 4384 623 4464 communiter
651 4381 909 4492 appellantur
944 4410 990 4462 ac
1026 4384 1153 4460 eciam
1195 4381 1342 4462 familia
1386 4387 1510 4494 ipsius
1537 4387 1843 4498 Archiepiscopi
1871 4415 1914 4468 ac
1939 4383 2042 4464 clerut

278 4491 484 4573 lundensis
512 4492 679 4574 diocesis
707 4523 754 4572 ac
783 4495 869 4572 eius
897 4493 1045 4572 familia
1076 4521 1160 4572 non
1198 4497 1239 4575 in
1271 4511 1409 4576 nostro
1451 4524 1518 4577 seu
1557 4498 1637 4580 alio
1665 4500 1838 4592 seculari
1867 4499 1951 4578 loro
1986 4487 2041 4568 niti

278 4621 433 4682 tautum
464 4633 585 4713 super
624 4607 740 4686 terris
785 4603 1038 4685 hereditariis
1081 4603 1158 4685 Sed
1202 4608 1243 4686 in
1274 4601 1555 4690 'eeclesiastico
1598 4637 1721 4719 super
1762 4609 1945 4694 omnibus
1974 4599 2042 4682 aliis

278 4718 453 4819 negociis
481 4734 520 4793 ct
551 4715 716 4798 olleusis
746 4713 1017 4825 respondeant
1046 4733 1087 4795 et
1114 4717 1362 4798 satisfaciant
1377 4715 1428 4802 dc
1442 4717 1587 4802 eisdem
1604 4724 1637 4802 si
1652 4739 1787 4804 tamen
1812 4738 1960 4806 actores
1974 4714 2039 4792 tue

197 4913 205 4920 ι
273 4897 547 4914 Μ

316 4961 341 5036 *)
364 4957 453 5018 suu
475 4983 510 5020 eu
536 4961 714 5022 vidimatioo
737 4959 774 5020 al
790 4957 922 5041 Koouug
944 4957 1039 5038 ttius,
1062 4959 1124 5024 det.
1146 4959 1355 5048 Kllpeobamn
1377 4961 1408 5024 d
1428 4959 1465 5024 r'5
1487 4965 1561 5026 llos.
1587 4964 1674 5028 1500.
