4317 5975
974 444 1031 468 -
1143 397 1223 484 sss
1335 361 1460 484 -,-“

291 591 460 795 1598.
602 619 625 676 ⁹
733 583 737 591 ῃ
821 589 826 606 ⁸
922 632 1074 744 1308
1120 614 1433 778 utsepr.
1539 608 1544 616 ¹
1859 622 2034 780 Sigtma.

240 863 246 888 '
361 856 470 919 Foras
491 855 629 916 Josmous
650 847 943 914 (ifverlitclse-brel
959 852 999 934 pt
1020 861 1066 912 ett
1089 849 1251 913 marllaod
1274 851 1341 934 jord
1363 853 1373 910 i
1395 841 1559 932 wimod
1578 847 1706 930 Sigtuoa
1727 849 1773 909 till
1792 808 2057 940 Upsalalloulyr'·⁴

373 993 386 1009 .›
413 939 467 1015 ka,
488 938 537 997 lb'r
562 956 618 998 100
640 933 727 994 marl
750 935 935 1016 penniogar,
957 936 1063 996 hvillrc
1085 933 1147 997 hau
1171 935 1264 1014 nigra
1288 937 1323 994 ir
1346 934 1483 995 tilllb'rnc
1505 932 1561 992 sau
1585 931 1671 1009 lana,
1685 933 1755 994 med
1777 934 2040 1021 tilllinnagisrmda,

414 1028 460 1084 att
483 1017 544 1080 han
565 1017 735 1104 uppdrcgit
754 1019 798 1078 sio
821 1019 937 1100 ljenarc
958 1017 1120 1099 Agmund,
1144 1026 1190 1079 att
1211 1016 1284 1078 der-a
1307 1018 1389 1098 gilio
1413 1017 1481 1100 laga
1504 1017 1592 1077 fasta.
1817 1095 1846 1153 Β.
1863 1116 1884 1154 x
1901 1101 1937 1170 φ
2043 1071 2048 1079 .

393 1235 593 1317 Omnibus
621 1249 827 1344 presentes
856 1233 1010 1313 litteras
1039 1234 1279 1342 inspecturis
1307 1257 1436 1313 succo
1458 1232 1814 1314 Joussousalutem
1845 1237 1882 1314 in
1910 1233 2043 1322 domino

220 1445 226 1454 ι
280 1349 563 1456 sempiternam
593 1363 735 1426 tenore
763 1346 1015 1452 presencium
1058 1341 1394 1425 certitudinalite'r
1435 1359 1621 1426 constare
1650 1345 1745 1424 volo
1773 1344 1884 1454 quod
1912 1349 2045 1431 ecclesie

280 1451 496 1568 vpsaliensi
525 1485 644 1538 vnam
673 1455 874 1536 marcham
904 1473 1009 1536 terre
1036 1455 1152 1536 soluo
1195 1473 1235 1536 et
1276 1453 1394 1536 trado
1436 1455 1478 1536 in
1515 1455 1608 1562 villa
1639 1455 1753 1562 wiby
1798 1484 1921 1565 prope
1948 1463 2044 1540 sicta*

280 1573 388 1650 niam
417 1597 494 1677 pro
523 1582 683 1648 centum
712 1567 856 1645 marcis
895 1564 1153 1646 denariorum
1182 1565 1329 1648 vsualis
1358 1584 1518 1647 monete
1546 1595 1646 1677 quas
1675 1565 1726 1646 ab
1755 1595 1800 1648 ea
1829 1572 1955 1676 recepi
1982 1599 2047 1652 inu·
2094 1631 2096 1642 t

278 1697 352 1762 tuo
381 1699 473 1764 ante
501 1678 656 1789 aliquot
684 1705 812 1757 annos
840 1679 882 1757 in
911 1681 1081 1786 pecunia
1113 1696 1341 1775 numerata,
1377 1695 1417 1759 et
1446 1679 1540 1758 huic
1568 1677 1765 1757 solucioni
1794 1696 1835 1758 et
1862 1681 2047 1762 tradicioni

227 1848 229 1852 -
263 1810 355 1902 'per
383 1791 630 1898 agmundum
658 1787 852 1868 famulum
880 1817 1012 1868 meum
1042 1787 1214 1870 adhibeo
1253 1792 1448 1871 firmarios
1475 1787 1697 1871 secundum
1742 1791 1848 1897 leges
1876 1793 1993 1899 patrie
2018 1811 2048 1870 et

142 1911 161 1995 ᾗ
279 1899 611 1982 consuetudinem
639 1901 903 2015 approbatam
934 1901 972 1979 in
1003 1903 1118 1981 cuius
1147 1903 1203 1980 rei
1232 1902 1502 1982 testimonium
1552 1898 1724 2005 sigillum
1755 1929 1885 1980 meum
1914 1929 2048 2008 presen-

280 2012 390 2093 tibus
417 2029 476 2092 est
504 2039 725 2126 appensum
755 2014 910 2126 Datum·
934 2013 1105 2093 sictunie
1134 2038 1241 2092 anno
1270 2012 1422 2095 domini
1449 2009 1660 2093 Millesimo
1695 2012 1815 2091 CCC⁰
1852 2013 1962 2090 Vlll⁰
1988 2030 2049 2091 ter·

278 2124 342 2208 cio
366 2150 499 2220 ¹nonas
527 2122 780 2232 septembris,

272 2565 456 2722 '1599
521 2475 527 2486 ‘
587 2668 590 2673 Α
935 2561 1076 2673 1308
1123 2561 1171 2666 d.
1218 2578 1250 2692 4
1296 2557 1408 2665 Oct.
1507 2699 1513 2724 Ι
1791 2555 2051 2703 Eriltsberg,

358 2781 503 2847 Astraia
524 2782 635 2844 Joaaus
655 2799 786 2843 porrum
807 2780 1071 2844 testamentorisla
1092 2775 1267 2862 anordoiog'
1286 2784 1324 2844 af
1340 2779 1581 2867 Hagbcrdatorp
1602 2778 1647 2842 till
1669 2780 1832 2844 Gudbems
1854 2781 1980 2856 kloster,
1998 2789 2055 2839 sant
2111 2765 2115 2850 l

414 2887 452 2927 ro
473 2865 563 2928 mark
585 2865 633 2927 till
655 2863 755 2927 Siara
775 2863 950 2946 domtyrka
972 2863 1033 2927 och
1054 2867 1101 2929 till
1122 2868 1189 2932 Jsta
1211 2866 1311 2950 kysla
1333 2866 1394 2928 lila
1416 2886 1547 2927 summa.
1773 2944 1799 2999 A
1827 2947 1844 3000 3
1873 2942 1888 2999 ἃ
1915 2947 1941 3011 η
2113 2973 2115 3045 A

385 3084 437 3164 Jn
465 3083 629 3165 nomine
657 3083 783 3192 patris
810 3098 852 3163 et
879 3080 953 3190 filij
993 3099 1034 3163 et
1074 3085 1241 3191 spiritus
1277 3086 1426 3182 sancti,
1468 3109 1595 3163 amen.
1652 3085 1772 3161 Anno
1817 3080 1975 3162 domini
2000 3082 2054 3162 ll'.

274 3195 413 3277 CCC'.
442 3196 573 3275 VIIl⁰.
601 3195 646 3301 jn
674 3210 785 3275 sexta
813 3193 913 3276 seria
942 3195 1124 3303 proxima
1156 3214 1247 3305 post
1262 3196 1367 3277 diem
1399 3194 1506 3277 beati
1534 3193 1749 3289 michaelis,
1779 3194 1872 3303 Ego
1901 3216 2056 3275 ausurus
2112 3190 2115 3293 l

274 3330 467 3387 Jouaums
496 3330 722 3386 mussona
752 3323 884 3386 mente
911 3322 952 3386 et
980 3333 1154 3414 corpore
1183 3308 1229 3414 jn
1257 3310 1462 3416 presencia
1479 3304 1631 3387 domini
1650 3302 1854 3385 benedicti
1886 3302 2056 3413 prepositj
2113 3306 2115 3357 ³

205 3504 209 3509 ,
272 3418 488 3513 scarensis,
518 3418 561 3523 jn
590 3417 839 3525 erexbiaergh
868 3419 1105 3521 constituta,
1133 3418 1253 3497 saluti
1282 3420 1404 3498 animi
1430 3444 1515 3497 mee
1537 3416 1675 3496 volens
1703 3415 1924 3498 salubriter
1948 3416 2056 3525 praui
2114 3418 2115 3469 i

275 3528 392 3621 dere,
419 3528 471 3629 de
500 3527 619 3607 bonis
647 3528 745 3608 mihi
771 3556 795 3607 a
823 3525 901 3607 deo
928 3526 1085 3607 collatis
1127 3544 1405 3609 testamentum
1450 3552 1577 3608 meum
1612 3526 1745 3607 condo
1774 3527 1831 3635 jn·
1854 3528 1965 3607 hunc
1992 3552 2055 3605 mo
2113 3530 2115 3619 l

274 3636 392 3734 dum,
421 3636 608 3719 videlicet
635 3636 747 3748 quod
775 3640 818 3719 in
846 3638 986 3747 primis
1013 3636 1069 3717 do
1088 3655 1129 3720 et
1145 3640 1236 3747 lego
1265 3640 1904 3720 monasteriosanctimonialium,
1922 3634 2057 3746 ingod-

178 3846 182 3857 ἱ
272 3748 365 3829 bem
395 3748 465 3829 vbi
493 3750 599 3857 eligo
625 3749 891 3857 sepulturam,
933 3750 1087 3830 curiam
1131 3778 1259 3838 meam
1288 3750 1332 3858 jn
1361 3750 1725 3858 hagbarttaethorpe
1766 3778 1863 3831 cum
1894 3749 2057 3828 omnibus

270 3860 398 3941 bonis‘
417 3860 635 3942 mobilibus
662 3878 703 3943 ct
730 3861 1002 3943 immobilibus
1036 3877 1079 3940 et
1126 3863 1269 3943 ceteris
1304 3860 1481 3942 eiusdem
1523 3862 1633 3943 curie
1678 3862 1946 3969 pertinenciis
1971 3864 2057 3941 intra

272 3998 388 4081 sepes
413 3988 457 4053 et
484 3991 618 4068 extra,
653 4001 776 4082 quam
804 3973 891 4053 iure
919 3970 1162 4055 hereditario
1191 3972 1384 4054 defuncto
1425 3973 1508 4053 lilio
1537 4000 1625 4054 meo
1653 3972 1903 4083 ingimundo
1944 3970 2058 4081 aequi

211 4122 214 4125 ⁴
271 4082 363 4191 siuj.
391 4084 478 4164 llac
505 4082 743 4164 condicione
769 4081 977 4175 videlicet,
1018 4080 1130 4193 quod
1158 4081 1326 4165 habeam
1353 4082 1606 4167 usufructum
1634 4082 1740 4167 dicte
1766 4088 1887 4167 curie
1917 4082 1968 4164 ad
1991 4082 2058 4162 dics

272 4222 401 4291 meos,
429 4194 494 4276 Me
522 4222 621 4274 vero
646 4192 861 4290 defuncta,
895 4192 1030 4276 eadem
1060 4195 1175 4276 curia
1204 4192 1256 4277 ad
1283 4192 1436 4282 dictum
1479 4197 1762 4279 monasterium
1806 4196 2057 4289 deuoluatur,

186 4347 197 4361 ·
272 4308 376 4387 item
404 4305 460 4387 do
487 4322 530 4385 et
558 4306 649 4411 lego
674 4305 841 4388 ecclesie
867 4302 984 4387 beate
1011 4306 1179 4412 virginis
1197 4308 1335 4388 scaris
1363 4306 1417 4389 ad
1445 4306 1661 4405 fabricam,
1704 4307 1846 4392 decem
1878 4308 2057 4399 marchas,

115 4459 119 4467 1
169 4416 173 4422 ’
271 4414 449 4500 Ecclesie
476 4415 521 4523 jn
548 4416 669 4496 ialum
694 4416 759 4497 .X.
783 4417 1046 4498 marchasad
1075 4418 1270 4499 fabricam
1301 4420 1366 4503 uel
1389 4436 1595 4518 ornatum,
1632 4418 1793 4517 volens,
1830 4438 1877 4500 vt
1907 4422 2058 4531 quicun-

198 4617 202 4627 ,
271 4554 354 4638 que
381 4553 547 4635 presens
573 4542 854 4622 testamentum
882 4555 1057 4626 cassare,
1086 4528 1283 4637 impedire
1311 4530 1377 4611 uel
1405 4529 1631 4639 infringere,
1657 4532 1945 4641 temptauerit,
1971 4526 2058 4609 diui·

270 4663 367 4720 nam
394 4639 546 4721 senciat
572 4638 790 4737 alcionem,
824 4638 963 4725 Testes
989 4657 1123 4723 autem
1151 4642 1226 4752 qui
1252 4641 1345 4723 huic
1373 4642 1460 4723 mac
1487 4641 1741 4725 ordinacioni
1782 4642 2063 4737 interfuerunt,

564 4794 571 4840 ι
1871 4767 1968 4834 suut

310 4962 336 5041 ⁶)
357 4918 407 5045 lli
423 4980 463 5022 eo
483 4958 524 5021 as
539 4958 650 5045 Biskop
670 4958 805 5046 uranon
821 4961 831 5025 i
852 4960 953 5028 Siata
974 4961 1146 5029 vitimand
1167 4960 1301 5045 alslrill,
1320 4962 1357 5026 cl
1373 4960 1405 5031 ἀὲ
1430 4982 1465 5025 ιο
1487 4958 1580 5070 liebr.
1606 4962 1693 5025 1311.
