4317 5975
806 378 899 467 ··’
975 407 1058 516 iss
1168 364 1238 472 ’ἕ

117 623 299 722 stdsoro,
329 624 404 705 Dei
433 625 567 733 gracia
596 622 714 707 ducis
737 622 953 708 Hallandie
980 644 1022 709 et
1049 629 1228 737 Samsoy.
1268 626 1530 711 Nos'Emcus
1558 643 1598 710 et
1620 626 1919 711 Wrnntuanus

117 736 260 819 cadem
291 740 425 845 gracia
455 739 589 818 Duces
617 735 811 828 Sveorum
841 736 949 847 apud
988 742 1138 821 curiam
1183 742 1375 850 Motborp
1406 740 1688 849 placitaciones
1731 768 1919 849 compro·

11 855 12 858 ‘
102 850 298 931 misimus
325 866 367 928 et
395 846 730 932 concordavimus
758 851 1001 931 unanimiter
1028 853 1070 931 in
1100 853 1208 949 bunc
1245 852 1418 935 mudum.
1475 854 1674 962 Imprimis
1710 850 1917 944 videlicet,
1944 934 1947 941 ,

55 973 57 978 '
116 959 227 1072 qvod
256 959 427 1071 qviiibet
452 977 635 1042 nostrum
671 959 838 1041 alterius
881 960 1085 1069 juvamine
1122 964 1314 1073 qvamdiu
1353 964 1516 1063 vixerit,
1554 966 1769 1046 efficaciter
1796 963 1918 1047 debet

114 1071 393 1180 congaudere,
421 1089 463 1153 ct
483 1074 598 1171 ,inter
634 1072 764 1179 ipsum
802 1071 1009 1153 dominum
1053 1073 1205 1154 ducem
1240 1077 1536 1156 Christolorum
1567 1092 1608 1156 ct
1635 1105 1709 1157 nus
1738 1077 1917 1156 amicicia

113 1185 290 1280 stabilis,
318 1187 473 1265 sincere
502 1184 681 1264 caritatis
709 1184 808 1263 unio
838 1203 878 1265 et
908 1212 1001 1264 vera
1030 1184 1250 1266 concordia
1280 1214 1302 1265 a
1333 1188 1452 1267 modo
1496 1188 1617 1269 debet
1646 1216 1730 1267 csse
1757 1188 1917 1295 se'nrper

12 1287 17 1297 ’
114 1295 332 1377 affectibus
360 1292 570 1377 duratura.
598 1293 765 1402 Singule
792 1322 953 1406 qvoqve
982 1292 1200 1395 discordie,
1230 1300 1522 1395 controversie,
1553 1300 1585 1379 si
1615 1327 1692 1408 qve
1722 1301 1916 1379 internos

55 1414 82 1423 ”
114 1409 311 1489 hactenus
339 1407 505 1488 suborta
534 1406 718 1505 lucrant,
750 1409 970 1516 exstirpate
998 1408 1050 1487 de
1079 1426 1226 1491 caetero
1255 1409 1502 1499 debentesse
1531 1428 1570 1489 et
1600 1406 1762 1517 penitus
1789 1410 1916 1489 sufin-

113 1537 213 1600 cate.
244 1522 335 1601 Nos·
357 1519 492 1629 itaqve
521 1518 665 1599 Ericus
690 1536 732 1599 ct
758 1520 1045 1629 Waldemarus
1074 1524 1344 1629 promittimus
1373 1519 1501 1631 qvod,
1533 1522 1609 1629 ipsi
1626 1521 1791 1601 domino
1819 1522 1921 1601 duci‘

111 1631 366 1711 Christoioro
393 1646 435 1710 et
459 1632 542 1710 suis
584 1628 740 1728 liberis,
783 1630 958 1713 fideliter
999 1634 1259 1729 assistemus,·
1290 1633 1526 1741 adjuvantes
1565 1632 1743 1713 eundem
1772 1650 1914 1713 contra
1990 1646 2002 1715 ’,
2101 1615 2105 1625 ’

112 1743 321 1825 dominum
353 1768 487 1849 regem
518 1743 641 1822 Dacie
669 1741 836 1823 fratrem
865 1771 1003 1839 snum,
1033 1746 1075 1824 in
1103 1743 1316 1825 dextrariis
1345 1743 1649 1855 qvadringentis
1686 1744 1913 1852 specialiter
1969 1772 1972 1781 ·

107 1855 241 1935 eidem
271 1853 438 1936 domino
467 1850 561 1935 duci
590 1853 845 1935 Christoioro
875 1872 915 1934 et
944 1854 1045 1935 nulli
1074 1856 1163 1952 alii,
1207 1854 1257 1936 ad
1288 1866 1478 1937 coronam
1508 1858 1621 1964 regui
1655 1854 1778 1935 Dacie
1806 1854 1914 1934 obri-

110 1963 283 2047 neudam
313 1964 460 2046 auxilia
489 1983 578 2045 toto
606 1968 818 2047 conamine
848 1968 1111 2075 porrigentes.
1170 1967 1267 2049 Item
1299 1970 1569 2077 promittimus
1597 1965 1707 2077 qvod
1747 1968 1914 2076 placita-

108 2080 245 2159 ciones
274 2104 345 2157 sen
373 2092 535 2185 treugas
563 2105 654 2158 cum
686 2078 900 2188 praedicto,
941 2079 1051 2185 Rege
1094 2080 1215 2159 Dacie
1251 2080 1337 2159 sine
1378 2106 1575 2158 consensu
1607 2084 1729 2185 ipsius
1758 2077 1912 2158 domini
2019 2163 2022 2173 Δ
2137 2140 2139 2147 ,

108 2192 236 2270 Ducis
265 2189 496 2269 nullatcnus
536 2191 736 2288 ineamus,
780 2193 923 2271 necin
959 2191 1095 2301 aliqva
1123 2194 1210 2272 sine
1238 2193 1315 2270 isto
1343 2189 1681 2272 concordabimus
1724 2218 1813 2271 cum
1844 2216 1912 2270 εο-Ι

110 2300 213 2381 dem.
241 2304 440 2381 Praeterea
465 2300 665 2381 inSeania
694 2302 756 2385 vel
786 2306 827 2383 in
856 2302 943 2382 aliis
973 2302 1070 2383 loeis
1099 2303 1175 2382 sibi
1204 2305 1319 2411 aptiS,
1351 2304 1421 2383 ubi
1451 2302 1660 2384 commode
1674 2303 1910 2410 poterimus,
1958 2382 1960 2387 ,
2081 2334 2082 2339 ’

107 2416 240 2520 ipsum
285 2411 492 2493 dominum
530 2415 680 2493 Ducem
723 2412 944 2496 secundum
973 2416 1198 2497 consilium
1242 2433 1423 2494 nostrum
1468 2417 1563 2493 3um
1604 2440 1725 2521 super
1771 2412 1909 2493 castris

107 2524 392 2633 adjuvabimus
420 2524 709 2608 construendis.
738 2527 838 2606 Item
869 2527 909 2608 in
942 2528 1206 2607 inchoacione
1248 2552 1393 2633 guerre
1429 2524 1645 2621 mouenda,
1689 2551 1910 2634 qvamcun·

108 2663 189 2749 qve
216 2652 365 2728 terram
395 2638 518 2715 Dacic
547 2637 698 2718 scilicet
726 2635 908 2717 Scaniam
937 2637 1000 2715 vel
1032 2638 1205 2747 aliqvam
1236 2639 1352 2717 aliam
1384 2635 1529 2717 ibidem
1561 2638 1910 2717 sitam-intraveri·

100 2776 200 2829 'mus
227 2744 479 2829 devastando
507 2749 571 2827 vel
601 2748 829 2829 incendium
861 2748 1066 2846 faciende,
1096 2778 1170 2829 nos
1199 2751 1274 2857 ipsi
1304 2748 1422 2827 nobis
1450 2766 1489 2827 et
1518 2751 1663 2827 nostris
1692 2746 1910 2827 decadem

74 2851 79 2865 ’
106 2877 236 2955 terra,
263 2858 392 2940 donec
420 2858 587 2939 domino
615 2860 870 2960 Christoforo
913 2860 1127 2969 subjugata
1156 2861 1298 2957 fuerit,
1345 2859 1645 2967 providebimus
1673 2860 1716 2939 in
1746 2858 1908 2966 Expen-

104 2973 170 3054 sis.
201 2971 245 3051 Si
273 2999 370 3053 vero
399 2970 532 3082 aliqva
561 2989 759 3053 terrarum
789 2974 913 3053 Dacia
941 2974 1110 3081 praelato
1140 2972 1304 3055 domino
1335 2973 1428 3052 duci
1453 2968 1530 3054 lide
1552 2972 1673 3078 digne
1702 2970 1907 3052 adhaerere

59 3120 64 3130 ’
101 3085 300 3183 voluerit,
339 3086 425 3193 ipse
455 3083 642 3165 dominus
678 3082 776 3166 dux·
792 3101 929 3193 postea
967 3085 1086 3165 nobis
1114 3103 1153 3166 et
1182 3089 1327 3166 nostris
1373 3085 1618 3196 seqvaeibus·
1641 3085 1681 3161 in
1711 3109 1906 3189 expensa·

11 3251 16 3262 ·
102 3225 194 3276 rum
224 3196 455 3277 necessariis
487 3196 734 3301 praevidebit.
766 3198 867 3276 Item
895 3198 929 3276 si
956 3194 1008 3274 ad
1040 3198 1187 3281 bellum
1220 3195 1426 3314 publicum
1457 3193 1648 3276 devenire
1673 3197 1905 3300 contigerit,
1971 3282 1975 3288 ,
2087 3218 2089 3224 ·

104 3309 215 3403 etin
245 3306 386 3388 eodem
419 3307 529 3387 bello
558 3312 609 3390 de
637 3310 784 3389 nostris
814 3310 1053 3390 adversariis
1096 3310 1251 3417 aliqvos
1292 3309 1508 3416 captivari,
1551 3305 1723 3416 qviiibet
1750 3325 1906 3386 nostro·

17 3465 22 3471 ·
103 3445 197 3500 rum
227 3401 513 3528 praedictoruni
544 3420 764 3501 meandum
794 3419 1063 3528 pluralitatem
1095 3447 1379 3528 personarum,
1422 3447 1521 3529 qvas
1560 3415 1700 3513 babet,
1744 3419 1906 3525 partici-

104 3546 176 3640 pet
204 3530 255 3610 de
285 3529 665 3641 eisdemasimiliter
692 3535 818 3639 eciam
847 3528 897 3612 de
926 3534 1068 3612 castris
1098 3533 1365 3639 intelligatur,
1407 3532 1441 3609 si
1470 3557 1543 3639 per
1573 3557 1645 3608 nos
1674 3527 1806 3638 aliqva
1836 3528 1907 3608 de-

102 3643 210 3725 victa
241 3641 413 3744 luerint,
441 3644 551 3752 capti
581 3645 622 3722 in
651 3643 799 3723 eisdem
828 3646 969 3723 castris
998 3646 1308 3752 participentur,
1323 3645 1427 3722 sicut
1458 3645 1581 3750 prius.
1612 3641 1713 3721 Item
1742 3641 1908 3721 inchoa-

99 3754 217 3834 ciune
246 3776 390 3862 gverre
419 3751 747 3851 eidem'domino
774 3755 1027 3834 Christoforo
1057 3771 1257 3834 trecentas
1288 3753 1468 3832 marchas
1497 3755 1590 3860 puri
1620 3753 1774 3860 argenti
1797 3779 1905 3832 eom-¹

98 3865 260 3945 mittere
290 3893 363 3945 nos
391 3879 565 3972 oportet.
593 3868 790 3945 Praeterea
819 3867 852 3944 si
883 3865 1118 3972 praedictum
1148 3866 1290 3944 ducem
1336 3861 1547 3943 Hallandie
1575 3859 1625 3942 de
1653 3865 1795 3944 eastris
1823 3867 1905 3944 suis

99 3993 143 4058 et
170 3978 257 4056 aliis
287 3975 404 4057 bonis
434 3978 475 4054 in
508 3978 631 4056 Dacia
661 3978 766 4073 sitis,
801 3977 910 4087 qvod
942 3979 1050 4055 Deus
1079 3992 1234 4059 avertat
1265 3974 1463 4082 proscribi
1491 3977 1713 4081 contingat,
1742 3972 1793 4053 ad
1824 3991 1906 4054 ter·

95 4115 165 4169 ras
192 4090 308 4196 regni
338 4089 466 4168 nostri
494 4104 537 4167 ct
565 4105 695 4167 castra
725 4091 767 4166 in
803 4089 1051 4196 possessione
1098 4105 1234 4168 nostra
1263 4103 1304 4166 et
1333 4085 1514 4167 dominio
1541 4087 1757 4167 existeneia
1789 4085 1905 4166 dum·
1941 4088 1974 4141 '-

10 4231 16 4241 ·
99 4199 224 4311 'modo
252 4200 498 4280 sufficienter
532 4219 720 4280 caveatur
750 4227 801 4278 ne
828 4197 945 4279 dolus
988 4201 1106 4280 nobis
1147 4202 1398 4310 aliqvatenus
1440 4196 1692 4294 intendatur,
1736 4197 1917 4278 liberum'

97 4339 300 4392 accessum
329 4312 492 4408 babeat,
521 4309 663 4393 fraude
691 4311 874 4421 qvalibet
905 4312 1047 4418 procul
1079 4321 1207 4407 mota,
1231 4309 1378 4391 'eidem
1409 4309 1573 4408 domino
1603 4310 1697 4391 duci
1725 4311 1905 4391 Christo-

99 4423 193 4505 foro
223 4441 399 4505 castrum
428 4421 632 4503 Lothosiae
674 4421 735 4502 vel
766 4424 944 4528 Engellis
986 4418 1214 4533 specialitdr
1252 4425 1519 4530 assignantes,
1562 4451 1640 4502 una
1676 4423 1767 4502 c'um
1797 4421 1907 4500 mille

28 4541 37 4549 ’
99 4536 276 4617 marchis
303 4535 559 4617 denariorum
599 4551 768 4614 monetae
810 4535 947 4617 Svecie
984 4534 1322 4616 inlraduodecim
1352 4538 1622 4642 septimannas
1650 4562 1669 4612 a
1700 4531 1784 4626 die,
1827 4563 1906 4643 qva

98 4647 206 4739 idem
234 4661 408 4727 castrum
440 4647 638 4755 receperit
667 4647 919 4752 integraliter
949 4647 1245 4756 persolvendis,
1275 4673 1375 4754 qvos
1405 4648 1528 4725 eciam
1557 4645 1737 4726 redditus
1768 4645 1904 4726 liberis

98 4762 182 4840 suis
211 4776 252 4838 et
275 4759 547 4838 'servientibus
577 4760 871 4866 promittimus,
905 4761 936 4839 si
963 4762 1038 4867 ipsi
1068 4757 1234 4838 domino
1263 4755 1377 4851 duci,
1407 4755 1514 4865 qvod
1545 4760 1664 4852 absit,
1718 4759 1904 4836 humani·

99 4888 170 4952 tus
195 4870 294 4981 qvid
323 4870 552 4975 contingat,
580 4867 802 4966 exulando,
832 4898 1044 4980 quousqve
1072 4871 1129 4948 eis
1158 4872 1199 4948 in
1226 4870 1347 4947 Dacia
1378 4867 1482 4946 bona
1500 4869 1570 4947 sua
1597 4897 1813 4977 procurare
1831 4895 1904 4978 po·

97 4985 265 5087 terimus
281 4979 528 5061 'rehabenda
557 4976 805 5089 placitando.
835 4982 936 5062 Item
956 4983 989 5061 si
1006 4981 1129 5090 aliqvi
1145 4979 1195 5061 de
1209 4979 1358 5108 familia
1372 4977 1551 5088 ejusdem
1570 4980 1900 5089 ingratitudinem
