4317 5975
642 465 815 571 ·...Q
921 491 974 594 87
1083 463 1142 553 ..ss

74 736 155 806 rum,
180 705 286 787 beati
317 702 479 813 Nicolaj
515 704 731 802 Pontificis,
774 704 985 791 beatarum
1024 694 1227 791 Katerine
1263 724 1305 788 et
1344 706 1571 817 Margarete
1617 707 1840 817 virginum,

70 825 164 904 beate
189 817 318 898 Marie'
340 814 577 924 Magdalene
604 818 742 909 indie
770 816 1037 901 dedicationis
1079 820 1207 928 ipsius
1249 818 1398 917 altaris,
1440 821 1584 905 autin
1613 823 1846 901 anniuersa-

68 934 121 1041 riJ's
137 928 308 1012 eiusdem
336 927 418 1036 diej
446 956 565 1010 causa
594 929 822 1011 devotionis
850 933 1101 1028 accesserint,
1130 945 1215 1009 aut·
1241 929 1317 1039 quj
1360 930 1559 1039 prelibato
1599 930 1733 1039 Altarj
1766 958 1846 1041 pro

68 1046 129 1128 suis
152 1042 394 1122 ornamentis
423 1040 691 1122 luminaribus
719 1040 783 1123 vel
812 1041 903 1150 alijs
932 1045 1013 1125 suis
1042 1042 1279 1149 necessarijs
1307 1070 1449 1122 manus
1465 1046 1716 1151 perrexerint
1730 1037 1845 1124 adiu·

67 1158 170 1251 trices,
197 1152 340 1233 autin
367 1153 556 1233 extremis
587 1153 818 1235 laborantes
859 1157 1076 1265 quicquam
1120 1180 1287 1233 suarum
1331 1152 1554 1261 legaverint
1594 1154 1845 1236 facultatum.
1945 1187 1948 1191 ·
2071 1248 2082 1259 ¹
2138 1158 2144 1165 ⁴

8 1311 9 1367 t
67 1269 129 1349 Nos
154 1263 202 1345 de
230 1261 520 1371 omnipotentis
549 1264 627 1372 Dej
660 1265 964 1365 missericordia,
994 1286 1034 1349 et
1062 1266 1275 1347 beatorum
1303 1264 1414 1371 Petrj
1441 1283 1482 1344 et
1518 1265 1636 1372 Paulj
1669 1270 1846 1375 Aposto-

8 1374 9 1430 3
67 1380 170 1461 lorum
197 1376 287 1483 ejus
315 1376 557 1456 auctoritate
585 1377 725 1457 conlisi
760 1376 943 1485 singulij,
972 1378 1153 1485 singulas
1190 1373 1347 1455 dierum
1382 1374 1660 1484 qradragenas
1696 1379 1746 1459 de
1783 1380 1846 1459 in·
1962 1457 1965 1462 .

67 1490 185 1570 iunctis
211 1486 293 1595 sibj
322 1487 575 1596 penitentijs,
617 1485 839 1568 dum'modo
882 1504 1099 1570 consensus
1141 1486 1344 1594 diocesanj
1384 1485 1437 1566 ad
1464 1485 1508 1567 id
1536 1491 1759 1587 accesserit,
1801 1492 1846 1570 iu

66 1601 201 1683 domino
229 1596 544 1679 misericorditer
571 1598 809 1680 relaxamus.
866 1603 918 1681 Jn
954 1600 1071 1710 cujus
1110 1600 1170 1708 rej
1206 1599 1491 1678 testimonium,
1528 1626 1697 1707 -presens
1747 1604 1846 1681 scri·

65 1729 152 1823 ptum
182 1709 418 1819 Sigillorum
440 1727 673 1793 nostrorum
702 1711 924 1791 Munimine
967 1712 1155 1791 duximus
1197 1707 1486 1791 roborandum.
1529 1713 1679 1791 Datum
1721 1713 1847 1791 Rome

22 1920 26 1929 Ι
63 1821 136 1902 ldus
160 1820 395 1901 Decembris
423 1825 545 1903 Anno
585 1823 745 1901 Domini
782 1821 1228 1905 .M⁰.CC⁰.LXXX'.IX.
1266 1821 1528 1903 pontificatus
1572 1823 1744 1932 Dominj'
1774 1824 1846 1905 Ni·

64 1930 145 2041 colaj
170 1936 279 2043 Pape
306 1933 388 2011 llll
415 1960 524 2014 anno
553 1931 750 2015 Secundo.
1326 1943 1329 1948 '

264 2073 409 2157 sigillent
431 2094 461 2155 a,
482 2073 513 2153 5,
535 2072 566 2156 8,
587 2094 608 2158 9
628 2076 639 2136 i
661 2072 732 2135 rb'dt
762 2094 819 2135 vax
841 2073 862 2135 b
882 2073 960 2135 rb‘da
985 2073 1044 2136 och
1067 2073 1138 2155 gula
1160 2073 1369 2155 sillestradar,
1393 2075 1500 2156 fiores,
1522 2075 1616 2158 negot

669 2154 827 2237 ¹skadade3
849 2156 888 2220 dc
909 2158 1009 2241 abiga
1031 2158 1213 2220 bortfallua.
1303 2246 1306 2249 g
1651 2164 1653 2173 '

74 2663 214 2771 1009.
376 2748 384 2755 ,
577 2566 581 2573 ¹
672 2626 917 2775 128'9d.
975 2667 1041 2773 19
1088 2628 1237 2768 Deo..
1504 2561 1521 2683 s
1622 2548 1632 2705 i
1701 2625 1848 2731 Rom.
1966 2746 1969 2750 ἵ
2044 2626 2051 2641 ’

128 2845 235 2908 Pliten
264 2824 419 2905 Nicotaus
441 2842 518 2907 ths
535 2798 701 2907 Skiilvelse
724 2848 770 2909 till
793 2849 943 2929 Bislopen
966 2849 976 2907 i
998 2846 1163 2929 Strengnlis
1183 2852 1241 2911 orn¹
1262 2849 1314 2910 det
1339 2847 1380 2927 pt
1408 2845 1542 2925 Konung
1574 2844 1681 2923 Magni
1712 2844 1848 2927 begaeau

171 2926 327 3011 beviljade
348 2918 657 3009 gissermalstillstlnd
678 2930 728 2994 fb‘r
750 2930 859 3016 Helge,
882 2932 1072 3011 Kooungens
1090 2932 1284 3011 ausdrvaudt,
1307 2932 1368 2993 och
1389 2930 1485 2992 Ro'rik
1507 2930 1694 3011 Birgersson.

1308 3079 1339 3134 F.
1359 3097 1382 3131 1.
1399 3076 1456 3146 334.
1475 3075 1529 3130 Au.
1546 3095 1571 3132 a.
1587 3075 1637 3145 Ep.
1653 3077 1714 3148 699.

153 3215 346 3295 Nicotaus
374 3215 446 3295 IV.
478 3219 652 3296 instante
675 3219 786 3324 Rege
816 3218 965 3298 Suetiae
994 3216 1274 3324 Stranginensi
1306 3215 1502 3325 Episcopo
1529 3217 1741 3294 committit
1772 3213 1860 3293 dis-'

231 3331 507 3434 perorationem
536 3356 563 3406 a
580 3325 659 3421 ,dm
695 3329 1066 3442 Consangrtirritatis
1102 3330 1239 3434 gradu
1271 3356 1347 3437 pro
1380 3327 1643 3407 Matrimonio
1683 3325 1850 3406 ineundo

238 3443 346 3516 inter
375 3435 586 3542 Halglram
614 3441 721 3546 Regi
747 3449 1091 3548 consanguineam,
1124 3468 1173 3519 aa
1201 3442 1393 3519 Roricum
1426 3439 1592 3545 Birgeri
1624 3435 1850 3548 Upsalensis

239 3549 453 3628 Dioecesist

149 3690 341 3771 Nicolaas
379 3695 451 3805 &a
481 3693 710 3773 Venerabili
737 3694 884 3772 Fratri
911 3752 919 3773 .
949 3750 959 3771 .
990 3752 999 3774 .
1029 3751 1038 3772 .
1069 3691 1265 3803 Episcopo
1281 3692 1557 3798 Stranginensi
1583 3647 1763 3772 Salutem
1777 3693 1850 3780 &a
1944 3784 1950 3801 ί

155 3829 256 3911 Cum
288 3857 465 3928 summus
493 3831 682 3912 Pontifex
710 3832 867 3912 collatis
895 3833 971 3914 sibi
1007 3835 1049 3912 in
1088 3861 1259 3940 persona
1302 3835 1415 3913 Beati
1456 3833 1566 3912 Petri
1593 3831 1646 3911 ab
1675 3859 1736 3927 eo,
1780 3833 1853 3941 qui
1985 3887 1990 3896 -

66 3958 182 4022 eterna
209 3941 468 4049 providentia
499 3942 659 4021 celestia
690 3943 820 4039 simul,
850 3961 890 4022 et
919 3962 1054 4024 eterna
1091 3946 1274 4052 disponit
1313 3943 1495 4025 clavibus
1531 3944 1662 4050 Regni
1698 3943 1853 4023 celestis

63 4047 193 4158 ligandi
222 4052 408 4134 obtineat
437 4053 702 4159 pontificium,
731 4071 772 4135 et
799 4053 991 4135 solvende
1019 4075 1328 4165 nonnumquam
1359 4083 1483 4162 supra
1514 4055 1576 4133 ius
1605 4054 1655 4133 de
1677 4054 1766 4131 iure
1791 4052 1852 4133 di·

63 4188 232 4269 spensans
262 4165 512 4244 necessitatis
542 4165 746 4244 vinculum
775 4191 861 4275 quo
890 4163 942 4244 ad
970 4167 1095 4273 ipsius
1138 4169 1237 4246 iuris
1281 4166 1579 4249 observantiam
1620 4165 1757 4244 cuncti
1794 4180 1853 4243 te·

63 4292 206 4371 nentur,
236 4273 349 4354 laxat
372 4273 542 4383 provide
570 4275 621 4355 de
649 4304 720 4356 sue
747 4278 957 4383 potestatis
987 4276 1238 4384 plenitudine
1267 4277 1382 4364 circa?
1410 4274 1619 4386 quosdam,
1656 4298 1746 4353 currr
1785 4304 1854 4352 urs

64 4411 143 4489 gens
171 4389 386 4466 necessitas
415 4388 551 4494 exigit,
582 4385 642 4466 vel
686 4389 850 4467 evidens
895 4390 1106 4469 necessitas
1149 4388 1189 4470 id
1233 4390 1427 4492 exposcit.
1470 4388 1572 4468 Sane
1614 4386 1856 4493 significavit
1937 4475 1944 4485 ,

66 4497 164 4578 nobis
191 4499 420 4578 carissimus
449 4499 490 4576 in
528 4497 688 4577 Christo
733 4497 836 4578 lilius
880 4515 1017 4598 noster
1046 4499 1097 4580 M.
1129 4501 1214 4580 Rex
1242 4502 1387 4598 Svetie,
1417 4516 1457 4578 et
1485 4499 1717 4579 Gothorum
1758 4498 1854 4576 Illu-

64 4609 151 4706 stris,
180 4607 296 4720 quod
325 4610 418 4690 licet
447 4607 592 4688 dilecta
624 4609 666 4687 in
703 4609 866 4688 Clrristo
902 4610 982 4689 filia
1021 4611 1179 4692 Nobilis
1215 4613 1360 4695 Mulier
1394 4611 1552 4718 Halgha
1588 4605 1751 4712 Animdi
1788 4625 1858 4686 tue

66 4716 161 4799 Dios.
188 4719 371 4802 eiusdem
398 4719 520 4826 Regis
549 4723 848 4827 consanguinea
878 4721 1058 4827 legitimo
1087 4724 1148 4802 uti
1184 4723 1386 4806 desideret
1429 4725 1633 4802 consortio
1672 4721 1855 4813 maritali,
1964 4776 1967 4779 ,

65 4837 253 4911 tamenin
284 4832 426 4941 Regno
455 4831 602 4913 Swetie
639 4830 785 4941 aliquis
822 4833 1000 4914 nobilem
1039 4835 1166 4942 ipsam
1204 4835 1335 4940 gradu
1371 4833 1755 4939 consanguinitatis,
1788 4847 1858 4908 aut
1889 4839 1895 4844 ’

67 4938 335 5022 affinitatis'ad
364 4939 685 5024 contrahendum
715 4943 1014 5024 Matrimonium
1052 4945 1263 5053 prohibito
1307 4974 1390 5025 uon
1433 4949 1673 5054 contingens
1717 4944 1858 5048 nequit

66 5051 220 5133 comode
250 5055 435 5149 inveniri,
464 5055 536 5165 qui
565 5051 798 5136 conditione
826 5071 954 5139 status
984 5055 1167 5166 predicte
1208 5057 1395 5155 Nobilis,
1428 5085 1475 5137 ac
1511 5057 1679 5166 originis
1712 5049 1859 5131 nobili-
