4317 5975
962 401 1042 503 ,ὼ
1152 365 1235 452 636
1294 411 1404 498 ‚,‚‘''''

135 587 161 624 ²
292 617 433 677 versus
459 592 690 705 aquilonem
717 587 887 698 incipiat
912 587 1105 689 diriuar'i,
1136 584 1421 698 procedentes,
1443 611 1524 696 per
1555 577 1756 698 quercum
1791 581 1974 698 quandam
1997 591 2039 676 in·

291 707 485 792 cisionern
511 706 640 790 crvcis
666 702 902 798 habentem,
929 701 1035 784 viam
1076 697 1281 812 quandam
1309 698 1578 792 eleuetam‘in
1608 695 1772 796 modum
1801 701 1937 780 montis
1960 717 2040 784 trau·

223 849 226 854 ⁸
291 837 427 912 want,
468 813 512 898 in
553 814 720 896 alteram
761 839 956 923 quercum
997 812 1182 895 sirniliter
1220 811 1419 917 signatam
1463 807 1514 890 ed
1559 808 1754 890 orientem
1797 805 1899 890 dicte
1929 812 1996 912 rie,
2015 835 2046 898 st

292 926 442 1012 deinde
468 941 580 1009 recto
607 925 785 1019 tramite,
814 951 953 1006 versus
971 924 1195 1020 orientem,
1222 923 1449 1018 venientes,
1478 922 1519 1002 in
1549 920 1639 1030 ipso
1667 919 1826 1002 influxu
1853 925 1988 1030 ampnis
2009 922 2053 1006 de·

162 1075 170 1087 ’
293 1037 548 1122 meridionali
565 1052 677 1146 parte
694 1036 908 1133 venientis,
928 1037 970 1116 in
983 1049 1170 1141 stagnum
1185 1035 1433 1144 proximum,
1462 1029 1531 1116 vbi
1553 1031 1759 1141 wlgariter
1783 1027 1926 1114 dieitur
1944 1034 2047 1136 sibu,

282 1159 378 1246 ¹oos,
392 1149 679 1243 terminentur,
707 1144 859 1254 jbidem
888 1145 1176 1254 incipientibus
1190 1135 1371 1226 terminis
1393 1142 1492 1226 dieti
1507 1144 1660 1228 domini
1675 1143 1857 1242 abbatis,
1874 1161 1920 1225 et
1943 1172 2049 1230 venus

282 1258 545 1344 ‘occidentem
575 1258 831 1340 venientibus
858 1257 901 1338 in
930 1255 1059 1338 dictas
1087 1283 1262 1367 quercus
1289 1271 1331 1338 et
1365 1282 1492 1366 usque
1530 1255 1599 1337 ad‘
1623 1253 1871 1363 sepedictum
1911 1257 2049 1363 virinum

295 1374 451 1468 riuum,
480 1371 549 1453 vbi
578 1370 721 1478 incipit
744 1386 888 1450 tersus
913 1367 1144 1478 aquilonem
1172 1364 1363 1466 diriusri,
1405 1367 1489 1471 Qui
1530 1364 1676 1448 deiude
1708 1373 1874 1475 'semper
1899 1394 1980 1470 oum
2002 1393 2050 1447 eo

295 1486 387 1567 dem
415 1485 507 1564 'riuo
536 1508 673 1562 versus
700 1479 931 1591 aquilonem
961 1479 1246 1588 procedentes,
1298 1480 1339 1560 in
1377 1481 1489 1563 exitu
1524 1479 1679 1588 empuis
1720 1477 1950 1586 destagno
1986 1505 2052 1584 pre·

267 1597 428 1691 dicto,
456 1592 526 1674 vbi
553 1591 760 1699 wlgariter
788 1589 938 1671 dicitur
965 1590 1193 1690 Nprraoo's,
1227 1589 1378 1672 habent
1413 1589 1641 1687 terminari,
1671 1588 1810 1668 saluis
1847 1589 1940 1668 mihi
1974 1591 2052 1670 intra

295 1703 500 1819 predictos
527 1704 720 1784 terminos
747 1701 899 1783 domini
928 1699 1110 1800 abbatis,
1140 1701 1324 1813 partibus
1352 1701 1449 1783 meis
1476 1718 1558 1781 tam
1587 1701 1734 1810 emptio
1760 1698 1938 1806 legaliter
1956 1700 2053 1810 litigio

296 1814 517 1928 pendente,
544 1842 664 1924 quam
695 1814 807 1921 prius
840 1815 1030 1920 possessis
1070 1813 1503 1923 jure-communitatis
1545 1839 1596 1893 ex
1635 1828 1752 1922 parte
1793 1808 1910 1906 ville,
1946 1811 2053 1906 Frple,

296 1925 410 2038 quod
438 1925 645 2033 wlgariter
674 1923 880 2007 bolaskilti
920 1942 1199 2034 nuncupetur,
1240 1925 1424 2006 similiter
1464 1949 1630 2036 quoque
1661 1941 1795 2032 partes
1835 1950 1933 2032 quas
1971 1949 2054 2031 sepe

297 2039 430 2122 dictus
450 2034 637 2117 domiuus
665 2031 790 2117 abbas
819 2037 923 2114 intra
953 2036 1207 2144 supradictos
1235 2037 1430 2118 terminos
1459 2061 1567 2116 meos
1599 2031 1649 2114 de
1678 2033 1938 2116 bondonibus
1961 2034 2057 2140 litigio

297 2147 501 2259 pendente
529 2151 797 2260 comparauit,
825 2147 957 2227 saluas
984 2147 1062 2230 sibi
1091 2163 1133 2228 et
1160 2148 1305 2230 liberas
1333 2149 1503 2228 existere
1532 2144 1682 2254 prefati
1709 2145 1855 2226 arbitri
1883 2146 2057 2226 concordi·

297 2278 362 2345 ter
388 2256 677 2356 decreuerunt,
705 2260 794 2340 Hoc
835 2255 975 2340 addito
1004 2275 1048 2341 vt
1087 2287 1161 2368 per
1203 2274 1359 2367 purtem
1403 2255 1635 2366 prediorum
1665 2284 1728 2336 me
1768 2271 1814 2335 vt
1854 2252 1995 2336 dictum
2018 2271 2057 2334 est

298 2373 620 2478 contingentem,
647 2365 887 2480 quibusdam
917 2366 1178 2454 bondonibus
1205 2369 1256 2451 de
1284 2368 1551 2480 jugabopom,
1579 2365 1754 2450 liberum
1782 2365 1835 2448 ud
1864 2367 1993 2470 siluam
2016 2394 2059 2446 ac·
2120 2417 2121 2448 t

299 2505 475 2577 cessum,
501 2481 606 2562 sicut
631 2478 874 2562 venerabilis
906 2497 1021 2587 pater
1053 2481 1181 2563 abbas
1216 2507 1322 2562 noue
1358 2481 1474 2562 vallis
1509 2478 1697 2562 dominus
1739 2477 1960 2560 Nicholaus
1984 2477 2081 2558 bons¹

300 2581 491 2674 memorie
518 2589 650 2673 littera
680 2619 752 2673 sua
781 2589 985 2672 mediante
1021 2593 1278 2702 promiserat,
1319 2619 1369 2674 ex
1399 2609 1515 2702 parte
1549 2587 1974 2696 monachorumdictj
2003 2616 2060 2668 mo

300 2700 469 2811 nasterij
498 2730 579 2783 non
609 2701 741 2782 habeo
771 2699 992 2811 denegare,
1019 2702 1081 2784 Ad
1111 2732 1192 2814 qne
1227 2704 1359 2784 omnia
1389 2719 1470 2788 tam
1500 2705 1728 2783 nominatus
1753 2698 1946 2782 dominus
1971 2699 2061 2780 abbas

301 2841 530 2925 quamego
557 2811 636 2894 lide
666 2814 830 2922 prestita
858 2839 1096 2896 eonsensum
1127 2810 1897 2909 unanimemdurimnsadhibendum,
1918 2814 1965 2892 Jn
1981 2811 2062 2916 cuin

177 2957 179 2961 ·
301 2927 362 3007 rei
388 2927 662 3006 testimonium
678 2923 880 3032 siggilluur
902 2953 1031 3008 meum
1064 2924 1316 3035 presentibus
1343 2941 1403 3007 est
1430 2949 1676 3034 appensum,
1705 2924 1862 3007 Datum
1884 2927 1995 3008 Auno
2016 2919 2064 3005 dc

187 3080 190 3090 ·
302 3037 401 3119 mini
428 3036 494 3119 Μ0
522 3036 644 3119 CCC⁰
672 3035 829 3118 decimo
856 3037 908 3151 in,
925 3036 1100 3120 sabbato
1128 3041 1234 3118 Ante
1263 3038 1409 3119 festum
1436 3038 1563 3119 saneti
1593 3035 1806 3119 Michaelis}
1838 3082 1842 3087 ·
2118 2967 2121 3103 l

661 3193 682 3258 ·,
707 3176 848 3262 sigillet,
869 3178 964 3262 jemte
985 3178 1047 3247 deu
1066 3198 1108 3242 ur
1129 3176 1255 3247 brefvet
1275 3178 1400 3271 llippto
1422 3196 1562 3259 remsen,
1584 3176 1688 3247 berte.

309 3544 485 3708 '1699
669 3660 672 3666 ,
947 3545 1096 3659 1310
1138 3542 1187 3651 d.
1242 3588 1262 3653 1
1315 3544 1429 3653 Oet.
1668 3659 1671 3664 ,
1784 3536 2066 3648 Stockholm.

388 3732 578 3812 Hertigarne
598 3727 682 3795 Eum
702 3728 766 3792 och
788 3729 985 3796 wasnaum
1010 3729 1206 3794 sudlucere
1234 3733 1276 3817 ps
1306 3743 1355 3796 ett
1386 3732 1470 3795 hulst
1502 3726 1668 3795 merklnnd
1697 3698 1804 3815 jordi
1826 3730 1922 3816 Torp
1943 3732 1954 3791 i
1972 3724 2067 3805 naor

427 3814 508 3891 Bru,
530 3811 652 3875 hrilket
673 3813 816 3896 Konung
837 3817 974 3899 Magnus
995 3817 1006 3878 i
1027 3815 1109 3901 byte'
1126 3816 1237 3879 elstdtt
1258 3814 1310 3879 till
1329 3816 1450 3904 Upsala
1472 3796 1666 3902 dobrkyrke,
1687 3834 1759 3877 men
1782 3814 1937 3879 Marsten
1962 3805 2067 3875 Thorlel

430 3897 595 3961 Knutsson
617 3895 703 3961 relat
723 3897 868 3961 klandra.

1858 3980 1894 4033 n.
1912 3994 1974 4048 ps.

417 4083 568 4163 Eurcos
596 4096 637 4161 et
666 4082 966 4164 Wstnuunnus
993 4077 1058 4162 dei
1087 4084 1223 4193 gracia
1257 4080 1380 4165 duces
1416 4110 1615 4165 sweorunr
1652 4080 1860 4165 Omnibus
1905 4093 2071 4192 presentes

307 4194 463 4273 litteras
491 4193 761 4299 inspecturis,
789 4192 957 4273 salutem
987 4197 1028 4274 iu
1057 4193 1223 4276 domino
1251 4195 1535 4305 sempiternam
1559 4194 1758 4275 Nouerint
1781 4185 2071 4301 vniuersi,quod

308 4304 393 4386 Nos
421 4303 623 4385 dimidiam
652 4302 853 4384 Marcham
883 4320 990 4385 terre
1016 4302 1062 4415 jn
1090 4305 1247 4413 husaby
1273 4305 1359 4388 bro.
1391 4306 1432 4387 in
1461 4306 1620 4415 thorpe.
1642 4333 1764 4415 quarn
1787 4304 1970 4387 Ecclesia
1989 4326 2073 4409 upsa-

260 4425 272 4431 ’
308 4415 428 4497 lensis
471 4413 539 4527 de.
563 4430 678 4523 patre
721 4411 861 4495 nostro
903 4413 1112 4496 karissimo
1154 4413 1319 4497 domino
1360 4416 1508 4525 Magno
1550 4416 1722 4500 condam
1755 4417 1863 4523 'rege
1907 4434 2073 4497 sweoruu

308 4526 455 4607 illustri
498 4524 605 4606 boue
635 4526 824 4606 memorie
854 4528 1167 4635 permutationis
1196 4525 1317 4607 titulo
1346 4527 1510 4625 habuit,
1553 4544 1594 4609 et
1633 4527 1755 4637 longo
1784 4542 1974 4637 tempore
2011 4545 2073 4631 pot·

309 4636 413 4723 sedit
440 4636 603 4746 pacifice
633 4650 674 4714 et
701 4638 857 4744 quiete,
886 4635 964 4717 sihi
1001 4638 1248 4719 restituimus
1283 4636 1404 4747 pleno
1444 4638 1536 4748 jure
1578 4639 1869 4749 inperpetuum
1905 4632 2076 4747 possiden·

309 4746 422 4839 dam,
450 4749 596 4827 Rarum
624 4746 775 4829 habere
804 4748 1003 4848 volentes,
1032 4745 1144 4860 quod
1174 4777 1247 4857 per
1275 4748 1429 4830 dictum
1459 4766 1614 4859 patrem
1645 4765 1826 4830 nostrum
1852 4748 1997 4829 laetum
2023 4742 2075 4822 fuit

309 4862 351 4943 iu
380 4860 455 4943 hac
483 4877 609 4971 parte.
638 4861 741 4943 sicut
769 4860 810 4941 in
841 4860 985 4941 litteris
1013 4859 1189 4942 eiusdem
1219 4860 1345 4970 putris
1375 4864 1502 4942 nostri
1530 4860 1688 4971 plenius
1716 4861 1964 4943 continetur.
2010 4856 2076 4935 Nor

488 5002 493 5017 ·
1850 4973 2043 5061 obstante,
