4317 5975
994 375 1054 400 ι-
1162 329 1242 424 622
1351 371 1411 396 ι-
2101 375 2102 412 t

304 556 514 668 wlgariter
539 554 762 653 nominati,
797 550 1032 665 ubicunque
1058 566 1193 634 autem
1229 549 1410 661 predicta
1451 547 1535 634 duo
1563 561 1706 659 singna
1747 547 1967 656 obiauerint,
1996 569 2040 649 rel
2100 485 2102 574 l

305 698 425 754 mons
450 666 506 750 ab
541 667 698 749 oriente
725 662 932 761 adiacens,
970 689 1014 746 se
1047 663 1202 774 ceperit
1228 664 1402 770 erigere,
1443 658 1624 770 predicte
1666 663 1879 772 empcionis
1901 695 1968 749 mee
1987 689 2040 757 tn.
2100 709 2102 742 ,1

304 781 404 864 mini
434 781 552 863 linem
585 777 759 875 habeut,
796 777 994 880 Quamuis
1020 775 1187 884 insuper
1215 773 1319 854 talia
1362 771 1514 884 oppida
1555 771 1779 856 secundnm
1819 773 1914 883 leges
1935 787 2041 887 patrie,
2100 753 2102 868 l

302 893 447 977 herere
474 887 652 973 debeant
679 885 731 969 ad
758 886 893 987 villas,
922 913 1077 997 queen
1106 882 1402 981 fundauerunt,
1430 910 1628 965 recemum
1657 884 1699 964 in
1728 882 1910 993 predictis
1933 889 2042 998 legibus
2098 869 2102 998 Ι

304 1003 540 1100 limitatum,
568 999 612 1081 in
640 996 822 1110 predicta
851 1014 986 1079 tamen
1013 998 1245 1110 empcione,
1282 993 1513 1077 huiusmodi
1554 996 1689 1078 omnia
1727 994 1825 1076 mibi
1856 1025 2044 1107 recognosco
2100 999 2102 1010 '‘

304 1111 640 1221 denegata,Nisi
668 1136 816 1220 pascua
852 1135 1065 1220 pecorum,
1107 1126 1150 1190 et
1190 1109 1232 1188 in
1276 1105 1439 1188 duobus
1481 1103 1672 1216 predictis
1699 1107 1850 1216 stagnis
1887 1107 2045 1198 dumtaxat

305 1225 476 1307 liberam
504 1220 688 1333 piscandi
716 1235 976 1332 potestatem,
1007 1220 1154 1300 Omnia
1182 1235 1317 1299 autem
1346 1216 1424 1298 alia
1452 1219 1671 1316 necessaria
1700 1215 1752 1298 de
1778 1216 1885 1299 siluis
1907 1220 2045 1306 adiacen-

304 1334 437 1431 tibus,
479 1349 646 1446 oportet
673 1349 805 1414 meet
837 1327 1007 1412 heredes
1048 1356 1159 1412 meos
1199 1325 1252 1410 de
1291 1328 1459 1438 speciali
1502 1328 1667 1410 licencia
1695 1325 1846 1410 domini
1873 1330 2002 1414 abbatis
2020 1352 2047 1416 et

304 1444 497 1530 Celerarii
524 1446 598 1556 qui
625 1471 703 1554 pro
729 1459 913 1551 tempore
939 1443 981 1522 in
1010 1469 1118 1523 noua
1147 1439 1251 1521 valle
1279 1438 1450 1538 luerint,
1478 1440 1673 1551 quociens
1699 1455 1740 1534 et
1767 1438 1921 1551 quando
1944 1445 1988 1523 eis
2008 1451 2047 1527 ri·

269 1618 271 1621 -
303 1585 392 1640 sum
419 1555 545 1637 fuerit
571 1555 777 1666 optinere,
814 1553 861 1661 jn
889 1578 1065 1663 quornm
1091 1553 1363 1633 testimonium
1394 1569 1579 1658 rogatus,
1599 1549 1649 1644 a,
1678 1579 1740 1632 me
1775 1550 1949 1634 dominus
1971 1553 2049 1666 llag·

304 1696 382 1750 nus
409 1666 462 1748 de
490 1667 669 1749 hestrom
695 1678 902 1774 presentes
936 1661 1088 1744 litteras
1126 1690 1277 1743 meeum
1327 1663 1564 1770 siggillauit,
1606 1662 1754 1743 Datum
1796 1689 1902 1744 anno
1936 1663 2046 1747 donini
2100 1685 2102 1732 t

192 1863 198 1870 ,
304 1775 366 1861 M⁰
394 1777 531 1874 ccc⁰‚
558 1777 735 1872 decimo,
764 1772 810 1882 jn
837 1789 983 1856 octaua
1010 1775 1139 1855 sancti
1163 1773 1357 1882 johannis
1386 1773 1571 1882 baptiste.

387 1918 642 2002 Prisrdrrrr‘dcrr:
661 1910 867 2005 Swibnarum
887 1914 1053 2003 (parochie
1072 1916 1148 1981 med
1167 1936 1273 1980 annau
1292 1914 1377 1978 bend
1396 1918 1540 1996 tillsatt),
1560 1925 1642 1978 samt
1662 1913 1828 1980 &nuder
1847 1912 1998 2002 bosarydb.
2101 1953 2102 2016 3

732 2032 857 2118 sigillet
876 2035 937 2100 Neo
961 2053 974 2101 r
999 2030 1148 2114 sladadt,
1169 2033 1228 2099 Nto
1251 2051 1270 2098 a
1291 2031 1493 2116 fullsttndigt
1514 2035 1526 2097 i
1545 2032 1666 2097 behttl.
2101 2019 2102 2024 ¹

196 2522 204 2537 ἢ
314 2396 483 2510 1685.
960 2396 1105 2506 1310
1148 2394 1197 2502 d.
1244 2435 1273 2504 2
1322 2395 1434 2504 Juli„
1512 2457 1514 2460 ·
1564 2503 1574 2520 ,
1824 2399 2050 2544 ¹brignon.

265 2563 272 2578 ⁶
383 2579 507 2650 Patren
520 2581 664 2649 &mre
683 2581 744 2649 vs
758 2581 956 2647 stadlbstelse
976 2584 1020 2671 ps
1042 2582 1107 2645 allo
1127 2581 1167 2646 de
1187 2585 1249 2648 sri-
1269 2583 1331 2648 och
1352 2584 1560 2670 rettigheter,
1581 2582 1691 2648 britta
1713 2580 1900 2648 Slokloster
1918 2567 2054 2663 alPilnr,

424 2665 626 2751 Kooungsr,
645 2665 782 2732 Furstcr
802 2667 866 2733 ccli
887 2667 988 2732 eodm
1007 2667 1233 2752 Christtrogna
1254 2667 1396 2732 erhtllit.
1623 2683 1631 2692 ·

344 2795 350 2808 .
1849 2751 1884 2806 A.
1903 2771 1922 2806 ι.
1938 2751 1962 2806 d.

412 2849 604 2936 Cesum
630 2849 847 2962 episcopus
871 2879 1017 2934 seruus·
1040 2878 1253 2934 seruorum
1282 2851 1359 2937 dei.
1415 2851 1578 2935 Dilectis
1607 2851 1650 2934 in
1678 2851 1832 2935 cbristo
1861 2851 2055 2934 filiabus..

300 2959 517 3046 Abbatisse
544 2981 585 3046 et
611 2963 844 3048 Conuentui
870 2963 1108 3073 Monasterij
1135 2962 1186 3047 de
1218 2963 1321 3065 Sko,
1364 2959 1517 3047 ordinis
1543 2968 1672 3046 sancti
1714 2963 1939 3062 Benedicti,
1974 2989 2054 3071 rpsa·

299 3073 423 3157 leusis
449 3070 638 3173 diocesis,
665 3075 842 3159 Salutem
870 3091 912 3157 et
939 3077 1200 3185 apostolicam
1230 3074 1562 3161 benedictionem.
1618 3070 1730 3157 Solet
1769 3104 1947 3158 annuere
1980 3062 2057 3155 sedes

300 3183 523 3294 apostolica
566 3184 645 3294 pijs
678 3189 785 3269 uotis
823 3203 865 3268 et
900 3186 1076 3267 honestis
1116 3189 1340 3295 petentium
1384 3187 1592 3298 precibus,
1640 3186 1824 3269 sanorem
1870 3183 2054 3267 beniuolun

299 3296 512 3405 impertiri.
569 3298 628 3377 Ea
658 3312 828 3408 propter
855 3294 999 3378 dilecte
1027 3297 1071 3377 in
1100 3298 1252 3379 christo
1282 3300 1378 3393 filie,
1421 3298 1565 3379 uestris
1600 3298 1717 3379 iustis
1759 3293 2057 3406 postulationibus

180 3412 184 3419 '
247 3509 253 3518 ,
299 3424 418 3517 grato
446 3423 736 3488 concurrentes
758 3434 935 3503 assensu,
962 3433 1099 3488 omnes
1130 3408 1349 3505 libertates,
1377 3424 1418 3490 et
1446 3408 1779 3503 immunitates,'a
1812 3405 2056 3519 predecessori·

298 3516 379 3597 bus
407 3520 556 3597 nostris
582 3516 775 3597 Romanis
802 3516 1088 3614 Pontificibus,
1114 3521 1198 3599 siue
1228 3547 1300 3627 per
1329 3518 1560 3628 priuilegia,
1588 3546 1660 3601 seu
1694 3517 1793 3599 alias
1831 3518 2057 3626 indulgentias

202 3686 215 3701 ,
299 3624 421 3707 uobis
448 3642 490 3708 et
515 3624 762 3708 Monosterio
790 3644 928 3709 nestro
955 3652 1183 3724 concessas,
1213 3656 1372 3711 necnon
1402 3628 1626 3726 libertates,
1663 3648 1704 3713 et
1732 3632 2001 3741 exemptiones
2020 3651 2060 3706 ss

301 3736 497 3819 celarium
524 3739 833 3819 exactionuma
870 3736 1050 3845 Regibus
1084 3757 1125 3820 et
1161 3740 1435 3850 Principibus,
1480 3739 1547 3821 uel
1589 3740 1678 3849 alijs
1718 3740 1863 3823 christi
1904 3738 2059 3827 fidelibus

166 3885 170 3894 «
299 3845 598 3929 rationabiliter
626 3848 758 3947 uobis,
788 3865 830 3929 et
852 3846 980 3929 cidem
1008 3850 1258 3933 Monasterio
1285 3850 1481 3949 indultas,
1509 3853 1614 3933 sicut
1637 3879 1704 3932 eas
1732 3852 1839 3935 iuste
1868 3868 1910 3933 et
1937 3848 2059 3961 pacifice

153 4039 172 4046 ..
299 3958 511 4056 obtinetis,
540 3957 660 4042 uobis
687 3976 729 4041 et
758 3988 830 4070 per
857 3986 943 4055 uos,
972 3958 1101 4043 eidem
1129 3962 1392 4060 Menanter-io,
1423 3962 1664 4045 auctoritate
1692 3964 1919 4073 apostolica
1952 3958 2058 4042 confir·

299 4095 474 4167 maurus,
502 4086 545 4151 ct
572 4073 771 4179 presentis
798 4072 938 4181 scripti
956 4072 1185 4181 patrocinio
1200 4075 1503 4155 communimus.
1533 4073 1646 4156 Nulli
1667 4099 1767 4183 ergo
1790 4067 2060 4155 omninohoni

300 4178 546 4263 numliceat
572 4180 678 4263 banc
707 4183 895 4294 paginam
925 4199 1061 4263 nostre
1088 4184 1402 4267 confirmationis
1430 4183 1669 4293 infringere,
1710 4185 1776 4266 uel
1813 4186 1854 4268 ei
1897 4210 1990 4267 anso
2021 4194 2062 4259 te
2100 4168 2102 4257 l

300 4294 472 4375 merario
499 4294 716 4377 contraire.
745 4324 749 4333 ¹
773 4294 908 4404 Siquis
934 4312 1066 4377 nutem
1097 4294 1174 4377 hoc
1201 4289 1441 4405 attemptare
1468 4296 1757 4407 presumpserit
1777 4295 2061 4406 indignacionem
2101 4264 2102 4313 Ν

301 4403 593 4512 omnipotentis
620 4401 699 4502 dei,
728 4420 771 4489 et
798 4404 1010 4487 beatorum
1039 4406 1150 4489 Petri
1177 4424 1218 4488 et
1246 4408 1360 4489 Pauli
1387 4408 1676 4515 Apostolorum
1705 4408 1811 4507 eius,
1856 4436 1901 4491 se
1940 4399 2063 4488 nouerit

121 4534 125 4545 ·
215 4617 218 4624 .
301 4514 570 4596 incursurum.
599 4517 750 4599 Datum
777 4518 981 4600 Auiuione
1008 4517 1067 4598 VI
1094 4520 1203 4601 Non.
1230 4517 1330 4628 Julij
1358 4513 1619 4603 Pontificatus
1640 4518 1771 4629 nostrj
1794 4517 2062 4621 AnnoQuinto.

324 4653 434 4723 vadet·
453 4659 706 4747 rppvecter'etd
720 4662 835 4727 huten
855 4663 911 4725 tili
925 4674 1069 4726 neuster:
1095 4660 1124 4725 J.
1143 4660 1181 4725 F.
1199 4664 1258 4729 orb
1276 4662 1427 4727 lilcieder
1444 4664 1488 4749 ps
1507 4662 1674 4753 uppvcclret
1693 4660 1756 4727 vid
1775 4663 1893 4730 kruten
1908 4662 1960 4727 till
1970 4660 2052 4743 liper-

762 4776 936 4863 Blybullan
954 4775 1078 4863 btoger
1098 4776 1143 4868 pt
1160 4776 1241 4843 cd'da
1260 4779 1323 4846 och
1344 4776 1420 4863 gula
1440 4778 1659 4846 sillestrider·
1846 4870 1851 4875 .
