4317 5975
713 458 906 528 ’--’
1018 492 1116 571 297⁴
1207 487 1362 608 -

154 685 272 779 volo,
311 712 372 765 nte
401 683 552 762 curiam
583 682 708 767 meatu
740 686 783 764 in
812 700 964 793 ampnn
992 688 1057 766 cui
1086 688 1294 768 subiacent
1324 686 1546 770 Duodecim
1575 692 1854 770 cretensis
1891 718 1954 771 ea·
2013 700 2016 703 ’

154 797 249 877 dem
270 794 380 891 villa,
409 795 501 873 cum
531 794 717 875 domibus
746 802 785 875 8(
814 797 901 904 alijs
933 793 1192 907 pertinencijs
1221 806 1313 894 suis,
1344 827 1420 908 pro
1448 808 1564 909 parte
1593 803 1735 882 niaiori
1754 789 1835 909 =pe'r
1864 828 1956 909 pre·

155 906 328 1003 diorum,
355 906 648 1003 concambium,
684 913 725 987 8(
775 893 1130 1017 permutacionem',
1174 915 1447 1017 partim-per
1487 912 1616 1019 precij
1661 914 1953 1021 receptionem,

157 1018 314 1127 partim.
334 1016 437 1097 vero
461 1020 609 1119 intuitu
641 1019 876 1099 deuccionis
905 1025 944 1098 8(
974 1020 1260 1103 retribucionis
1286 1022 1442 1115 diume,
1471 1024 1760 1119 er'roluntate
1788 1030 1829 1105 8(
1856 1050 1955 1105 cour

155 1157 277 1211 sensu
307 1156 509 1243 expresso,
540 1130 676 1209 dilecti
700 1129 777 1239 lilij
800 1133 877 1215 mei
904 1136 944 1215 &
971 1129 1131 1219 heredia
1159 1131 1281 1226 clani,
1311 1132 1487 1212 Ecclesie
1517 1134 1717 1241 vpsaleusi
1740 1133 1956 1230 dimisisse,

156 1248 197 1323 8(
226 1242 446 1344 assignasse
476 1260 672 1349 perpetuo
704 1243 997 1350 possidendam,
1024 1244 1077 1322 Et
1106 1246 1147 1321 in
1180 1245 1463 1351 premissorum
1495 1246 1620 1324 robur
1648 1251 1689 1324 8(
1717 1246 1954 1345 firmitatem,

144 1380 205 1433 ac
234 1348 485 1432 euidenciaru
525 1351 768 1460 pleniorem,
799 1383 870 1461 per
900 1355 1146 1434 laurencium
1178 1355 1370 1433 arnberui
1399 1354 1545 1450 filium,
1574 1354 1625 1435 ad
1654 1356 1731 1436 boc
1760 1386 1810 1438 ex
1839 1373 1955 1465 parte
2037 1406 2042 1413 ·

159 1490 244 1543 mea
276 1464 501 1546 saecinliter
524 1464 778 1560 destinatum,
799 1458 1023 1559 ‚fecidicto
1051 1462 1218 1568 domino
1258 1465 1456 1579 upsalensi
1494 1471 1534 1545 8(
1568 1466 1656 1545 eius
1692 1468 1857 1552 ecclesie
1889 1494 1987 1549 su·.

157 1600 233 1683 per
261 1570 369 1652 dcta
399 1578 524 1671 curia,
554 1576 761 1673 firmarios,
779 1572 1001 1683 ‘wlgatit'er
1030 1572 1318 1657 disiectatur
1347 1580 1388 1655 in
1420 1578 1567 1685 placito
1600 1582 1817 1675 communi,
1846 1576 1958 1687 apud
2006 1609 2011 1619 ’

158 1682 356 1783 cboluud,
393 1688 434 1768 in
457 1686 662 1794 ‚paqqqpia
692 1682 969 1795 qilabcrgbitm
1004 1687 1164 1795 habito,
1192 1686 1374 1795 legaliter
1401 1690 1609 1797 assiguapi,
1646 1687 1725 1797 Sed
1755 1694 1849 1797 quia‘
1880 1689 1958 1768 Re·

160 1794 364 1876 uerendus
385 1815 513 1904 ‚pater
540 1795 727 1878 domiuus
756 1798 947 1879 Nicolaus
991 1798 1131 1879 diuina
1163 1801 1429 1879 miseracione
1460 1799 1798 1907 Archiepiscopus
1841 1826 1957 1907 vpsa·
2076 1863 2078 1866 -
2127 1795 2130 1800 ’

159 1908 291 2003 le'usis,
329 1908 390 2007 sui
421 1912 576 2016 gracia,
607 1908 744 1990 fauore
781 1934 841 1988 me
870 1912 1060 2017 prosequi
1098 1910 1240 1989 rolens
1267 1909 1444 2018 speciali,
1473 1938 1523 1988 ert
1551 1910 1762 2012 voluntate
1791 1917 1831 1991 8(
1859 1927 1958 1990 con·
2051 1976 2055 1981 .

159 2045 279 2099 sensu
323 2020 491 2127 capituli
536 2020 710 2100 Ecclesie
750 2050 825 2102 'sue
863 2019 1081 2130 upsalensis
1110 2039 1328 2129 expresso,
1370 2038 1508 2129 prout·
1539 2047 1610 2130 per
1643 2022 1801 2101 litteras
1836 2048 1959 2128 super

159 2130 238 2210 hoc
274 2128 476 2239 confectas
515 2131 737 2213 euidenter
766 2150 948 2241 apparet,
992 2132 1151 2214 fructus
1193 2131 1437 2211 decimarum
1484 2159 1644 2211 suarum
1678 2133 1958 2241 deparocbia
2082 2156 2087 2166 ¹

161 2244 264 2321 lasza
291 2242 641 2348 proueniencinm,
671 2242 790 2325 michi
837 2240 942 2322 uoad
958 2244 1078 2323 vitam
1092 2266 1222 2324 meant
1241 2241 1520 2351 percipiendos
1544 2243 1764 2323 liberaliter
1793 2244 1839 2323 8(
1857 2247 1959 2333 inte·
2089 2256 2120 2302 ·⁸

161 2350 324 2461 graliter
354 2356 592 2461 assignarit,
624 2350 683 2435 Nc
713 2272 882 2435 heredes
911 2354 1004 2449 mei,
1033 2355 1280 2466 quicumque
1309 2355 1427 2433 michi
1461 2372 1551 2461 post
1578 2355 1701 2433 vitam
1739 2362 1894 2449 meam,
1915 2356 1958 2433 in

162 2462 294 2545 honis·
308 2465 405 2545 meis
435 2464 929 2573 legittimesuccedentes,
958 2466 1035 2546 sibi
1074 2467 1145 2547 Jus
1170 2463 1353 2575 aliquod
1380 2490 1550 2575 quoquo
1587 2465 1709 2545 modo
1744 2459 1959 2557 reudicare
2039 2496 2043 2505 ·

160 2574 339 2662 valeant,
370 2577 410 2653 in
441 2576 605 2657 decimis
637 2576 892 2685 supradictis,
923 2604 999 2685 per
1036 2593 1241 2685 presentes
1279 2604 1526 2683 recognosco
1554 2588 1617 2654 me
1644 2582 1699 2655 ex'
1731 2602 1838 2656 mera
1866 2602 1960 2684 gra·

127 2689 221 2769 ‘cia
251 2686 404 2767 domini
432 2685 725 2797 archiepiscopi
754 2686 990 2796 supradicti,
1019 2692 1057 2768 8(
1088 2688 1279 2767 nonullo
1307 2689 1452 2800 quovis
1488 2686 1578 2794 jure
1612 2687 1674 2767 v'el
1704 2688 1860 2785 titulo,
1890 2684 1985 2765 de·.

160 2799 280 2882 cimas
318 2799 525 2909 percipere
558 2799 827 2908 supradictas,
855 2800 904 2877 Jn
937 2799 1223 2906 premissorum
1268 2799 1392 2905 igitur
1428 2799 1606 2878 omniurn
1644 2797 1811 2878 euidens
1847 2798 1960 2877 testi·

162 2909 352 3005 monium,
381 2912 459 2992 ina
491 2939 581 2994 cum
611 2910 742 3020 sigillo
771 2935 873 3007 meo,
895 2909 1078 3020 'sigillum
1108 2908 1301 3016 Religiosi
1337 2907 1429 2991 viri·
1457 2909 1591 2990 fratris
1620 2906 1774 3016 jsraelis
1812 2908 1960 3017 prioris
2036 3011 2039 3022 Ι

161 3023 423 3120 sictoniensiS,
460 3022 511 3103 ad
549 3044 690 3124 meam
715 3024 956 3132 peticionem
988 3029 1027 3102 8(
1059 3021 1294 3112 instanciam
1332 3023 1586 3130 presentibus
1622 3036 1699 3099 est*
1718 3012 1956 3129 appensum,

95 3151 97 3158 ’
160 3131 295 3216 datum
335 3131 440 3242 apud
479 3129 683 3242 gasabolm
735 3161 844 3214 anno
893 3130 1045 3214 domini
1080 3131 1303 3214 Millesim0.
1366 3133 1471 3214 CC‘.
1503 3131 1748 3228 xc·.1x·,
1803 3123 1959 3212 decimo

162 3245 320 3325 kalend.
350 3247 598 3358 septembris.
1510 3285 1514 3290 ¹
1600 3288 1605 3296 ¹
1668 3285 1673 3290 ·
1893 3249 1896 3256 ’

775 3359 901 3470 ¹lliigge⁴
914 3356 1043 3470 Sigillen
1067 3386 1163 3470 ndgot
1183 3385 1329 3450 stadadc·
1354 3360 1356 3367 Ι

183 3774 344 3882 1282.
654 3763 656 3770 '
699 3703 706 3710 -
762 3763 934 3918 n1299
980 3769 1028 3874 d.
1078 3807 1148 3916 27
1197 3744 1329 3916 Aug.

245 3993 325 4054 Ltus
348 3994 483 4056 Bosaacs
504 3991 685 4056 Gttvobref
703 3993 743 4077 pt
764 4011 801 4053 eu
824 3991 903 4072 gtrd
926 3993 998 4057 med
1023 4017 1034 4057 1
1062 3990 1228 4055 markland
1252 3990 1320 4075 jord
1342 3991 1351 4050 i
1373 3986 1602 4072 Quadowi-till
1621 3985 1733 4068 rogus
1756 3985 1880 4069 kloster.

1706 4135 1741 4190 A.
1757 4137 1783 4190 3.
1801 4133 1829 4192 k.
1848 4131 1852 4137 ’
1930 4163 1934 4168 -

187 4284 236 4352 ff
265 4273 476 4355 ‘Omnibus
506 4299 668 4384 presens
697 4275 891 4389 scriptum
929 4262 1201 4374 cernentibus,
1237 4275 1497 4379 Licnsnctcs
1525 4273 1764 4372 sociares,
1793 4270 1963 4351 salutem

177 4385 213 4462 in
258 4385 422 4467 domino
465 4392 760 4497 sempiternam,
811 4390 972 4472 Tenere
1014 4389 1267 4498 presencium
1310 4405 1495 4470 constare
1544 4381 1729 4467 volumus
1768 4381 1966 4494 uniuersis

176 4523 240 4576 nos
268 4499 421 4580 curiam
453 4517 627 4584 nostram
659 4504 867 4612 propriam
895 4504 938 4585 in
967 4501 1164 4611 quadowi
1195 4497 1380 4579 videlicet
1409 4497 1628 4605 illamque
1664 4512 1724 4576 est
1758 4490 1811 4572 ad
1849 4493 1967 4573 meri·

175 4605 289 4704 diem,
321 4635 412 4690 cum
441 4636 518 4690 vna
564 4641 693 4718 marca
732 4621 905 4695 terre&
939 4615 1128 4694 omnibus
1163 4610 1393 4716 attinenciis
1422 4607 1641 4690 mobilibus
1676 4611 1717 4716 8(
1751 4604 1967 4685 immobili·

177 4717 265 4815 bus,
290 4740 442 4831 quanta
473 4726 648 4803 attinent
674 4727 743 4806 vni
771 4753 901 4806 marce
927 4741 1035 4806 terre
1064 4727 1107 4805 in
1135 4723 1210 4804 hac
1231 4722 1327 4804 villa
1363 4721 1444 4807 vel,
1463 4716 1601 4813 tundo,
1638 4715 1817 4796 claustro
1852 4743 1967 4795 sanc·

177 4829 447 4926 timonialium,
475 4833 587 4943 quod
614 4863 727 4918 mons
758 4837 872 4916 beate
901 4838 1069 4944 virginis
1096 4835 1260 4930 dicitur,
1297 4837 1337 4916 in
1376 4830 1487 4926 fodc,
1525 4830 1594 4909 vbi
1628 4823 1752 4911 'filiam
1789 4846 1966 4914 nostram

151 4941 351 5050 ‚teligiossl'
398 4943 595 5026 tradimus
631 4948 870 5046 contulisse,
916 4945 1143 5056 (reddendo
1185 4945 1353 5028 eandem
1389 4971 1563 5024 marcam
1587 4958 1698 5024 terre
1721 4940 1832 5044 tilijs
1873 4937 1968 5016 ineis

290 5069 337 5121 Sv.
355 5071 591 5142 Deirlomntars'ttm
613 5073 652 5126 ΙΙ.
704 5134 707 5142 Ι
977 5071 980 5076 ’
1076 5067 1102 5100 ‘¹3
1189 5092 1191 5097 ·
1251 5049 1259 5077 ⁷
1316 5071 1323 5082 ¹
1361 5058 1364 5067 '
1497 5053 1502 5067 '
1627 5082 1631 5090 ·
1681 5100 1685 5107 .
1791 5045 1841 5124 38,
1925 5055 1931 5062 ’
