4317 5975
756 428 870 448 ,,,,
981 345 1311 490 579ιη

143 606 185 684 in
215 629 339 710 regno
367 627 442 683 sno
469 629 515 683 ea
545 601 848 710 racionabiliter
888 600 1035 685 docere
1078 604 1227 712 poterit
1268 629 1320 684 ex
1361 629 1473 683 nunc
1516 599 1641 706 libere
1684 607 1942 715 resignamur.

143 715 418 798 Promittimus
440 713 616 821 insuper
639 715 771 822 ipsum
799 713 1016 796 dominum
1037 716 1244 821 Birgerum
1273 715 1422 820 Regem
1454 711 1676 794 Svevorum
1713 739 1797 824 pro
1825 745 1944 826 posse

119 843 282 907 nostro
311 825 588 909 favorabiliter
614 833 863 932 promovere.
921 825 1162 908 Condictum
1205 842 1263 908 est
1304 829 1428 906 eciam
1458 842 1498 904 et
1530 826 1789 933 promissum,
1831 833 1943 940 qvod

140 954 386 1018 memoratus
410 937 601 1016 dominus
627 937 715 1016 Rex
744 938 945 1044 Norvegic
981 957 1021 1018 et
1055 966 1130 1017 nos
1167 937 1275 1045 apud
1319 933 1486 1044 lsasjord
1526 940 1568 1017 in
1611 936 1777 1020 Sioland
1805 942 1847 1020 in
1877 942 1943 1024 die

139 1049 247 1130 beati
277 1049 467 1128 Barnabae
496 1047 667 1155 apostoli
695 1047 776 1154 jam
807 1050 993 1155 proximo
1022 1048 1183 1145 futuro,
1206 1055 1420 1128 convenire
1444 1048 1709 1156 personaliter
1724 1047 1943 1133 debeamus
2012 1113 2018 1122 -

136 1158 194 1239 ad·
218 1158 500 1241 deducendum
530 1156 760 1266 supradicta
790 1161 923 1240 omnia
954 1175 994 1238 et
1023 1159 1181 1267 singula
1208 1157 1257 1236 ad
1295 1159 1492 1239 effectum.
1564 1161 1619 1238 Vt
1661 1177 1796 1242 autem
1839 1192 1941 1271 prae·

135 1273 252 1351 missa
281 1273 423 1352 omnia·
443 1297 491 1350 ex
521 1284 635 1378 parte
664 1287 801 1350 nostra
832 1270 1119 1351 inviolabiliter
1148 1268 1414 1351 observentur
1442 1271 1711 1352 submittimus
1728 1298 1801 1359 nos
1820 1266 1967 1382 juris-,⁸

136 1383 306 1463 dictioni
335 1379 576 1462 venerabilis
605 1383 731 1489 patris
759 1379 1134 1489 domini-Helgonis
1175 1380 1376 1462 Asloensis
1414 1381 1633 1487 Episcopi„
1659 1383 1713 1461 ita
1754 1383 1863 1493 qvod
1905 1387 1940 1468 si

136 1496 179 1574 iu
209 1493 502 1601 praemissorum
532 1492 667 1602 aliqvo
694 1490 975 1588 defecerimus,
1006 1494 1133 1599 possit
1163 1493 1201 1572 in
1234 1519 1306 1572 nos
1327 1491 1757 1574 excommunicacionis
1777 1513 1938 1578 senten·

125 1605 233 1686 ciam
263 1603 387 1701 serre,
421 1621 462 1682 et
498 1630 579 1699 ⁴nos
616 1605 981 1684 excommunicatos
1023 1603 1286 1697 denunciare,
1331 1601 1459 1692 donec
1488 1601 1666 1682 defectus
1704 1605 1937 1712 hujusmodi
2036 1623 2037 1626 ’
2108 1640 2113 1649 “

132 1714 394 1823 suppleatur,
422 1713 492 1796 sed
521 1716 607 1822 ipse
635 1712 822 1795 dominus
851 1715 939 1794 Rex
974 1715 1174 1822 Norregie
1214 1714 1484 1820 jurisdictioni
1529 1713 1769 1794 venerabilis
1811 1722 1938 1825 patris
2058 1801 2061 1808 ,

131 1828 284 1908 domiui
315 1826 433 1906 Olari
462 1823 760 1905 Roschildensis'
787 1828 998 1934 Episcopi,
1027 1855 1116 1905 cnm
1148 1833 1454 1904 convenerimus
1493 1825 1578 1932 ipse
1607 1823 1807 1918 ,dominus
1848 1829 1936 1910 Rex
2054 1828 2065 1842 '

131 1938 332 2046 Norvegia
360 1953 402 2015 et
430 1937 562 2043 primo
590 1963 680 2031 nos,
708 1939 890 2016 similiter
917 1965 959 2017 se
987 1937 1216 2017 submiserit
1253 1937 1340 2015 vice
1378 1952 1500 2016 versa.
1564 1939 1838 2016 Promittimus
1872 1941 1936 2020 iu-

130 2075 253 2157 super
280 2047 390 2158 qvod
419 2049 605 2128 dominus
633 2048 823 2154 Birgerus
849 2050 935 2130 Rex
965 2046 1102 2128 Svecie
1133 2046 1348 2156 praedictus
1376 2047 1720 2155 dispensacionem
1749 2049 1794 2127 in
1820 2051 1935 2130 curia

128 2159 387 2268 procurabit,
415 2187 537 2268 super
566 2176 777 2240 contractu
807 2159 1049 2241 matrimonii
1089 2161 1195 2239 inter
1225 2160 1333 2265 ipsos
1375 2156 1631 2270 domicellum
1673 2157 1863 2266 Magnum
1892 2157 1976 2256 et]

127 2269 251 2350 filiam
281 2272 386 2378 regis
414 2272 637 2379 Norvegie,
665 2299 755 2350 cum
786 2269 891 2351 idem
920 2286 1066 2379 qvarto
1090 2265 1219 2378 ¹gradu
1251 2269 1613 2375 consanguinitatis
1641 2295 1683 2348 se
1711 2271 1933 2378 attingunt.
2054 2276 2061 2288 '

129 2381 177 2464 In
206 2379 323 2488 cujus
351 2381 410 2462 rei
439 2382 709 2464 testimonium
738 2383 911 2488 sigillum
940 2399 1124 2462 nostrum
1156 2377 1420 2490 praesentibus
1438 2396 1499 2460 est
1520 2397 1757 2489 appensum,⁴
1782 2380 1930 2465 Actum

10 2488 13 2499 '
129 2509 172 2574 et
199 2490 336 2573 datum
366 2492 548 2590 Halfnis,
573 2495 683 2575 anuo
712 2509 753 2573 et
780 2494 846 2576 die
873 2493 1129 2601 supradictis.

118 2846 297 3047 Ι1629.
367 2980 373 2997 ,
689 2940 704 2976 ²
764 2900 912 3058 1309
954 2897 1002 3009 d.
1056 2943 1122 3049 17
1169 2899 1288 3009 Jntt
1566 2897 1927 3046 Kopenhamn.
1963 2849 1976 2907 '¹
2092 2855 2123 2874 Η

209 3090 379 3169 Konungen
403 3090 411 3149 i
436 3088 584 3169 Norrige,
607 3086 732 3151 Hdlans
754 3090 944 3153 stadlasteisc
965 3091 1006 3176 ps
1032 3091 1084 3153 det
1111 3090 1223 3153 mellan
1257 3090 1372 3151 honam
1406 3087 1466 3149 oeli
1490 3084 1628 3169 Konung
1659 3089 1737 3151 Erik
1759 3090 1925 3155 Menvedi
2018 3157 2023 3169 ,
2054 3097 2061 3163 ,’

205 3193 236 3255 42
248 3171 409 3235 Danmnrk
430 3172 533 3233 slutna
555 3171 709 3247 liirbnnd,
733 3172 803 3233 med
825 3174 865 3235 de
885 3176 985 3237 villar
1005 3196 1071 3237 scm
1096 3177 1104 3235 i
1127 3184 1191 3236 adst
1223 3175 1289 3235 sore
1311 3172 1409 3235 tende
1442 3172 1517 3233 bref
1543 3172 1719 3255 uppgifvas,
1751 3172 1924 3256 hvarjemtc

243 3255 306 3315 hon
328 3253 486 3317 ffirbinder
507 3256 564 3332 sig,
584 3265 628 3315 att
650 3253 716 3315 ἰὼ
739 3254 842 3317 lemna
863 3259 956 3339 ndgot
976 3258 1143 3321 understdd
1165 3258 1196 3319 dt
1220 3257 1259 3319 de
1281 3194 1416 3317 deensis
1435 3255 1636 3337 Hertigerne,
1657 3254 1762 3317 hvilka
1783 3256 1924 3339 Kooung.

244 3338 321 3400 Eril
344 3335 558 3398 skell'anlallu
583 3337 652 3397 rned
674 3336 755 3419 lrig.
1612 3417 1676 3471 M
1734 3420 1785 3486 3¹)

1676 3436 1732 3473 ‚ro
1861 3454 1866 3461 ·

120 3518 124 3525 ’
230 3520 431 3603 Omnibus
461 3548 633 3630 praesens
662 3523 855 3630 scriptum
885 3522 1141 3604 cernentibus
1171 3524 1384 3602 Hasumus
1414 3523 1488 3602 Dei
1524 3522 1656 3631 gracia
1692 3522 1778 3602 Rex
1813 3524 1918 3604 Nor·

9 3621 18 3730 l
98 3633 249 3744 regie,
279 3634 445 3711 salutern
477 3635 523 3711 in
548 3629 712 3713 domino
742 3637 1034 3743 sempiternam.
1093 3635 1290 3714 Noverint
1318 3632 1514 3728 universi,
1542 3632 1653 3743 qvod
1689 3636 1808 3713 Anno
1846 3632 1921 3714 do·

9 3733 18 3783 l
116 3749 214 3827 mini
244 3746 294 3825 ll.
323 3744 434 3823 CCC.
470 3743 541 3821 IX.
581 3742 678 3822 feria
709 3746 772 3824 5:¹⁸
804 3746 985 3852 proxima
1029 3761 1123 3823 autc
1167 3744 1308 3822 festum
1353 3744 1472 3821 Beate
1515 3744 1639 3823 Marie
1681 3742 1916 3851 Magdalene

104 3853 503 3965 'Kaupnrannahalm
531 3854 636 3931 iuter
666 3857 918 3960 magnificum
958 3856 1178 3963 principem
1224 3853 1430 3933 dominum
1467 3854 1632 3934 Ericum
1674 3850 1738 3932 dei
1778 3859 1914 3963 gracia

9 3961 19 4056 l
115 3973 323 4051 Danorum
353 3966 643 4073 Slavorumqvc
671 3992 802 4072 regem
833 3965 1026 4045 illustrem
1057 3992 1106 4043 ex
1138 3992 1216 4043 una
1249 3981 1361 4072 parte
1390 3978 1430 4041 et
1460 3990 1533 4043 nos
1562 3992 1613 4042 ex
1641 3962 1787 4061 altera,
1826 3965 1912 4073 pla·

9 4076 19 4165 ⁶.
114 4086 278 4164 citatum
307 4066 594 4158 concordatum
632 4088 673 4156 et
703 4077 939 4184 promissum
969 4076 1103 4156 extitit
1133 4076 1173 4155 in
1205 4076 1313 4155 hunc
1356 4070 1532 4155 modurn.
1600 4076 1755 4171 Primo,
1800 4076 1913 4185 qvod

9 4192 31 4242 l
111 4196 219 4275 inter
248 4218 321 4271 nos
350 4205 390 4268 et
418 4212 541 4292 regna
571 4202 705 4266 nostra
736 4216 786 4267 cx
817 4204 985 4297 utraqvc
1016 4204 1129 4296 parte
1157 4184 1306 4265 debeat
1346 4186 1457 4264 firma
1503 4214 1582 4296 pax
1621 4202 1661 4266 et
1703 4186 1820 4294 plena
1848 4210 1912 4269 sei

14 4298 42 4405 Ἰ
110 4304 260 4386 coritas
290 4298 494 4409 perpetuis
522 4298 773 4405 temporibus
802 4298 1025 4395 observari,
1054 4314 1095 4378 et
1125 4313 1170 4377 ut
1199 4299 1283 4404 ipsa
1314 4324 1393 4404 pax
1422 4314 1461 4377 et
1489 4299 1683 4377 securitas
1717 4299 1910 4408 utrinqne
1945 4354 1952 4365 -

9 4411 21 4468 t
108 4416 262 4497 firmius
289 4430 328 4493 et
356 4409 628 4492 inviolabilius
655 4425 854 4518 perpetuo
881 4409 1169 4503 observentur,
1198 4406 1389 4488 debemus
1418 4409 1535 4488 liliam
1559 4424 1736 4488 nostram
1757 4412 1910 4516 primo·

9 4529 18 4583 l
108 4528 303 4639 genitam,
331 4522 565 4631 legittimam
596 4518 861 4628 lugeburgem
893 4521 1055 4601 nomine
1083 4518 1295 4600 domicello
1330 4520 1477 4625 Magno
1511 4520 1596 4603 lilio
1628 4517 1783 4600 domini
1819 4522 1909 4603 Bir·
2023 4554 2028 4561 ·

11 4642 19 4692 ²
106 4640 192 4750 geri
222 4628 442 4725 Sverorurn
472 4630 771 4739 re‘gisillust'ris
801 4632 939 4739 nepoti
972 4625 1125 4717 domini
1154 4632 1261 4711 Rrici
1293 4632 1367 4709 Dei
1399 4632 1534 4739 gracia
1564 4632 1771 4712 Danorum
1800 4641 1908 4741 regis
2039 4700 2042 4705 .

9 4758 15 4807 ἒ
104 4745 330 4864 supradicti
358 4742 602 4853 desponsare
637 4758 677 4825 et
719 4740 987 4851 copulandam
1029 4743 1107 4824 sibi
1147 4742 1494 4850 matrimonialiter
1535 4743 1752 4851 assignare.
1819 4746 1914 4861 N⁰⁵<

9 4942 14 5037 i
142 4997 169 5071 η
187 4991 239 5055 ua.
257 4964 473 5055 ariminus
493 4983 712 5068 amrinum.
825 5057 827 5060 ,

9 5099 18 5153 l
