4317 5975
785 417 841 438 ..
953 373 1048 479 577·
1146 371 1201 440 ...·

100 590 364 672 testimouium
380 588 596 700 siggillum·
610 612 743 671 mcum
771 590 1026 697 presentibus
1056 610 1117 676 est
1144 587 1368 704 appensum
1384 592 1591 704 Scriptum
1612 591 1895 688 anuodcmini

99 703 154 784 Μ0
171 702 340 785 C⁰C⁰C⁰.
368 701 439 784 lm
462 700 505 782 in
534 701 677 782 sabato
691 701 797 780 'ante
826 702 1075 807 natiuitatem
1105 704 1213 785 beati
1242 705 1441 786 lobannis·
1466 707 1650 815 baptiste.

158 843 413 930 'mm'
432 841 1572 1015 ffilttt‘ltt'atllltl‘bltili?{allattllt'tttlltulw
1593 847 1722 912 ³¹⁰¹³⁶³⁰
1743 868 1845 912 ‘m‘

504 1041 628 1127 sigillet
648 1040 810 1150 bortlnllct
831 1041 901 1106 frlu
922 1043 982 1107 den
1002 1064 1042 1107 ur
1061 1043 1184 1110 brclvct
1205 1045 1325 1133 klippta
1346 1067 1477 1112 remma.

106 1365 322 1514 162ss
558 1520 561 1528 ,
743 1406 988 1555 1309d.
1041 1449 1062 1514 1
1114 1407 1226 1516 Juli.
1529 1412 1890 1560 Kbpeuhamu.

172 1594 298 1658 mum
320 1591 494 1672 Kcnungcu
515 1587 594 1656 Eat
615 1589 764 1656 Mcuvcdr
785 1595 857 1658 mad
877 1589 1014 1662 Norrsl'a
1035 1595 1214 1678 Konnugcu
1231 1591 1354 1660 Halani
1367 1597 1662 1679 Legateralslutade
1679 1599 1895 1678 fredstraktat,

111 1729 115 1741 .
224 1676 328 1754 brari,
349 1675 446 1740 bland
468 1674 568 1738 andra
590 1675 706 1753 viltor,
726 1677 1019 1757 iiltereuslommes,
1042 1689 1088 1741 att
1108 1677 1243 1764 Konuug
1270 1679 1395 1742 Hdlraus
1416 1680 1517 1742 datter
1540 1680 1693 1762 lugeborg
1725 1681 1802 1743 shall
1825 1683 1892 1745 fiir·

223 1759 320 1820 malas
342 1760 411 1819 mad
434 1757 568 1848 §vensis
591 1753 718 1820 Priuscn
741 1761 871 1841 Magnus
892 1763 1086 1844 Birgerssou,
1108 1771 1154 1824 att
1177 1763 1309 1844 Kouuug
1333 1761 1443 1824 Hilan
1471 1761 1550 1824 slall
1578 1762 1699 1824 erhilla
1719 1765 1741 1841 4
1761 1764 1857 1825 harad
1879 1766 1891 1824 i

223 1840 360 1904 Halland
383 1863 458 1904 norr
481 1861 533 1904 om
561 1839 672 1923 ltmn,
703 1841 771 1904 dela
789 1846 799 1903 i
819 1846 986 1930 erstttuing
1008 1846 1058 1908 lor
1077 1845 1143 1907 sina
1164 1846 1264 1927 cta-iga
1286 1847 1369 1909 inam
1383 1845 1894 1928 Dausluomrddctegandegods,

222 1918 290 1988 dcls
310 1927 321 1986 i
341 1924 509 2007 lb'rltniug,
530 1945 571 1990 m.
594 1945 635 1988 m.
1677 2009 1691 2062 r
1712 2009 1747 2082 9⁸

200 2107 401 2202 Omnibus
429 2135 603 2216 praeseus
629 2109 825 2217 scriptum
855 2108 1116 2190 cernentibus
1146 2110 1191 2190 E.
1228 2109 1302 2190 Dei
1339 2111 1471 2218 gracia
1501 2110 1709 2192 Dauorum
1752 2099 1908 2192 Slavo·'

95 2247 260 2329 rumque
297 2220 403 2318 Rex,
435 2219 606 2322 salutem
650 2221 693 2300 in
729 2219 893 2301 domino
935 2223 1229 2327 sempiternam.
1301 2219 1501 2312 Noverint
1542 2222 1738 2318 universi,
1781 2219 1905 2331 qvod

49 2394 53 2400 ,
93 2334 218 2432 Anno·
245 2329 399 2412 domini
427 2327 479 2428 Μ.
507 2331 618 2434 ῼΟΟ.
646 2329 716 2434 IX.
746 2333 788 2413 in
818 2347 963 2411 octavo
992 2329 1058 2411 die
1094 2331 1202 2412 beati
1231 2327 1426 2412 Johannis
1462 2329 1668 2441 Baptistae,
1704 2357 1777 2441 per
1814 2327 1892 2412 Re·

52 2538 55 2542 ,
95 2437 316 2542 verendum
342 2440 575 2525 iu.Cbrist0
603 2459 759 2549 patrem
789 2440 1006 2524 Dominum
1036 2441 1283 2549 Helgonem‚
1328 2442 1589 2527 miseracione
1616 2440 1753 2524 diviua
1794 2441 1892 2548 Epi·

92 2578 257 2661 scopum
283 2550 587 2651 baluensemiet
616 2551 791 2654 nobilem
820 2554 953 2633 virum
989 2552 1199 2635 dominum
1234 2553 1299 2636 Ε.·
1324 2549 1495 2636 condam
1536 2553 1658 2664 Regis
1694 2550 1901 2634 Sueorum'

93 2664 234 2762 lilium,
276 2663 619 2770 consanguineum
662 2680 845 2747 nostrum
874 2662 1065 2748 dilectum
1094 2693 1142 2746 ac
1183 2661 1391 2748 domiuum
1432 2663 1608 2744 Iwarurn
1650 2666 1893 2746 canonicum

93 2775 361 2881 bergensem,
377 2774 815 2884 magnifici-principis
831 2773 985 2858 domini
1013 2775 1193 2882 Haguini
1218 2765 1263 2856 ¹re
1293 2775 1326 2855 is
1353 2773 1555 2886 Norvegie
1571 2773 1768 2872 illustris,
1796 2803 1901 2889 pro-t

92 2903 292 2971 curatores
320 2901 361 2964 et
388 2876 557 2969 nuncios
584 2886 797 2996 speciales,
825 2914 875 2970 ex
903 2902 1019 2996 parte
1049 2883 1229 2993 ejusdem
1258 2802 1411 2969 domiui
1439 2886 1559 2995 Regis
1588 2914 1636 2966 cx
1665 2913 1745 2968 una
1806 2903 1892 2966 arte

91 3012 131 3075 et
158 3023 233 3080 uos
254 3024 309 3107 ‚ea
337 2996 465 3079 altera
491 3012 627 3105 parte,
658 2996 913 3104 placitatum,
941 2993 1233 3079 concordatum
1261 3000 1571 3108 etpromissum
1605 3012 1666 3078 est
1701 2996 1744 3079 in
1776 2915 1892 3078 bunc

91 3103 293 3210 modum·
323 3108 458 3189 Primo
485 3105 695 3205 videlicet,
722 3106 834 3217 quod
871 3110 977 3190 inter
1018 3106 1227 3194 dominum
1271 3135 1406 3217 regem
1449 3108 1650 3217 Norvegie
1678 3124 1718 3190 et
1747 3104 1822 3191 nos
1850 3123 1891 3187 ct

91 3246 214 3325 regna
232 3235 385 3301 nostra
413 3246 464 3302 ex
491 3234 667 3330 utraque
690 3236 809 3327 parte
835 3214 956 3301 debet
984 3221 1096 3301 firma
1127 3248 1205 3327 pax
1236 3236 1276 3301 et
1303 3219 1497 3301 securitas
1534 3218 1712 3327 plenaria
1746 3234 1892 3327 perpe·¹

91 3328 451 3437 tuistempo'ribps
479 3328 704 3435 observari:
732 3331 786 3414 Et
813 3347 860 3410 ut
886 3335 973 3441 ipsa
1014 3358 1095 3439 pax
1124 3346 1165 3415 et
1201 3322 1394 3413 securitas
1435 3331 1626 3440 utrinque
1669 3330 1822 3411 lirmius
1851 3346 1891 3418 et
1926 3355 1941 3364 ·‘
2035 3398 2043 3411 .

92 3439 365 3541 inviolabilius
406 3459 606 3550 perpetuo
631 3456 874 3544 ¹teneantur,
923 3440 1047 3527 debet
1090 3440 1276 3524 domiuus
1318 3468 1391 3523 rex
1433 3440 1635 3547 Narvegie
1677 3439 1894 3549 praedictus

90 3551 211 3635 filiam
236 3579 353 3653 suam
375 3553 716 3659 primpgenitam,
738 3551 956 3660 legitimam
995 3551 1202 3661 ingeburg
1238 3553 1419 3650 nominc,
1467 3550 1680 3634 domicello
1722 3550 1891 3663 Magna,

89 3662 354 3758 filio-domini
390 3663 547 3769 Birgeri
593 3661 816 3745 Svevorum
858 3665 963 3770 regis
1002 3660 1168 3743 illustris
1211 3665 1352 3769 nepoti
1394 3678 1535 3743 nostro
1578 3659 1822 3771 desponsare
1850 3677 1891 3742 et
1977 3710 1978 3713 κ

18 3822 22 3829 -
88 3772 365 3882 copulandam
385 3772 464 3853 sibi
492 3758 840 3853 matrimonialiter
867 3775 1079 3879 assignare.
1108 3772 1200 3881 Ipse
1228 3774 1352 3855 eciam
1384 3770 1570 3855 dominus
1598 3802 1670 3853 rer
1690 3774 1891 3883 Norvegie
2022 3870 2025 3879 Ι
2139 3828 2144 3835 ·

87 3882 257 3967 eandem
288 3883 406 3987 liliam
433 3909 546 3987 suam
575 3884 819 3965 constituere
838 3881 974 3978 ,debet
1009 3902 1105 3995 post
1145 3910 1187 3962 se
1229 3884 1345 3992 regui
1388 3883 1588 3991 Norvegie
1630 3882 1827 3964 haeredem
1857 3886 1889 3965 si

86 3998 221 4104 ipsum
250 4022 334 4099 nou
364 3992 574 4100 contingat
602 3992 727 4076 lilium
756 3990 995 4100 legittimum
1030 3991 1236 4088 obtinere,
1278 3994 1312 4075 si
1348 3994 1445 4075 vero
1483 3993 1606 4073 filium
1651 3993 1889 4101 legittimum

85 4108 333 4201 obtinuerit,
362 4132 453 4187 cum
481 4089 617 4188 eadem
646 4103 726 4185 filia
752 4130 825 4184 sua
854 4099 1066 4184 domicello
1097 4098 1291 4211 praedicto
1320 4103 1346 4184 6
1374 4102 1498 4185 millia
1534 4102 1787 4191 marcharum
1826 4132 1890 4185 ar·

84 4220 203 4325 genti
230 4219 273 4297 iu
301 4212 458 4315 dotem,
484 4230 526 4293 et
553 4230 711 4295 tantum
737 4210 788 4297 de
817 4231 987 4321 argento
1012 4211 1118 4295 idem
1146 4210 1382 4323 domicellus
1410 4240 1557 4323 sponse
1592 4242 1664 4296 sue
1702 4212 1890 4324 praedicte

82 4331 254 4413 racione
285 4326 523 4412 donacionis
551 4338 721 4435 propter
749 4326 934 4435 nuptias,
961 4352 1041 4435 qve
1068 4324 1319 4433 Mornegioll
1342 4324 1491 4415 dicitur
1526 4326 1600 4407 assi
1632 4326 1744 4406 nabit
1780 4325 1890 4408 ride·

82 4441 186 4523 licet
215 4441 322 4520 bona
349 4465 421 4520 seu
450 4452 582 4539 certos
609 4434 793 4518 redditus
821 4451 898 4544 pro
926 4432 1147 4522 rodensi
1175 4464 1274 4517 vero
1301 4435 1426 4519 haeres
1454 4436 1569 4543 regui
1596 4355 1740 4533 berit,
1776 4434 1890 4520 dabit

80 4549 219 4646 eidem
248 4550 273 4629 8
301 4543 703 4653 milliamarcbarum
734 4548 830 4655 puri
854 4548 897 4629 in
926 4546 1191 4631 donacionem
1221 4564 1391 4659 propter
1425 4548 1589 4655 nuptias
1617 4564 1657 4628 et
1690 4574 1814 4657 super
1842 4574 1892 4629 eo

76 4664 279 4752 faciemus
304 4686 380 4746 nos
406 4686 509 4743 cum.
525 4660 673 4751 nostris
701 4656 890 4746 fidelibus
916 4661 1162 4746 cauciouem.
1218 4656 1419 4756 Debemus
1447 4659 1571 4742 eciam
1607 4685 1679 4739 nos
1713 4676 1755 4739 et
1781 4657 1911 4741 boua'

73 4757 170 4876 lide
198 4771 470 4879 promittimus
486 4753 708 4876 ‘intendere
727 4766 879 4891 placite
905 4786 946 4851 et
966 4758 1139 4865 fideliter
1161 4760 1370 4878 cooperari
1393 4785 1579 4879 prototo
1601 4796 1718 4878 posse
1740 4786 1891 4868 nostro,

71 4882 203 4995 quod
228 4880 426 4988 domium
446 4880 636 4991 llirgerus
663 4908 735 4987 rex
764 4878 987 4965 Sacrorum
1015 4870 1066 4964 ad
1096 4880 1274 4989 regimen
1302 4898 1345 4963 r'e
1376 4881 1417 4962 ni
1444 4880 1691 4977 sui-redeat,
1712 4878 1767 4962 'ct
1803 4877 1891 4989 dig·

77 4997 259 5099 nitatem
275 4993 528 5106 jregiam,.et
554 4988 670 5105 qvod
691 4989 800 5101 lilius
825 5016 924 5094 suus
955 4978 1191 5102 domicellus
1231 4908 1470 5101 saepedictus
1510 4966 1720 5111 succedat¹
1737 4988 1863 5077 eidem
1875 5052 1889 5101 ,
