4317 5975
970 386 1035 413 ...
1137 344 1227 455 '³74
1334 390 1394 413 ...

303 582 469 759 1379.
642 736 647 747 .
924 575 1166 687 13013'd.
1221 584 1288 695 rs
1335 576 1440 687 Jun.
1515 576 1522 589 ’
1605 636 1609 644 ·

369 806 548 871 Advocato,
568 808 577 867 i
599 798 781 868 sioctbotm
803 802 982 871 Cunmrsss
1004 802 1282 879 scrubbi-umbus
1300 800 1487 881 Krmungeos
1508 800 1584 881 gods
1604 802 1663 865 ocb
1687 804 1867 882 tutonem,
1888 808 1955 878 eber
1972 814 1978 874 i
1997 816 2050 881 bin

291 982 295 987 Ι
421 893 526 965 derat,
548 891 586 951 uf
602 908 679 968 egnu
701 890 800 951 inerret
830 890 934 951 temno
969 888 1125 949 Ridduren
1158 886 1258 947 Johun
1292 882 1392 965 Euge!
1420 886 1580 971 betiugodt
1613 889 1838 970 νοάστΙιςἹὸι·
1859 892 2049 981 gdsdenbigfi,

422 996 492 1037 som
509 974 571 1035 bun
595 972 709 1033 temnat
732 972 921 1055 Konungeu‚
941 970 1002 1034 ocb
1024 969 1172 1049 Hskeuts,
1195 990 1259 1031 som
1284 966 1344 1030 buu
1369 970 1482 1031 iemust
1503 971 1649 1032 Mar-sien
1671 970 1810 1035 Thortei
1833 970 1981 1039 usuum.

1812 1086 1836 1143 J.
1853 1088 1878 1143 6:
1898 1091 1947 1147 150.

398 1224 608 1308 Vniuersis
637 1220 787 1305 Christi
832 1224 1017 1305 fidelibus
1062 1248 1239 1330 praesens
1274 1224 1466 1331 seriptum
1512 1222 1779 1306 Censentibus
1822 1226 2049 1317 Cumsrunus

149 1362 161 1377 “
284 1340 504 1423 advocatus
532 1332 878 1431 ‚stokhoimensim
920 1335 1088 1415 sulutem
1120 1337 1159 1415 in
1192 1335 1366 1415 Domino
1402 1337 1698 1443 sempiternom.
1735 1338 1985 1421 Vniuersitati
2009 1346 2049 1425 iu·

286 1486 329 1537 re
362 1452 616 1562 praeseutium
658 1447 988 1555 denoteturper
1024 1465 1232 1541 ¹tenorem,
1268 1446 1448 1527 nobilem‘
1486 1448 1646 1527 militem
1687 1449 1901 1529 Dominum
1938 1454 2050 1535 loban-

286 1597 374 1647 uem
405 1562 557 1645 dictum
588 1560 807 1669 Angelum,
852 1562 1028 1639 Domino
1065 1588 1153 1639 uren
1192 1559 1311 1669 Regi,
1355 1562 1505 1639 curiam
1537 1586 1646 1639 suam
1679 1560 1805 1667 Algo,
1847 1578 1886 1640 et
1913 1564 2050 1649 Domino

284 1676 471 1760 Thuroni
500 1677 714 1765 Kuutson,
759 1670 906 1751 diiecto
940 1671 1167 1751 Marcbaleo
1210 1698 1302 1765 suo,
1347 1671 1461 1749 aliurn
1500 1676 1649 1751 curiam
1681 1671 1825 1752 dictam
1868 1675 2050 1771 fintenus,

284 1796 326 1873 iu
356 1789 551 1895 ostgotia,
580 1786 677 1893 ipsis
706 1784 968 1892 ipsorumque
1007 1780 1232 1863 baeredibus
1275 1782 1511 1877 contulisse,
1556 1785 1642 1864 iure
1687 1783 1957 1883 baereditario,
1987 1817 2050 1896 per·

282 1920 403 2011 petue
432 1893 706 2010 possidendas.
750 1898 829 1975 Pro
857 1892 1009 2005 quibus
1037 1894 1114 1973 sibi
1146 1892 1360 1987 debonis,
1399 1893 1562 1973 Domini
1599 1896 1727 1975 nostri
1757 1896 1897 2003 Regis,
1923 1916 1959 1977 et
1985 1900 2049 1981 red·

283 2014 458 2106 ditibus,
486 2005 703 2088 secundum
735 2007 1033 2086 aestimationem
1064 2004 1261 2085 nobilium
1308 2007 1593 2102 Dominorum,
1629 2006 1833 2102 videlicet,
1871 2011 2049 2093 Venerabi·

284 2128 332 2208 tis
361 2125 491 2205 Putris
519 2119 682 2201 Domini
728 2120 776 2197 Ν
806 2120 881 2199 Dei
918 2118 1067 2220 gratia,
1108 2116 1412 2223 Arebiepiscopi
1443 2117 1708 2225 VpsaliensiS,
1743 2138 1785 2201 et
1813 2120 1967 2201 Domini
1991 2127 2049 2204 An·

284 2238 391 2319 dreae
419 2230 626 2344 praepositi
656 2228 824 2324 ibidem,
855 2231 893 2309 iu
924 2227 1051 2335 duplo
1081 2228 1250 2333 majores
1278 2225 1480 2324 redditus,
1523 2256 1615 2338 quse
1644 2228 1694 2310 de
1720 2231 1920 2340 praedietis
1957 2235 2049 2340 curiis

283 2348 531 2458 proveniunt
559 2343 766 2423 annuatim
796 2338 970 2421 finaliter
998 2339 1218 2435 ordinabo,
1251 2340 1283 2417 si
1314 2367 1410 2419 vero
1439 2338 1489 2421 de
1519 2341 1635 2424 bonis
1668 2342 1835 2424 Domini
1861 2332 1972 2450 Regis
1985 2348 2049 2425 red·

283 2460 391 2542 ditus
422 2476 470 2537 ut
499 2453 667 2563 praedixi
697 2480 778 2533 non
803 2451 1048 2561 optinuerit,
1076 2449 1153 2530 sibi
1185 2449 1234 2531 de
1264 2448 1383 2530 bonis
1411 2454 1508 2531 meis
1539 2452 1716 2563 proprijs
1743 2456 1880 2536 omnia
1908 2456 2049 2563 integra·

283 2574 375 2653 liter
404 2568 640 2675 complebo,
668 2594 760 2673 quae
789 2566 829 2644 iu
853 2563 996 2643 litteris
1026 2563 1186 2641 Domini
1234 2564 1358 2641 nostri
1404 2562 1542 2669 Regis,
1583 2593 1706 2673 super
1750 2566 1830 2647 hoc
1872 2568 2048 2661 confectis,

144 2684 147 2690 ’
282 2684 416 2792 sigilio
443 2708 518 2761 suo
547 2677 737 2788 proprio,
766 2705 814 2757 ac
841 2674 978 2756 dilecti
1006 2674 1160 2755 Fratris
1187 2676 1248 2755 sui
1278 2675 1324 2755 E.
1354 2676 1428 2755 Dei
1457 2676 1606 2782 gratia,
1644 2676 1759 2759 ducis
1794 2706 1989 2761 suecorum
2021 2695 2048 2757 et

43 2790 49 2801 ⁵
184 2826 189 2833 ·
281 2795 429 2879 Driecti
460 2790 663 2874 Marscalci
694 2790 755 2870 sui
786 2787 1038 2895 praemuuitis
1066 2787 1340 2867 continentur.
1379 2786 1425 2865 Iu
1456 2786 1578 2867 huius
1603 2790 1881 2869 testimonium
1911 2817 2048 2898 praesen·

282 2927 362 3006 tes,
390 2905 553 3014 scripsi,
583 2902 678 2995 feci,
708 2918 749 2980 et
777 2899 896 3009 sigilli
935 2900 1028 2992 mei,
1061 2926 1148 2977 nna
1198 2926 1286 2977 eum
1323 2897 1455 3006 sigilio
1479 2897 1631 2978 fratris
1674 2901 1839 2981 brauidi
1880 2902 2048 3011 quondan

279 3021 450 3132 prioris,
479 3019 522 3095 iu
552 3013 825 3096 Esbilltnuum
856 3013 1078 3094 munimine
1107 3010 1306 3092 roborari.
1346 3014 1466 3092 Auno
1499 3011 1676 3092 Domini.
1712 3013 1882 3095 M.CCC.
1924 3011 2046 3106 Tertio,

286 3139 333 3215 15
363 3128 527 3214 calend.
556 3125 780 3231 Februarij.

453 3274 560 3352 Eutigt
581 3270 763 3350 teckningen
785 3271 822 3330 os
839 3267 984 3350 Sigilieu,
1005 3284 1095 3347 syces
1115 3267 1174 3326 Nm
1201 3283 1211 3324 ι
1238 3261 1332 3324 bubo
1355 3265 1434 3324 verit
1455 3261 1604 3345 sksdsdt,
1626 3267 1685 3328 Nzo
1707 3285 1725 3328 α
1747 3267 1920 3350 υῑρΙᾶηιόι.

179 3656 189 3666 ’
291 3645 452 3770 1380.
528 3671 540 3694 ‘
913 3627 1064 3743 1303
1110 3629 1160 3736 d.
1214 3633 1282 3743 18
1328 3631 1435 3735 Jan.
1707 3743 1709 3748 ,
1915 3625 2046 3734 Luod

360 3859 553 3942 ,irlrebiskop
585 3859 684 3918 Ysius
717 3857 725 3914 i
758 3853 848 3916 Lund
882 3853 1064 3914 vidimotioo
1099 3851 1136 3912 ni
1159 3852 1542 3914 Cisterciencer-Abboten
1578 3853 1647 3917 Wu
1679 3853 1793 3917 honum
1828 3853 1987 3918 ib'revisnde
2011 3847 2047 3913 ni·

407 3944 502 4012 shift
521 3943 559 4003 af
575 3940 692 4003 Pescen
716 3939 828 4000 Lucius
849 3939 918 4000 111³
938 3937 1045 4013 Botis,
1066 3937 1225 4015 unguende
1248 3936 1374 3997 bibetur
1397 3937 1446 3998 so'r
1467 3937 1873 4001 cisoniensis-ursocius
1893 3937 1963 4018 jord.

1733 4085 1755 4136 '.
1822 4051 1939 4108 A.t.d.

246 4203 251 4214 '
386 4199 581 4278 Ysunns
627 4191 885 4301 permissione
927 4187 1065 4268 diuina
1110 4183 1313 4266 lundensis
1355 4185 1884 4297 archiepiscopus-Swecie
1924 4189 2044 4297 priuos

277 4312 461 4392 electus·
480 4307 678 4387 uniuersis
710 4319 911 4410 presentes
940 4298 1572 4407 litterasinspecturis·Salutem
1601 4302 1643 4380 in
1673 4299 1838 4383 domino
1865 4304 2042 4406 sempiter-

278 4451 368 4502 num
384 4469 401 4484 -
418 4421 544 4499 Vobis
573 4416 770 4494 vuiuersis
798 4430 837 4492 et
867 4413 1033 4516 singulis
1062 4427 1203 4490 tenore
1235 4413 1481 4518 presencium
1499 4411 1726 4514 intimamus
1741 4460 1758 4476 ·
1773 4414 1884 4524 quod
1900 4409 2042 4515 Religio·

276 4565 342 4615 sus
358 4538 420 4614 vir
449 4531 572 4611 frater
589 4527 756 4606 Boecius
779 4526 911 4606 dictus
932 4519 1066 4602 Brund
1081 4568 1098 4581 ·
1112 4521 1333 4602 Monachus
1348 4567 1365 4582 ·
1381 4521 1616 4631 blonesterij
1631 4525 1864 4606 Nouevaliis
1878 4571 1895 4586 -
1908 4525 2042 4622 Cister-

276 4648 418 4725 eieusis
447 4636 893 4746 ordinis-impensis
921 4632 1191 4733 diocesis-in
1231 4651 1367 4714 nostra
1412 4637 1616 4741 presencia
1660 4639 2040 4744 constitutus-quas·

274 4829 546 4848 W

315 4893 339 4967 *)
355 4885 584 5031 ξὶὲιιιεὶιᾰῐέεη
606 4885 614 4944 i
637 4903 674 4944 eu
695 4881 843 4947 odstered
866 4878 1063 4954 vidimcliou,
1096 4875 1220 4937 iemnad
1248 4877 1284 4938 ai
1301 4876 1446 4940 Abbotun
1474 4851 1632 4956 Joblunnes
1653 4881 1663 4944 i
1683 4881 1805 4966 Nyduiu
1828 4880 1875 4943 titt
1895 4869 2041 4942 Abbotrui

307 5008 321 5022 κ
378 4987 439 5030 ou
494 4987 582 5028 oser.
