4317 5975
1816 27 1826 36 .

1827 27 2094 240 Ἰ

323 551 445 661 cupio
488 547 721 647 euidenter,
763 546 875 662 quod
913 547 1102 633 dominus
1143 511 1392 646 Laurenaius
1420 549 1486 633 dei
1515 551 1650 660 gracia
1680 555 1883 665 episcopus
1906 561 2046 677 lincopen.

322 665 392 761 tis,
436 655 486 742 de
513 658 661 742 debitis
689 689 772 771 que,
798 688 847 742 ex
877 678 993 770 parte
1024 660 1177 744 domini
1194 663 1285 742 'mei
1314 659 1515 744 benedicti
1543 662 1752 776 quondam
1780 669 1935 780 episcopi
1968 677 2047 763 lium

321 775 456 882 pensis
485 771 653 854 tenebar
683 771 926 882 persoluere.
956 773 1103 858 LXIII.
1146 773 1331 856 Marcbaa
1361 801 1437 889 pro
1465 775 1693 878 mensoluit,
1723 782 1937 888 promittens
1959 817 2002 870 mc
2020 794 2048 874 li

885 281 1278 427 ,μω
1385 267 1536 398 ...'

160 889 164 896 ’
239 960 245 970 ,
318 885 460 966 berum
490 883 541 966 de
569 885 776 965 solucione
805 887 882 966 iam
909 887 1279 995 expressa'pariter
1313 901 1354 966 et
1390 903 1658 1002 exemptunn

730 1027 852 1113 sigillet
874 1028 970 1112 nigot
991 1026 1137 1110 sladodt,
1165 1029 1206 1116 pt
1227 1049 1266 1094 en
1290 1049 1329 1091 ur
1350 1027 1473 1094 brelret
1495 1027 1600 1116 llippt
1620 1035 1730 1096 remam

235 1404 285 1519 ⁸,
332 1441 502 1572 1741.
918 1483 923 1490 ·
994 1427 1478 1576 (rapa—1312),

397 1617 625 1684 Prestmrnoen
648 1617 765 1699 ¹lorsam
798 1621 806 1680 i
834 1615 1028 1700 Lommaryd
1060 1616 1325 1680 testamentariam
1356 1620 1527 1701 anordning
1559 1620 1595 1681 al
1618 1619 1665 1684 sin
1694 1620 1771 1684 laste
1798 1619 1853 1686 ocb
1878 1621 1932 1686 lisa
1950 1623 2049 1706 egendo·

440 1703 491 1766 till
513 1702 645 1781 kloster,
667 1697 785 1784 kyrion
806 1701 865 1762 och
887 1699 1026 1762 rostilde
1047 1719 1203 1786 perunum.
1893 1785 1956 1856 Η

428 1891 479 1970 Jn
510 1889 674 1970 nomine
701 1901 840 1969 sancte
867 1901 908 1967 et
937 1883 1148 1967 indiuiduo
1176 1887 1385 1984 trinitatis,
1414 1885 1502 1996 Ego
1533 1911 1732 1972 ronanam
1762 1887 1942 1998 plebanus
1959 1892 2048 1972 iulo

314 1998 533 2108 marydht,
554 1999 648 2082 licet
675 2025 849 2108 corpore
877 1995 1033 2094 debilis,
1063 2015 1196 2078 mente
1226 2013 1358 2080 tamen
1387 2025 1509 2080 sanus
1536 1997 1833 2082 Testamentum
1861 2029 1969 2080 meum
1991 2031 2050 2082 con·

311 2113 365 2195 do
395 2115 435 2191 in
464 2111 573 2192 lruuc
603 2109 777 2207 modum,
806 2112 858 2190 Jn
889 2110 1027 2218 primis
1055 2109 1097 2189 iu
1128 2107 1323 2192 bonorem
1354 2109 1467 2190 beate
1495 2112 1682 2218 pirginis,
1714 2111 1908 2192 monacbis
1932 2111 2048 2192 inalua·

225 2288 227 2293 .
311 2241 462 2318 atrurn,
505 2219 615 2331 apud
642 2250 747 2334 qnos
782 2221 888 2330 eligo
921 2219 1192 2328 sepulturam,
1235 2220 1327 2328 lego
1362 2219 1581 2304 decretales
1625 2239 1803 2316 nostras,
1848 2224 2047 2316 lrreuiariou,

310 2351 351 2418 et
380 2331 672 2414 ambulatorem
705 2348 908 2428 nostrum,
936 2347 979 2412 et
1007 2359 1131 2411 vnum
1161 2332 1434 2412 centenarium
1468 2333 1662 2440 v‘admalia
1697 2351 1739 2416 et
1766 2333 1863 2431 tela,
1898 2333 2049 2416 Fratribus

313 2445 538 2526 minoribus
573 2444 785 2554 iuuaeopie
822 2439 872 2524 ad
900 2439 1099 2524 editicium
1129 2462 1210 2525 tres
1240 2469 1391 2526 marcae
1419 2439 1696 2542 denariorum,
1724 2443 1884 2548 ecclesie
1908 2471 1976 2524 mec
1999 2445 2047 2522 .lll.
2093 2523 2094 2550 ι

312 2581 465 2638 marcas
507 2551 644 2636 denar.
685 2583 777 2636 oum
824 2551 974 2664 predijs
1014 2553 1208 2643 omnibus,
1238 2571 1280 2636 et
1320 2553 1501 2660 singulis,
1529 2583 1611 2668 que
1640 2553 1827 2666 possideo
1854 2557 1893 2636 in
1920 2555 2049 2664 pamella
2093 2661 2094 2664 p

309 2695 409 2764 mea,
439 2668 573 2777 primo
603 2667 790 2749 videlicet
819 2669 861 2745 in
890 2663 1188 2774 biaeruarydbt,
1217 2663 1400 2775 predium
1431 2666 1603 2748 duarum
1633 2695 1869 2763 marearum,
1894 2684 1931 2746 et
1953 2665 2049 2746 inlul-
2092 2679 2094 2732 l

155 2776 158 2785 '
263 2809 267 2816 ’
311 2776 525 2888 larydhum
568 2771 754 2887 predium
799 2778 917 2856 nnius
944 2805 1078 2859 marce
1112 2775 1391 2874 denariorum,
1416 2794 1472 2858 ,ει
1500 2779 1543 2858 in
1573 2777 1753 2861 bodbum
1786 2777 1955 2888 predium
1977 2778 2049 2854 rniu

306 2917 453 2984 marce,
480 2890 640 2971 Karulo
670 2889 862 3001 vlphasou
887 2887 1065 2970 balteum
1096 2905 1277 2968 nostrum
1305 2905 1541 2997 argenteum
1569 2917 1672 2973 cum·
1690 2905 1981 2997 raseurgeuteo,
2000 2889 2049 2968 llo

304 3002 460 3085 micelle
487 3002 685 3083 Katerina
714 2998 928 3097 missalem,
951 3002 1111 3083 baononi
1143 3000 1283 3083 bucca.
1311 3028 1433 3083 vnum
1462 3000 1626 3085 calicem
1655 3018 1696 3083 et
1722 3001 1931 3087 caldarium
1955 3002 2048 3082 bran

304 3132 410 3211 ture,
451 3112 642 3223 Ragnildi
668 3115 785 3196 oxori
813 3113 901 3192 eiua
928 3105 970 3195 ,1,
997 3112 1306 3207 ambulatorem,
1334 3110 1499 3193 domino
1524 3114 1710 3221 ‚asulpbo
1727 3117 1901 3211 tunicam
1927 3138 1996 3193 eun
2014 3108 2050 3187 lo
2090 3178 2092 3221 r

150 3239 155 3247 '
302 3225 468 3308 dratura
484 3222 533 3305 de
548 3217 788 3320 mardalinis,
801 3238 842 3303 et
854 3225 1067 3333 capucium
1083 3224 1220 3321 simile,
1234 3226 1364 3305 sorori
1379 3250 1464 3305 mea
1478 3224 1614 3306 secilie
1630 3221 1676 3337 (l)
1698 3226 1727 3305 l.
1751 3230 1906 3333 nigrum
1920 3234 2049 3333 egomet
2088 3222 2091 3343 l

306 3336 529 3418 collobium
560 3353 754 3432 nostrum,
781 3362 873 3416 oum
901 3364 977 3416 suo
997 3336 1187 3444 capucio,
1216 3337 1346 3415 sorori
1374 3352 1559 3429 mee-asa
1581 3338 1626 3417 ,1,
1657 3336 1942 3435 ambulatorem
1967 3352 1996 3413 et
2013 3348 2051 3411 tr
2088 3362 2090 3371 ‘

304 3450 434 3529 nicam
477 3447 654 3528 blaniam
695 3444 746 3527 de
788 3472 936 3553 aayan,
977 3444 1154 3552 ragnildi
1201 3446 1241 3527 .l.
1285 3448 1462 3527 tunicam
1499 3446 1672 3539 blauiam
1700 3440 2049 3553 cumeuocapudu

304 3575 527 3667 margarete
554 3558 597 3641 J.
627 3559 816 3638 tunicam.
842 3554 1009 3637 domiuo
1036 3558 1202 3637 iolranni
1237 3572 1436 3663 congnato
1466 3574 1624 3653 nostro,
1652 3558 1704 3640 de
1733 3558 1956 3639 olusatrum.
1976 3576 2054 3633 ouu-

182 3770 186 3777 θ
302 3668 560 3752 decretalium
595 3684 637 3749 et
664 3666 901 3747 summulam
929 3664 982 3775 de
1015 3666 1285 3761 abstinencia,
1313 3666 1478 3749 domino
1513 3666 1708 3777 ragualdo
1736 3669 1887 3779 priori,
1924 3658 2049 3749 radnale

303 3808 381 3890 pro
409 3780 610 3876 cucculla,
637 3795 681 3859 et
709 3778 875 3861 domino
904 3804 1051 3884 magno
1078 3776 1273 3873 similiter,
1302 3776 1695 3863 domino.lorcundo
1723 3782 1764 3863 J.
1796 3807 1931 3865 nucem
1955 3798 2048 3881 argee

303 3908 429 3984 team,
456 3891 625 3973 domino
653 3889 821 3971 iohanni
849 3889 900 3971 de
927 3888 1147 3997 balarydht
1174 3888 1215 3971 ,1,
1245 3916 1417 3971 vaccam.
1445 3888 1622 3976 domino.
1636 3892 1684 3973 N.
1699 3890 1750 3974 de
1769 3886 2049 3991 bredhestadlrun

300 4002 342 4089 ,1,
371 4030 544 4097 vaccam,
572 4000 750 4097 domino,
765 4002 817 4081 0.
839 3996 891 4084 de
905 3998 1214 4107 irinnarydbum
1244 4000 1287 4083 ,1,
1316 4026 1491 4097 vaccam,
1518 4003 1694 4085 domino.
1724 4004 1776 4087 Μ.
1794 4002 1845 4083 de
1862 3993 2047 4110 hagrydhl.

273 4138 485 4209 sacuam,
514 4113 628 4193 fratri
657 4111 826 4221 alphoni
854 4110 900 4195 ,1,
928 4108 1074 4220 pellem
1104 4117 1300 4206 resinam,
1334 4126 1375 4190 et
1405 4110 1541 4192 bottas
1570 4130 1739 4211 nostras,
1768 4116 1874 4195 ltem
1902 4102 2048 4218 ingiuallo

224 4215 228 4230 ’
291 4216 343 4308 ’.1,
374 4226 535 4334 nigrum
566 4222 858 4305 ambulatorem
887 4222 949 4303 ,11,
976 4220 1114 4303 boues.
1143 4236 1184 4302 et
1213 4221 1243 4301 l.
1274 4222 1546 4317 vaccam,lula
1577 4224 1618 4305 ,Ι.
1645 4226 1830 4305 iuuenem
1846 4250 1963 4334 eqnm,
1984 4232 2011 4297 et
2025 4212 2047 4293 l.

180 4333 183 4345 ’
297 4340 531 4434 iuuencum,
568 4353 609 4416 et
642 4333 683 4416 ,1,
712 4336 939 4429 iuuencam,
968 4352 1085 4440 petro
1112 4332 1215 4415 daco
1243 4332 1284 4417 J.
1313 4360 1484 4415 vaccam.
1512 4351 1554 4415 et
1589 4362 1742 4445 capam.
1767 4332 1932 4417 iar-‘undo
1956 4352 2049 4441 partu

300 4452 329 4531 1.
360 4451 525 4545 bouem,
555 4447 696 4530 beroni
732 4446 773 4527 ,1,
803 4445 989 4525 iuuenem
1018 4442 1185 4539 bouem,
1221 4460 1444 4553 margarete
1473 4444 1719 4555 paupercule
1750 4446 1793 4531 ,1.
1823 4472 1978 4537 vaccam,
1997 4434 2048 4530 tit·

301 4590 351 4641 ro
387 4556 590 4641 brudsson
628 4558 670 4640 J.
700 4582 879 4655 graecam.
911 4570 952 4634 et
987 4579 1128 4636 ocreas
1154 4558 1245 4635 suas
1282 4580 1424 4651 nouas,
1464 4584 1637 4665 regnero
1664 4572 1842 4639 toracem
1871 4580 1985 4645 suam,
2014 4544 2048 4625 Ne

297 4686 432 4753 autem
459 4698 583 4781 super
610 4666 716 4751 dicta
744 4668 951 4775 legacione
978 4665 1124 4777 aliquis
1151 4664 1339 4750 dubitare
1369 4668 1507 4776 possit,
1552 4668 1708 4781 siggilla
1737 4668 1892 4763 domini
1918 4652 2048 4773 godmari

299 4808 545 4892 magnusson
592 4780 725 4865 ltaruli
753 4780 965 4891 vlpbsaou,
993 4776 1145 4861 domini
1182 4776 1380 4882 iohannis,
1402 4780 1685 4893 viceprepositi
1713 4780 1864 4877 nostri,
1904 4802 1971 4857 rna
1991 4791 2047 4852 ann

1874 4960 1879 4971 .
1958 4885 2016 4991 sig·
