4317 5975
805 414 1054 517 ..309
1167 424 1222 477 ..·

133 636 289 745 1301.
582 665 594 680 “
810 640 970 747 1300.
1013 641 1145 749 odat
1405 740 1412 755 ,
1570 642 1913 751 'Westeras

190 904 426 967 Domrrrmrs
447 905 457 967 i
479 903 640 968 Westerds
660 902 824 965 skril'relse
844 902 894 965 till
917 902 1171 990 brie-Bislopen
1196 906 1206 965 i
1227 905 1357 991 Upsela,
1378 926 1429 966 om
1452 870 1822 993 ffi1·1·attadtBislopsral‚
1842 908 1913 970 med

175 1002 178 1007 ·
242 986 391 1050 achilleo
415 1010 466 1050 orn
488 986 679 1051 stadllstelse
700 987 751 1048 mr
771 984 915 1049 Kanilren
938 988 949 1048 i
970 988 1150 1072 Linio'ping
1173 988 1333 1066 Nicolaus,
1356 987 1501 1067 bvillen,
1522 989 1615 1051 sedan
1640 1008 1709 1052 atne
1730 992 1827 1053 eudre
1845 992 1914 1054 fiir·

246 1082 285 1131 ut
307 1071 400 1135 valde
421 1081 492 1135 mon
514 1072 615 1152 stege
634 1072 680 1153 sig
701 1070 790 1133 detta
810 1070 1010 1151 ldrtroeude,
1032 1070 1188 1134 ldrllarat
1215 1073 1260 1153 sig
1283 1071 1372 1154 villig
1393 1082 1441 1135 stt
1461 1071 1801 1169 kallelsenaecmottaga.

1668 1222 1703 1278 A.
1720 1238 1787 1292 pau.

242 1369 482 1455 Reuerendo
513 1374 554 1453 in
576 1371 743 1453 christo
765 1374 871 1482 patri
894 1401 941 1455 ac
969 1371 1135 1456 domino
1164 1402 1238 1455 suo
1265 1376 1440 1455 Domino
1469 1375 1507 1455 N
1536 1374 1672 1455 diuina
1692 1374 1912 1485 prouiden·
2044 1454 2048 1467 ,

112 1486 171 1569 cia
200 1484 400 1592 vpsalensi
428 1484 753 1592 Arcbiepiscopo
775 1485 1015 1567 carnosus
1042 1486 1214 1567 ecclesie
1235 1487 1459 1567 Arosiensis
1487 1513 1528 1564 se
1558 1488 1772 1593 ipsoscum
1801 1489 1913 1569 omni

112 1597 343 1677 reuerencia
401 1600 440 1675 8ι
474 1596 628 1677 honore
671 1596 908 1675 paternitati
953 1614 1084 1679 vestre
1112 1626 1159 1677 ea
1202 1626 1281 1707 qua
1327 1597 1444 1679 decet
1472 1598 1723 1692 reuerencia,
1751 1597 1912 1681 Tenore

112 1706 362 1820 presencium
401 1706 629 1786 intimamus
671 1706 795 1809 Quod
840 1734 913 1787 nos
937 1708 1177 1787 ·venerabili
1221 1726 1336 1817 patre
1366 1710 1430 1814 pie
1459 1708 1649 1789 memorie
1678 1710 1913 1790 Domin0P
1977 1750 1980 1755 ·

110 1814 314 1928 quondam
342 1816 535 1925 episcopo
566 1836 704 1898 nostro
732 1820 774 1898 iu
802 1819 1003 1927 Norvogia
1031 1816 1239 1913 defuncto,
1260 1821 1379 1898 Anno
1402 1816 1554 1898 domini
1585 1818 1909 1901 M⁰CC⁰XC⁰IX⁰

110 1930 226 2010 Vlll⁰
254 1924 360 2034 ydus
388 1928 482 2033 Maij
512 1933 553 2006 8<
581 1929 666 2008 eins
694 1956 866 2036 corpore
896 1927 1007 2036 apud
1052 1927 1333 2011 Nidharosiam
1364 1928 1515 2009 tradito
1545 1930 1757 2037 sepulture
1789 1944 1912 2037 prout

108 2040 227 2123 nobis
257 2038 514 2147 postmodum
542 2039 714 2119 sabbato
756 2039 862 2119 inira
905 2055 1069 2127 octauas
1111 2040 1386 2147 apostolorum
1432 2067 1479 2147 p,
1521 2048 1560 2121 &
1589 2069 1617 2149 p
1646 2040 1939 2121 certitudine-¹

110 2153 202 2234 liter
229 2151 408 2230 innotuit
439 2148 618 2229 volentes
655 2166 737 2230 tam
778 2148 1058 2256 spiritualibus
1100 2178 1223 2259 quam
1264 2148 1554 2257 temporalibus
1583 2167 1721 2231 nostre
1750 2150 1913 2233 viduate

109 2261 275 2343 ecclesie
319 2256 537 2368 precauere
580 2260 801 2369 dispendijs
830 2288 878 2351 ac
913 2260 1019 2339 infra
1061 2277 1220 2368 tempus
1256 2277 1451 2343 statutum
1480 2290 1503 2341 a
1532 2262 1755 2343 canonibus
1784 2262 1910 2343 eidem

110 2372 161 2455 de
190 2388 352 2481 pastore
380 2373 520 2480 preuia
549 2370 615 2478 dej
644 2374 776 2479 gracia
799 2370 1017 2481 prouidere
1045 2373 1086 2451 in
1115 2371 1330 2453 aduincula
1352 2371 1482 2480 sanctj
1498 2374 1603 2481 petri
1619 2376 1660 2452 in
1676 2401 1798 2453 vnum
1815 2401 1912 2454 con·

111 2486 346 2565 uenimus&
362 2498 546 2591 quartam
578 2482 714 2561 feriam
744 2483 847 2562 infra
877 2501 1043 2565 octauas
1070 2485 1360 2593 assumpcionis
1379 2483 1493 2564 beate
1519 2484 1685 2589 virginis
1700 2486 1912 2565 statuimus

108 2593 162 2675 ad
190 2595 430 2697 eleccionem
462 2593 588 2674 futuri
619 2594 825 2700 pontilicis
850 2592 1145 2694 celebrandam,
1176 2594 1331 2675 Deinde
1362 2591 1540 2701 predicta
1569 2594 1634 2675 die
1665 2596 1852 2695 veniente
1869 2598 1913 2675 in
1981 2679 1984 2697 ,

110 2708 201 2789 loco
229 2705 398 2814 capituli
426 2730 478 2787 ex
508 2732 618 2785 more
644 2706 930 2785 conuenientes
960 2704 1215 2812 presentibus
1257 2705 1446 2809 omnibus
1472 2705 1546 2814 qui
1582 2702 1812 2787 debuerunt
1841 2735 1912 2813 yn·

109 2820 344 2899 luerunt&
374 2832 596 2923 potuerunt
625 2814 833 2896 commode
863 2817 1053 2897 interesse
1087 2819 1282 2897 invocata
1325 2818 1490 2924 spiritus
1517 2817 1807 2925 sancti‘gracia
1839 2846 1912 2925 per

63 2984 67 2994 ·
108 2931 214 3012 viam
243 2928 493 3010 decreuimus
514 2926 734 3036 procedere
748 2927 1035 3034 compromissi,
1051 2928 1104 3007 Et
1121 2926 1460 3035 compromissarij
1476 2926 1614 3023 nostri,
1627 2926 1913 3011 Reuerendum

37 3125 42 3140 ,
107 3044 241 3123 virum
270 3039 481 3136 dominum
508 3054 651 3129 clarum
680 3038 844 3120 ecclesie
874 3039 1094 3145 vpsalensis
1123 3041 1360 3120 canonicum
1396 3033 1652 3118 concorditer
1681 3037 1912 3148 elegerunt,

106 3155 192 3257 Qui
220 3151 421 3233 eleccione
459 3142 538 3230 sibi
576 3148 680 3233 infra
724 3166 885 3255 tempus
914 3149 1096 3241 debitum
1126 3166 1351 3256 presentata
1380 3155 1420 3230 &
1447 3147 1592 3254 elapsis
1621 3177 1723 3257 quas
1750 3149 1829 3230 sibi
1858 3149 1931 3264 ad¹

103 3261 418 3346 deliberandum
453 3262 668 3369 prefixerat
689 3258 861 3367 inducijs
876 3263 900 3339 J
903 3289 927 3339 n
944 3276 1085 3340 octaua
1102 3261 1329 3341 natiuitatis
1352 3259 1468 3358 beate
1486 3259 1653 3368 virginis
1669 3261 1776 3367 apud
1794 3289 1913 3369 vpsa·
1940 3295 1944 3308 ¹
2027 3283 2032 3290 ·
2051 3265 2055 3270 '

104 3375 202 3480 liam
223 3401 274 3456 ex
296 3373 524 3455 humilitate
554 3370 746 3452 laudabili
774 3373 1005 3452 consentire
1032 3371 1229 3477 eleccionj
1255 3371 1306 3452 de
1332 3399 1375 3451 se
1397 3368 1502 3450 lactc
1517 3373 1676 3476 penitus
1691 3373 1914 3468 recusauit,

102 3513 233 3594 super
250 3511 334 3595 quo
359 3485 479 3594 plena
501 3483 652 3564 noticia
675 3482 827 3578 habita,
856 3482 941 3562 Nos
954 3501 1100 3672 Ἆυπῐει
1124 3480 1223 3564 feria
1241 3483 1426 3589 proxima
1445 3496 1536 3588 post
1551 3479 1700 3608 mathej
1714 3481 1765 3562 ad
1781 3482 1915 3564 locum

101 3597 280 3706 capituti
308 3597 436 3676 nostri
463 3592 613 3703 jterato
641 3594 932 3676 conuenientes
989 3594 1064 3672 iem
1097 3591 1204 3674 beati
1235 3591 1377 3673 kalixti
1413 3619 1489 3699 pro
1518 3592 1721 3672 eleccione
1750 3593 1914 3701 pontifi·

101 3712 166 3790 eis
196 3706 384 3789 duximus
419 3703 693 3801 statuendum,
733 3705 810 3784 Die
852 3704 977 3810 igitur
1025 3705 1177 3811 prefixa
1213 3705 1256 3806 in
1288 3705 1376 3783 loco
1405 3701 1571 3809 capituli
1600 3729 1650 3782 ex
1681 3729 1789 3784 more
1817 3731 1914 3784 con·
2047 3736 2051 3744 ¹

102 3820 318 3900 uenientes
346 3820 530 3918 invocata
559 3818 728 3926 spiritus
768 3814 901 3922 sancti
942 3817 1095 3922 gracia,
1139 3830 1261 3922 prout
1294 3815 1416 3921 prins
1443 3813 1596 3920 placuit
1625 3814 1811 3896 omnibus
1840 3841 1914 3922 per
1953 3829 1959 3834 '

101 3932 216 4010 viam
265 3928 486 4038 procedere
537 3926 813 4036 compromissi
862 3931 901 4004 8(
942 3924 1280 4032 compromissarij
1329 3925 1456 4004 nostri
1505 3923 1723 4004 Dominum
1770 3925 1914 4034 haqui-

44 4101 50 4108 -
100 4070 207 4123 num
237 4043 487 4148 prepositum
531 4055 715 4120 nostrum
757 4033 1014 4116 concorditer
1056 4037 1097 4116 in
1140 4036 1375 4141 episcopum
1417 4031 1645 4141 elegerunt,
1697 4036 1769 4143 qui
1811 4036 1915 4116 clee-

100 4154 217 4237 cioni
261 4151 313 4232 de
354 4179 397 4232 se
439 4151 543 4232 facte
585 4150 716 4258 primo
758 4148 959 4228 consensit
1003 4151 1044 4224 8<
1094 4145 1346 4253 postmodum
1389 4143 1499 4252 apud
1530 4143 1726 4252 vpsaliam
1751 4148 1791 4224 in
1822 4173 1915 4254 pre·

98 4266 241 4348 sencia
278 4279 410 4343 vestra
439 4291 487 4363 nc,
512 4260 681 4372 capituli
710 4261 830 4340 vestri
859 4257 969 4337 nulla
1006 4257 1105 4338 iuris
1134 4256 1365 4338 necessitate
1409 4253 1643 4362 compulsus
1669 4257 1740 4336 sed
1768 4273 1915 4364 sponte
2036 4357 2040 4362 .

102 4377 369 4458 renunciauit
397 4373 506 4453 omni
535 4376 621 4452 Juri
649 4372 726 4451 sibi
764 4395 814 4449 ex
843 4366 1024 4477 predicta
1053 4367 1256 4450 eleccione
1280 4367 1524 4476 competenti
1546 4365 1914 4473 postmodumvero

99 4492 232 4568 Anno
274 4483 438 4567 domini
497 4482 687 4564 M⁰.CCC'
720 4484 762 4560 in
799 4496 942 4561 octaua
980 4477 1208 4587 epiphanie
1243 4477 1707 4558 iterato'conuenientes
1732 4477 1915 4586 predicto

100 4599 203 4680 loco
232 4597 397 4705 capituli
427 4593 478 4676 ad
507 4592 761 4674 tractandum
805 4591 857 4673 de
898 4590 1111 4672 eleccionis
1155 4590 1323 4695 negocio
1371 4585 1602 4694 prefiximus
1628 4584 1733 4668 diem
1761 4605 1915 4668 sextam

101 4709 258 4799 feriam
292 4709 516 4815 proximam
546 4721 636 4813 post
664 4702 967 4784 conuersionem
999 4702 1104 4783 beati
1144 4698 1251 4809 pauli
1282 4726 1372 4778 cum
1403 4699 1715 4778 continuacione
1758 4698 1915 4778 dierum

98 4821 372 4931 sequencium
415 4817 465 4899 ad
493 4817 736 4900 eleccionem
764 4816 805 4894 in
834 4843 878 4894 ea
912 4814 1039 4894 futuri
1084 4811 1283 4919 pontilicis
1312 4807 1608 4907 celebrandam,
1636 4816 1674 4890 &
1703 4805 1915 4889 adomnia

142 4955 150 4962 ’
250 4977 297 5035 ευ.
313 4976 435 5048 mpure
453 4976 495 5029 rr.
1174 4981 1177 4989 .
1454 4988 1457 4996 ·
1660 4993 1667 5003 =
1740 4951 1781 5027 4ο
