4317 5975
988 381 1045 499 ζ-
1154 436 1235 533 432
1346 432 1422 497 -’

295 665 382 773 prii
401 665 454 743 sit
483 663 666 744 arbitrii.¹
689 660 731 739 Si
761 684 860 738 uero
887 660 1037 739 curiam
1067 652 1338 739 'memoratam
1368 656 1409 736 in
1443 654 1522 737 vita
1564 670 1653 736 'mea
1695 652 1883 737 redimere
1907 659 1962 739 nel
1986 690 2041 771 pro

294 775 434 857 eadem
463 794 507 855 ut
534 771 742 883 supradixi
772 772 951 879 precium
980 770 1171 851 exhibere
1208 770 1378 849 noluero
1421 766 1555 877 aliqua
1603 784 1715 877 parte
1759 768 1879 877 precij
1904 769 1948 851 ad
1973 802 2043 881 pre·

292 913 383 967 sens
403 886 554 967 soluta.
582 885 718 992 aliqua
748 909 848 961 uero
875 885 1090 990 superstite
1120 910 1196 991 pro
1225 896 1406 988 tempore
1424 875 1711 988 persoluenda..
1732 882 1923 989 sepedicta
1949 884 2043 967 Curia

292 1026 383 1077 cum
429 999 510 1085 suis
552 992 778 1100 attinenciis
820 995 910 1102 ipso
952 994 1129 1072 claustro
1172 992 1212 1070 in
1260 1011 1498 1101 perpetuum
1544 991 1784 1098 possessorie
1826 991 1874 1071 sit
1912 1020 2044 1077 annexa.

293 1112 356 1188 Jta
388 1127 520 1188 tamen
550 1104 662 1217 quod
706 1134 793 1185 meo
830 1106 1013 1209 regimini
1056 1102 1250 1215 quamdiu
1295 1106 1435 1182 vixero
1477 1100 1676 1182 subdatur
1704 1102 1814 1182 curia
1858 1124 2045 1193 memorata

190 1235 214 1293 Ἀ
293 1220 539 1326 Quicunque
567 1236 701 1297 autern
730 1217 1003 1325 cuiuscunque
1033 1215 1282 1297 condicionis
1312 1214 1434 1293 homo
1462 1213 1591 1321 ‚irrerit
1620 1216 1691 1323 qui
1717 1212 1826 1299 hauc
1854 1242 1968 1292 meam
1995 1216 2047 1298 do·

291 1330 501 1407 necionem
531 1328 752 1436 infringere
779 1356 850 1406 seu
879 1328 1037 1406 irritare
1066 1327 1251 1407 voluerit.
1282 1324 1615 1434 indignacionem
1646 1321 1711 1403 dei
1733 1324 2000 1433 omnipotentis
2021 1348 2049 1410 et

292 1439 412 1520 beate
443 1444 580 1520 matris
609 1468 679 1519 sne
709 1440 831 1517 marie
860 1457 901 1517 et
929 1439 1108 1519 omnium
1137 1453 1368 1517 sanctorum
1393 1465 1434 1515 se
1456 1436 1617 1516 nouerit
1646 1436 1908 1516 incursurum.
1934 1440 2073 1518 Datum‘

293 1579 404 1633 anno
432 1551 595 1630 Domini
625 1551 697 1631 M⁰.
727 1550 888 1629 C⁰C⁰C⁰
921 1566 1068 1658 quarto
1098 1550 1149 1627 Jn
1179 1549 1243 1628 die
1272 1564 1500 1627 sanctorum
1529 1546 1823 1629 innocencium.

752 1694 890 1775 Sigillet,
912 1695 1004 1774 ndgot
1027 1696 1107 1771 nb'tt,
1132 1691 1247 1773 btlnger
1269 1691 1308 1775 pa'r
1330 1691 1406 1753 adda
1428 1690 1634 1789 sillestt·itdar⁶.

300 1889 473 2055 rabo.
630 1914 634 1920 ’
926 1922 1077 2048 1304
1126 1921 1173 2026 d.
1219 1922 1294 2029 30
1340 1920 1463 2027 Dec.¹
1804 1920 2052 2070 Nylrbping.

377 2145 511 2225 Kooung
535 2146 664 2206 Bracrns
686 2142 883 2205 stadtasretse
914 2144 954 2225 pt
988 2143 1077 2205 deni
1101 2141 1287 2221 Konungeus
1317 2144 1378 2205 och
1411 2098 1660 2206 ltili-marstem
1694 2150 1823 2203 narraro
1854 2142 1891 2203 al'
1915 2142 2053 2222 adllngarne

430 2230 525 2306 Bengt
548 2228 610 2288 och
633 2230 778 2306 Magnum
812 2228 888 2287 Lars
911 2227 1046 2305 Bobergs
1067 2228 1170 2303 sdner,
1199 2238 1276 2287 sanat
1299 2228 1392 2305 Algot
1414 2227 1540 2287 Jonsson
1563 2228 1669 2307 gjorda
1693 2226 1864 2307 upplatrlse
1886 2225 1921 2285 al
1936 2226 2052 2303 Quadam

427 2311 487 2371 och
510 2311 638 2393 Ebeby,
661 2310 767 2371 heilka
789 2310 972 2371 lb'rbemalle
994 2311 1069 2371 Lars
1090 2310 1221 2391 Roberg.
1234 2309 1321 2389 gitur
1344 2311 1413 2371 rnrd
1436 2312 1480 2371 sin
1503 2312 1602 2372 dottcr
1624 2310 1773 2391 Renglrid
1797 2310 1844 2370 till
1867 2308 2053 2387 Walrl'mherga

427 2394 551 2455 kloster.

1792 2474 1826 2528 Α.
1845 2476 1868 2529 3.
1886 2470 1903 2525 l
1920 2469 1954 2541 ⁶).

407 2612 608 2690 Bracaros
646 2609 712 2690 dei
754 2613 889 2718 gracia
930 2639 1129 2693 sweorum
1172 2612 1471 2722 gothorumque
1506 2615 1603 2693 Rex.
1652 2610 1857 2694 Omnibus
1890 2623 2053 2717 presentes

296 2723 452 2805 litteras
481 2722 736 2830 jospecturis‚
765 2722 932 2803 salutern
960 2726 1002 2803 in
1033 2722 1200 2803 domino
1228 2724 1522 2832 sempiternam.
1550 2722 2054 2830 Tenorcpresencinmeon·

295 2851 403 2915 stare
432 2836 618 2913 volumus
651 2832 860 2913 euidenter
889 2834 1002 2944 quod
1033 2838 1073 2916 in
1107 2836 1311 2943 presencia
1343 2852 1478 2915 nostra
1525 2833 1743 2943 dilectique
1788 2833 1982 2913 marscalci
2004 2856 2053 2910 no

295 2948 369 3027 stri
399 2943 552 3052 dominj
589 2943 788 3050 Thyrgilli
820 2944 1021 3044 lrnnzson,
1067 2947 1222 3028 nobiles
1265 2946 1436 3054 jamenes
1481 2946 1715 3028 benedictus
1751 2961 1793 3024 et
1823 2938 2052 3052 magnusfilij

296 3058 451 3162 dominj
482 3055 678 3162 laurencij
716 3050 914 3166 bobiergh
951 3087 1108 3139 necnon
1153 3075 1193 3138 et
1237 3061 1422 3138 dominus
1465 3058 1623 3164 algotus
1651 3058 1799 3163 jonsou
1830 3055 2053 3136 donacionem

296 3169 512 3278 quamdam
546 3167 729 3247 videlicet
745 3196 860 3258 vnam
879 3170 1077 3248 marcham
1101 3188 1208 3249 terre
1237 3169 1279 3278 ju
1311 3171 1402 3246 villa
1434 3169 1656 3277 quadhowj
1674 3167 1865 3278 parochie
1893 3169 2005 3246 hosta.
2026 3179 2053 3241 et

294 3307 416 3358 anam
446 3280 642 3358 marcham
675 3295 780 3358 terre
797 3305 886 3358 cum
905 3280 1064 3360 duobus
1094 3281 1230 3361 solidis
1254 3282 1401 3360 invilla
1426 3281 1566 3388 Elcby
1583 3282 1776 3390 parochie
1807 3280 1940 3385 Ryrrae
1965 3301 2054 3386 quam
2117 3381 2118 3384 Ἴ

162 3398 172 3410 ”
296 3391 482 3470 dominns
513 3391 738 3468 laurencius
767 3389 898 3468 dictus
929 3390 1125 3498 bobiergh
1155 3420 1244 3472 cum
1276 3392 1352 3477 filia
1384 3421 1454 3471 sua
1498 3390 1695 3500 ranglritli
1738 3391 1914 3474 contulit
1951 3413 2054 3474 mona
2116 3413 2118 3438 ¹

296 3500 810 3581 steriomarrctirnonialium
842 3503 882 3579 iu
913 3518 1048 3582 monte
1065 3501 1178 3581 beate
1194 3504 1359 3608 virginis
1388 3501 1569 3609 dyocesis
1597 3505 1893 3609 strengenensis
1916 3527 1964 3580 ex
1980 3523 2056 3577 mem

296 3638 434 3692 eornm
465 3612 675 3689 voluntate
705 3640 794 3690 cum
826 3615 932 3715 agris
963 3615 1088 3719 pratis
1118 3615 1274 3720 pascuis
1302 3614 1623 3722 silnispiscariis
1644 3613 1884 3695 molendinis
1912 3640 1975 3692 seu
1999 3633 2057 3686 mo-

198 3781 232 3829 ¹.
296 3723 551 3802 lendinorum
585 3722 681 3801 locis
709 3721 759 3801 ad
788 3742 913 3803 terras
944 3723 1146 3830 predictas
1187 3726 1291 3832 juste
1319 3725 1595 3830 spectantibus
1623 3725 1731 3806 dicto
1761 3725 1994 3806 monasterio
2016 3745 2058 3796 as·

181 3848 184 3857 '
295 3836 470 3941 signasse
503 3853 700 3942 perpetuo
730 3831 1023 3942 possidendam.
1055 3837 1139 3916 Nos
1167 3837 1291 3942 igitur
1321 3835 1584 3919 donacionem
1604 3836 1835 3918 huiusmodi
1867 3837 1939 3916 rite
1965 3848 1999 3912 et
2022 3829 2058 3908 le·

238 3965 241 3969 ’
294 3948 449 4054 gittime
480 3945 623 4023 factam
654 3962 794 4024 tenore
832 3947 1080 4053 presencium
1126 3949 1366 4026 ratilicamns
1396 3977 1440 4028 ac
1472 3949 1667 4055 presentis
1695 3951 1839 4056 scripti
1869 3941 2058 4054 patrocinio

193 4120 197 4128 .
294 4063 597 4138 conrrnunimus.
640 4056 905 4140 prohibentes
933 4058 1100 4138 firmiter
1129 4074 1167 4137 et
1196 4057 1396 4154 districte,
1430 4089 1479 4138 ne
1508 4062 1618 4169 quis,
1651 4058 1967 4141 sanctimoniales
1994 4078 2059 4162 pre·

295 4169 394 4248 dieti
425 4167 671 4273 monasterij,
700 4196 822 4274 super
853 4165 1002 4274 prediis
1032 4168 1243 4277 predictis,
1275 4170 1499 4265 molestare,
1526 4199 1719 4278 grauarc,
1748 4173 1811 4252 vel
1842 4172 2057 4279 aliquatenus

296 4283 477 4387 inpetere
509 4293 714 4387 presumat
742 4282 846 4357 sicut
888 4281 1061 4385 graciam
1094 4299 1268 4361 nostram
1298 4277 1466 4390 diligere
1505 4283 1677 4362 voluerit
1705 4283 1950 4364 inoffensam.
2000 4278 2057 4354 lla·

296 4411 382 4469 tum
414 4391 587 4497 nicopie
616 4417 723 4467 arrno
754 4389 1008 4497 domiuj.lll⁰,
1030 4393 1165 4487 CCC⁰‚
1189 4391 1282 4472 llll.¹
1322 4397 1371 4472 ln
1407 4395 1594 4475 Crastino
1616 4393 1910 4502 beatj‚Tbome
1937 4387 2057 4508 archia:

297 4502 794 4626 piscopissantuaricnsis.
838 4503 915 4581 snb
950 4503 1083 4610 sigillo
1113 4520 1253 4584 nostro
1297 4503 1431 4584 dilecti
1460 4505 1666 4586 marscalci
1710 4508 1840 4588 nostri
1869 4522 1907 4586 et
1934 4500 2056 4599 domin]
2117 4509 2118 4552 ἰ

168 4614 172 4629 ’
256 4644 259 4652 ⁴
296 4612 438 4719 algoti
451 4640 609 4718 Jouson.

345 4735 394 4800 Pe
404 4738 587 4821 srclnsr'dan
609 4738 653 4820 af
667 4760 706 4800 en
726 4737 826 4800 bland
846 4739 1091 4820 B.‚Styrbjdrnr
1110 4739 1352 4802 vidr’matr‘onrr:
1373 4741 1475 4804 littere
1496 4761 1588 4826 super
1609 4741 1754 4807 ledbawi
1776 4742 1923 4830 parochie
1943 4739 2023 4799 basta.

840 4855 987 4938 sigium,
1008 4855 1109 4919 ebnru
1130 4857 1262 4940 insydde
1282 4857 1291 4918 i
1314 4867 1384 4940 ryg,
1405 4857 1555 4939 sdndriga.

271 5001 278 5010 ’
338 5009 364 5085 *)
385 5005 496 5064 Finnes
527 5005 647 5065 alveu'i
670 5020 744 5082 atne
774 5005 812 5065 as
840 5000 953 5088 Bislrop
981 5003 1148 5088 Styrbidrn
1170 5006 1181 5065 i
1202 5003 1366 5080 Strengntts
1399 5003 1588 5070 vidimerade
1620 5009 1790 5086 alslriller,
1824 5008 1881 5070 den
1913 5027 1962 5070 ena
1989 4995 2043 5062 att
2117 5029 2118 5090 l

386 5089 474 5167 1311,
496 5086 554 5150 den
576 5087 679 5150 andra.
694 5088 733 5150 al
749 5089 785 5150 br
809 5087 904 5166 1328;
926 5087 987 5152 ocb
1009 5091 1019 5150 i
1040 5109 1078 5150 eu
1100 5091 1137 5151 as
1153 5089 1262 5172 Hertig
1284 5087 1361 5152 Erit
1384 5089 1554 5154 ridimerad
1574 5093 1697 5158 castr-m
1718 5097 1755 5158 al
1771 5094 1802 5157 d.
1825 5113 1864 5178 ²9
1885 5091 1952 5176 Apr.
1975 5085 2041 5150 131¹·
2117 5097 2118 5100 ’
