4317 5975
927 376 1048 521 ’,υ
1125 410 1241 509 aaa
1344 449 1408 516 ,-

312 657 407 753 ptus
444 660 527 733 non
564 616 711 733 ¹inerit,
753 627 997 711 deuoluatur
1038 620 1091 714 ad
1113 608 1223 717 ¹rsus
1256 649 1473 743 perpetuos
1516 630 1685 713 claustri
1724 631 1945 747 supradicti,
1976 646 2047 731 Jtnn

307 745 554 865 parrochiali
582 742 745 823 ecclesie
777 766 863 822 mee
891 741 1041 851 byelbo
1068 743 1160 855 lego
1189 743 1302 825 llei
1338 744 1493 825 Marsas
1523 740 1626 822 nem
1654 744 1852 855 sacerdoti
1878 748 2049 841 ibidenll

307 866 464 966 Marcas
493 853 763 963 adspeciales
792 881 886 933 rsus
915 881 1046 961 mense
1075 884 1147 937 sne
1175 861 1277 939 ltem
1308 848 1475 937 consero
1505 855 1680 935 Domino
1706 854 1828 935 clauo
1864 858 2002 963 dilecto,
2024 887 2052 951 et

310 970 420 1078 fidelj
448 964 669 1074 confessorj
699 985 788 1043 meo
817 966 858 1046 .l.
888 965 1085 1064 Marcam,
1115 973 1219 1050 Jtem
1246 965 1423 1047 ecclesie'
1451 960 1674 1079 lincopensi
1704 966 1787 1047 .1Π.
1815 968 1966 1072 Marsas,
1998 978 2052 1059 fn.

308 1085 440 1167 tribus
468 1077 691 1157 minoribus
724 1074 887 1157 ibidem
904 1078 986 1159 lll,
1003 1068 1177 1176 Maro'as,
1218 1077 1436 1159 Fratribus·
1466 1078 1965 1189 minoribus·=-sutharcopie
1996 1090 2052 1171 .lll

302 1196 482 1286 Marsas,
524 1188 702 1269 Ecclesie
744 1188 870 1269 sancti
913 1187 1108 1300 laurencij
1152 1190 1300 1271 ibidem
1332 1188 1373 1269 .l.
1403 1188 1596 1286 Marcam,
1647 1189 2005 1298 Hmpimlj[·ibiden
2027 1202 2053 1282 .l.

309 1308 504 1413 Marcam,
548 1297 753 1407 Hospitalj
795 1296 1004 1405 skeningie
1034 1303 1065 1384 ,Ι
1094 1304 1268 1383 Marcam
1304 1303 1407 1380 Jtem
1436 1300 1632 1380 fratribus
1661 1298 1967 1409 predicatoribus
1996 1308 2055 1391 sla·

308 1416 448 1521 ningie
477 1410 548 1489 ΙΙΙ.
576 1410 746 1507 Marsas,
788 1411 996 1519 sororibus
1023 1411 1171 1493 ibidem
1200 1414 1243 1492 .l.
1273 1408 1471 1505 Marcam,
1511 1413 1615 1492 Jtem
1656 1411 1825 1519 singulis
1863 1416 2055 1501 ecclesisis

308 1528 459 1643 quibus
487 1519 622 1630 predia
654 1546 739 1601 mea
766 1522 912 1600 situata
940 1541 1056 1619 s'unt,
1084 1520 1314 1630 accingulis
1340 1519 1618 1603 sacerdotibus
1637 1521 1788 1605 ibidem
1817 1524 2056 1611 celebrantibus

309 1640 477 1725 confero
505 1632 682 1740 singulas
709 1629 893 1712 dimidias
917 1632 1081 1714 Marsas.
1125 1638 1177 1715 Jn
1207 1635 1326 1714 huius
1354 1634 1411 1712 rei
1441 1633 1609 1713 euidens
1637 1636 1903 1715 testimonium
1928 1640 2055 1745 sigillum

309 1775 443 1831 meum
474 1772 552 1824 vna
580 1770 671 1823 oum
700 1742 833 1851 sigillo
861 1732 998 1852 Magnj
1019 1743 1241 1853 'predilcc'tj
1282 1743 1355 1853 filij
1385 1742 1463 1850 mej
1492 1745 1750 1853 presentibus
1777 1762 1838 1827 est
1864 1775 2055 1857 appensum,

226 1910 232 1920 ·
310 1864 462 1943 Datum
491 1872 532 1935 et
561 1868 693 1933 actum
722 1860 841 1934 Anno
871 1854 1047 1963 Dominj.
1079 1856 1154 1937 M⁰.
1184 1856 1373 1951 C⁰C⁰C⁰,
1401 1854 1512 1937 vlu.
1542 1856 1585 1935 in
1957 1852 1962 1864 '

601 1994 651 2058 Pa
660 1994 861 2085 friondans
887 1996 989 2082 Super
1008 1996 1172 2059 dimidium
1201 2000 1395 2060 octonarium
1418 2008 1498 2061 terre
1520 1998 1550 2059 in
1573 1998 1819 2060 laelstaedhom.

965 2176 971 2187 ,
1007 2110 1134 2193 Sigillen
1155 2113 1248 2199 negot
1269 2099 1413 2177 sledarle.¹

149 2316 155 2327 Ι
321 2394 479 2505 1526.
987 2398 1131 2545 1307
1181 2400 1229 2506 d
1276 2400 1307 2505 8
1354 2403 1459 2506 lan.
1943 2399 2057 2503 Salen.

391 2618 576 2701 Hertigeroc'
597 2613 695 2677 Ense
716 2614 775 2679 och
798 2600 998 2681 wisorem
1019 2619 1197 2698 Gdlrobrel'
1210 2620 1253 2705 ps
1276 2620 1432 2683 llacleotts
1454 2618 1500 2682 till
1522 2615 1618 2681 Folle
1634 2616 1923 2681 Joussonochbcns
1940 2620 2058 2700 arfrirgsr.

474 2728 478 2737 “
1790 2732 1816 2787 J.
1833 2736 1858 2788 6:
1875 2733 1931 2788 sto.
1947 2754 1968 2787 r.

421 2858 622 2947 Omnibus
650 2886 865 2976 praesentes
893 2869 1027 2953 literas
1051 2872 1312 2979 inspecturis,
1342 2872 1492 2951 Enrcus
1518 2884 1558 2949 et
1588 2870 1888 2949 Wltuusrnnnus
1915 2870 1980 2949 Dei
2002 2896 2057 2996 gra·

308 2983 365 3063 tia
396 2979 517 3061 duces
546 2978 775 3060 Sveoorum.
803 2979 969 3062 salutem
998 2984 1041 3062 in
1071 2984 1269 3083 Domino;
1315 2978 1483 3088 provida
1512 2980 1756 3088 principium
1801 2984 2058 3090 circumspectu

307 3098 351 3176 in
378 3093 441 3177 sui
468 3106 596 3171 status
631 3091 826 3188 culmine,
868 3110 982 3173 tanto
1027 3096 1150 3200 magis
1193 3094 1243 3173 ab
1288 3091 1473 3172 omnibus
1503 3091 1724 3173 Excellitur
1770 3089 2059 3181 commendanda,

307 3219 463 3315 quanto
491 3202 663 3309 amplius
694 3219 735 3282 et
762 3201 995 3309 opulentius
1038 3203 1144 3284 bene
1188 3205 1264 3286 sibi
1310 3205 1537 3304 seruientes
1574 3222 1823 3299 remunerat,
1853 3220 1892 3282 et
1920 3205 2011 3311 ipsos
2029 3199 2059 3278 ad

179 3367 184 3378 ·
307 3310 564 3396 seruiendum
594 3314 792 3408 animans,
835 3343 953 3394 manu
985 3317 1171 3394 munilica
1201 3313 1421 3395 reddiderit
1449 3315 1638 3423 aptiores.
1697 3313 1895 3394 Constare
1923 3313 2059 3394 volumus

309 3427 433 3533 igitur
461 3421 902 3521 omnibnsevidenter,
931 3425 1044 3533 quod
1073 3425 1221 3521 dilecto
1238 3443 1277 3506 et
1297 3425 1404 3508 fideli
1427 3443 1569 3511 nostro
1585 3425 1758 3506 Domino
1772 3424 1806 3504 F
1808 3426 1941 3506 olconi
1967 3425 2061 3502 loans

308 3563 382 3616 son
410 3551 451 3613 et
477 3535 561 3614 suis
591 3533 816 3614 heredibus
845 3537 1007 3618 Curiam
1038 3535 1305 3632 Halirienam,
1341 3563 1431 3651 cnm
1466 3534 1658 3664 colonvijs,
1693 3537 1820 3662 agris,
1864 3555 1996 3645 prens,
2019 3559 2061 3640 pa·

156 3690 194 3703 *-
308 3647 432 3740 scuis,
458 3645 591 3743 siluis,
622 3644 880 3743 molendinis,
917 3646 1101 3754 piscarijs
1130 3664 1169 3727 et
1197 3649 1338 3726 ceteris
1376 3649 1649 3754 pertinentsz,
1693 3661 1806 3726 rntra'
1831 3669 1942 3754 sepes
1968 3664 2000 3725 et
2021 3670 2062 3722 er-

307 3777 393 3852 tra,
423 3756 543 3865 longe
573 3755 636 3834 uel
667 3783 795 3864 prope
824 3760 983 3864 positis,
1027 3757 1244 3839 mobilibus
1268 3759 1336 3864 'vel
1366 3757 1658 3866 immobilibus,
1703 3785 1793 3837 cum
1825 3754 2062 3838 beneuolentia

308 3887 350 3965 et
378 3868 587 3948 voluntate
616 3867 810 3948 nobilium
839 3871 1040 3966 virorum,
1081 3872 1243 3950 Domini
1274 3871 1375 3949 loon
1403 3866 1501 3952 dicti
1530 3859 1693 3976 lngill,
1711 3887 1751 3952 et
1779 3863 1893 3949 Petri
1912 3871 2063 3976 'Magnos

306 4006 420 4075 sons,
450 3978 529 4086 ipsi
558 3979 733 4057 Domino
762 3974 930 4058 Folconi
959 3981 1001 4058 in
1031 3984 1242 4090 praesentia
1273 3991 1409 4060 nostra'
1440 4007 1574 4062 coram
1606 3979 1740 4059 multis
1769 3979 1850 4060 lide
1872 3979 1992 4088 dignis
2013 4001 2063 4085 pn

306 4092 414 4173 blice
441 4105 482 4169 et
508 4087 786 4169 fauorabiliter
813 4078 1192 4194 adhibita,gdamus
1233 4107 1273 4170 et
1316 4091 1512 4200 tradimus
1554 4081 1650 4171 iure·
1671 4109 1873 4199 perpetuo
1901 4087 2064 4200 possiden·

189 4265 191 4267 >
306 4201 419 4296 dam,
448 4197 733 4294 transferentes
762 4202 802 4279 in
833 4200 964 4307 ipsum
992 4215 1167 4311 suosque
1196 4200 1372 4283 haeredes
1400 4203 1563 4309 plenur'n
1581 4195 1843 4310 proprietatis
1873 4204 1932 4283 ius
1958 4220 2064 4308 etpos

306 4313 492 4400 sessionis
513 4310 736 4393 dominium
764 4310 997 4417 praedictam
1033 4316 1202 4418 curiam,
1247 4341 1339 4393 cum
1367 4315 1449 4395 suis
1478 4312 1732 4421 pertinentijs
1774 4317 1957 4422 superius
1982 4308 2063 4388 tactis

214 4469 220 4480 ·
307 4420 553 4533 occupandi,
587 4417 1358 4521 rendendi,‘donandi,commutandi,
1393 4441 1434 4504 et
1460 4417 1708 4533 quocunque
1733 4425 1876 4505 'modo
1904 4421 2065 4524 voluerint

308 4562 386 4642 pro
415 4537 495 4613 suis
523 4532 661 4613 usibus
690 4529 926 4629 ordinandi,
968 4551 1009 4615 et
1049 4536 1100 4616 ab
1143 4536 1239 4644 ipsis
1282 4553 1489 4643 nunquam
1533 4535 1702 4628 alicuius
1744 4532 1991 4616 adu'e'ntionis
2022 4532 2063 4606 in·

308 4645 429 4753 genio
456 4643 733 4725 revocandam.
765 4645 813 4724 In
842 4647 956 4725 cuius
985 4648 1044 4726 rei
1074 4645 1347 4740 Evidentiam,
1375 4645 1504 4753 sigilla
1534 4662 1691 4741 nostra,
1735 4675 1814 4727 vna
1846 4675 1933 4727 eum
1960 4639 2064 4750 sigillis

306 4755 608 4836 Venerabilium
637 4758 812 4852 Petrum,
828 4758 1112 4852 Dominorum,
1133 4757 1345 4864 Laurencij
1360 4757 1645 4866 Lineopensis,
1668 4757 1802 4866 Magni
1819 4750 2062 4839 Wexionensis

307 4867 623 4978 Episcoporum,
652 4895 699 4945 ac
726 4893 818 4949 curn
845 4868 985 4976 sigillis
1013 4868 1210 4952 nobilium
1242 4867 1520 4978 Dominorum,
1539 4869 1712 4982 Domini
1732 4859 1888 4950 Abcrni
1915 4867 2062 4945 Senens-

817 5020 821 5028 ·
1035 4996 1039 5002 ’
1083 4995 1101 5023 ·”
1147 4996 1152 5011 ·
1275 5018 1282 5030 ·
1472 5004 1505 5032 ·-
1698 5006 1702 5013 ·
1738 5011 1741 5019 ·
1917 5002 1982 5057 son
