4317 5975
802 463 855 482 -
967 420 1047 523 619
1160 416 1257 482 -’

105 666 223 721 surus
252 641 334 718 suis
364 634 630 718 creditoribus
659 638 730 748 qui
766 636 998 746 frequenter
1027 638 1077 720 de
1108 639 1196 747 ipso
1224 664 1359 718 coram
1394 636 1513 716 nobis
1555 648 1767 720 mouerant
1809 666 1911 750 que·

106 751 253 846 relam,
283 767 323 830 et
353 749 402 830 ad
432 749 758 830 satisfaciendum
799 748 968 828 diuersis
1010 749 1185 858 ecclesiis
1228 777 1403 858 quarum
1446 749 1637 855 pecunias
1681 769 1912 859 receperat,

108 890 181 944 nec
210 888 294 939 non
322 860 372 940 ad
404 859 655 941 reddendum
686 881 917 967 compotum
942 860 993 941 de
1022 889 1143 942 censu
1172 863 1350 941 Romane
1380 858 1565 956 ecclesie,
1586 887 1705 969 quam
1737 863 1909 969 jumag-

107 1003 157 1054 na
192 989 308 1081 parte
344 988 480 1051 nostre
512 970 696 1078 dyocesis
721 973 838 1050 annis
868 972 1052 1076 pluribus
1081 989 1366 1081 usurpauerat‚
1397 999 1485 1050 eum
1517 973 1558 1050 in
1594 998 1687 1050 suos
1729 1000 1823 1052 vsus
1864 988 1908 1049 vt

106 1083 255 1165 dicitur
289 1080 584 1176 concertendo,
614 1084 813 1163 acaciam
844 1082 893 1161 ad
931 1080 1183 1161 reddendum
1212 1099 1253 1162 et
1287 1080 1609 1162 satisfaciendum
1652 1081 1702 1164 de
1746 1082 1913 1162 decimis
2015 1147 2019 1170 ,

11 1208 13 1215 “
106 1213 146 1276 11
175 1194 265 1302 alijs
294 1195 410 1274 honis
446 1190 498 1270 ad
540 1221 711 1273 mensam
756 1191 1138 1300 archiepiscopalem
1183 1192 1478 1299 spectantibus,
1519 1220 1622 1301 quas
1665 1191 1839 1273 decimas
1867 1209 1922 1273 et·
1980 1279 1986 1294 ,

26 1368 30 1375 «
108 1306 214 1386 hona
250 1301 356 1412 jdem
395 1300 713 1410 archidyaconus
750 1320 919 1384 vacante
949 1303 1042 1384 sede
1071 1319 1212 1383 contra
1243 1300 1542 1383 ordinacionem
1571 1305 1701 1383 tocius
1731 1303 1908 1412 Capituli
1980 1363 1982 1368 ,

110 1416 306 1495 violenter
335 1416 569 1520 occupauit,
600 1415 755 1495 nullum
785 1417 860 1522 ipsi
890 1413 1080 1523 Capitulo
1111 1429 1344 1522 compotum
1381 1412 1581 1510 faciendo,
1617 1443 1752 1495 coram
1789 1414 1907 1504 nobis

112 1544 224 1609 certo
254 1525 427 1605 termino
456 1543 726 1633 compareret,
756 1542 796 1605 et
824 1525 867 1632 jn
896 1527 985 1633 ipso
1015 1528 1188 1606 termino
1219 1552 1361 1632 perse
1391 1523 1453 1602 vel
1481 1551 1562 1630 vper
1591 1525 1709 1605 alium
1741 1555 1907 1635 respon·
2018 1543 2024 1552 “

108 1637 227 1717 salem
258 1635 461 1744 ydoneum
503 1637 844 1718 et'sullicientem
886 1639 1177 1717 contumaciter
1220 1663 1454 1743 comparere
1483 1635 1727 1744 despexerit,
1757 1638 1905 1719 discre-
1969 1719 1974 1732 ,

108 1749 215 1828 11011
245 1765 374 1826 vestre
403 1763 543 1827 tenore
573 1751 824 1856 presencium
854 1748 895 1855 jn
930 1749 1102 1828 solidum
1142 1748 1445 1842 committimus,
1492 1763 1532 1826 et
1574 1748 1651 1828 sub
1694 1777 1795 1856 pena
1837 1777 1910 1829 ex·

109 1859 486 1940 communicacionis
519 1857 698 1941 districte
737 1859 998 1967 precipiendo
1042 1861 1275 1940 mandamus
1309 1860 1500 1968 quatinus
1528 1856 1698 1938 eundem
1728 1860 1907 1940 Olauum

110 1970 459 2064 Archidiaconum,
488 1998 607 2079 quem
636 1970 692 2050 ob
723 1970 868 2052 dictam
899 1974 985 2050 eius
1013 1973 1303 2051 contumaciam
1329 1997 1399 2076 per
1416 1987 1619 2076 presentes
1634 1973 1910 2052 excommuni-

108 2109 242 2163 camus
270 2083 311 2158 in
341 2082 520 2188 scriptis,
551 2081 728 2161 tamdiu
759 2112 830 2189 per
859 2112 930 2162 vos
960 2084 1020 2162 vel
1050 2084 1171 2161 alium
1201 2110 1271 2160 seu
1299 2081 1399 2159 alios
1426 2080 1469 2188 jn
1508 2081 1695 2161 omnibus
1729 2081 1910 2190 ecclesijs

109 2194 259 2300 upsalia
290 2220 364 2270 nec
395 2220 476 2270 non
505 2209 545 2271 et
575 2193 710 2302 beling
739 2211 778 2302 et
814 2193 1010 2273 stocholm
1048 2223 1095 2274 10
1136 2192 1234 2272 alibi
1272 2191 1339 2270 vbi
1382 2190 1571 2300 expedire
1615 2191 1796 2272 videritis
1838 2222 1906 2274 ex·

108 2304 439 2383 communicatum
473 2303 635 2411 publice
664 2307 861 2385 nuncietis
890 2322 931 2384 et
961 2306 1145 2385 nunciari
1180 2304 1352 2398 faciatis,
1393 2331 1606 2413 quousque
1648 2331 1769 2409 super
1813 2331 1906 2411 pre·

109 2417 252 2509 missis,
283 2415 429 2492 nostris
458 2427 507 2493 ct'
525 2416 688 2497 ecclesie
719 2418 850 2496 veniet
880 2445 1021 2524 parere
1064 2416 1274 2500 mandatis.
1332 2415 1609 2494 Rescribentes
1657 2415 1773 2494 nohis
1807 2413 1907 2495 lide·

108 2527 200 2606 liter
228 2527 301 2634 per
331 2544 479 2604 vestras
509 2544 691 2633 patentes
719 2528 874 2608 litteras
904 2527 1044 2610 harum
1066 2529 1207 2609 seriem
1232 2530 1483 2608 continentes
1506 2527 1569 2606 vel
1591 2525 1906 2634 justrumentum

110 2639 336 2745 publicum,
365 2635 564 2746 quidquid
593 2638 689 2746 jude
716 2637 912 2719 duxeritis
947 2641 1185 2722 laciendum.
1224 2642 1372 2718 Datum
1411 2636 1642 2718 stocholmis
1685 2665 1792 2717 anno
1833 2632 1906 2716 do·

32 2796 38 2804 =
109 2749 206 2828 11111
235 2747 456 2828 millesima
487 2751 608 2828 CCC⁰
638 2750 813 2846 decimo,
841 2751 953 2834 feria.
984 2750 1065 2834 11⁶¹.
1096 2751 1277 2859 proxima
1308 2766 1398 2858 post
1435 2749 1674 2830 dominicam
1705 2749 1908 2829 trinitatis.

121 3170 283 3275 1681.
757 3175 904 3281 1310
947 3175 995 3279 d.
1055 3176 1119 3282 16
1166 3178 1297 3283 luni.
1589 3150 1906 3277 Stochholm.

188 3357 290 3422 Parra
312 3360 514 3424 Maonussors
535 3360 610 3422 bref
628 3382 681 3425 om
702 3362 863 3425 assuenda
885 3364 922 3426 af
944 3362 1023 3446 gods
1044 3365 1055 3425 i
1075 3364 1194 3443 Persii,
1217 3364 1368 3427 Brolraste
1390 3361 1505 3445 1011111
1528 3356 1590 3423 0111
1612 3359 1731 3423 Olands
1753 3361 1870 3439 htrad,
1893 3364 1906 3423 i

229 3442 351 3525 Lidby,
374 3443 493 3504 Salems
514 3446 630 3505 sochen
652 3447 663 3507 i
684 3446 950 3524 deermanlaud,
972 3449 983 3506 i
1005 3445 1127 3510 Theata
1149 3446 1230 3509 Hiilb'
1251 3450 1366 3510 sochen
1388 3455 1469 3507 samt
1491 3447 1500 3505 i
1523 3444 1781 3507 Throrhammar
1809 3447 1819 3504 i
1841 3445 1907 3506 ska
1966 3497 1969 3507 .

230 3524 568 3671 {qqsspnkpjrsgipingsd
589 3529 639 3590 till
661 3529 856 3608 Slokloster,
879 3530 931 3593 till
951 3529 1115 3615 lbrsoning
1138 3532 1189 3593 fiir
1210 3532 1265 3593 det
1287 3528 1361 3593 vsld
1384 3528 1445 3590 och
1467 3527 1527 3591 den
1550 3530 1703 3589 01111νί11
1714 3526 1778 3637 han
1794 3526 1904 3609 begeat

1652 3692 1773 3747 A.3.h.

217 3793 418 3874 Omnibus
447 3810 653 3903 presentes
681 3795 835 3875 litteras
864 3797 1125 3903 inspecturis,
1159 3798 1317 3877 Parnes
1352 3819 1618 3891 1111101101,
1660 3794 1827 3875 salutem
1863 3798 1906 3879 in

106 3905 271 3986 domino
299 3908 601 4013 sempiternam,
644 3901 838 4013 Exposcit
879 3908 1034 3988 iusticia
1072 3923 1118 3985 ut
1148 3906 1256 4001 lesia,
1302 3905 1352 3985 de
1396 3905 1543 3987 iniuria
1586 3906 1769 4000 satisfiat,
1813 3908 1906 4008 Qua

107 4032 277 4125 propter
305 4044 381 4125 ego
410 4034 552 4124 petrus
583 4043 822 4125 magnusson
853 4016 1059 4097 humiliter
1094 4044 1401 4125 recognoscens,
1446 4046 1506 4098 me
1549 4016 1790 4097 monasterio
1832 4016 1906 4099 sko
1967 4084 1972 4095 ,
2062 4012 2066 4021 ’

106 4127 318 4207 inferendo
347 4128 606 4223 violenciam,
648 4128 835 4207 iniuriam
879 4130 1096 4235 irrogasse,
1140 4129 1250 4209 dicto
1294 4130 1556 4227 monasteri0,
1598 4126 1649 4208 ad
1692 4127 1905 4211 arbitrium

104 4240 344 4319 venerabilis
363 4242 509 4346 patris,
538 4241 713 4334 Domini,
744 4240 901 4320 Nicolai
930 4238 995 4320 dei
1023 4240 1157 4347 gracia
1187 4240 1479 4348 archiepiscopi
1510 4240 1748 4348 vpsalensis,
1786 4267 1905 4321 vnam

105 4379 279 4430 marcam
311 4366 436 4448 terre,
467 4348 615 4446 reddo,
643 4350 778 4447 soluo,
806 4368 847 4431 et
877 4353 1056 4458 assigno,
1088 4348 1365 4458 possidendam
1399 4372 1593 4460 perpetuo
1622 4352 1664 4431 in
1689 4352 1763 4460 hijs
1793 4350 1903 4449 locis,

104 4458 308 4556 videlicet,
338 4461 440 4542 duas
469 4490 558 4542 oras
588 4477 695 4542 terre
723 4462 765 4541 iu
795 4460 977 4558 olandia,
1009 4460 1101 4541 villa
1131 4458 1242 4555 10111
1276 4463 1488 4569 parrochia
1520 4465 1721 4559 brocaste,
1750 4478 1904 4571 septem

102 4572 253 4655 solidos
289 4590 396 4653 terre
433 4576 476 4653 in
515 4573 848 4664 suthermannia,
882 4573 973 4653 villa
1018 4572 1160 4682 lidhhy
1202 4574 1414 4682 parrochia
1456 4574 1606 4659 stacam.
1675 4574 1774 4657 Tres
1812 4601 1904 4657 oras

101 4703 223 4764 terre.
253 4685 344 4763 villa
360 4685 493 4765 theate
524 4684 735 4792 parrochia
764 4683 869 4776 bule.
898 4701 938 4764 et
969 4686 1031 4765 .Il.
1060 4683 1211 4768 solidos
1239 4688 1413 4766 terrain
1441 4683 1905 4795 faeriugapvillathrox·

102 4799 243 4877 hamar
273 4796 484 4901 parrochia
513 4796 604 4892 ska,
641 4799 693 4876 Jn
726 4797 841 4875 cuius
869 4800 926 4877 rei
956 4798 1229 4878 testimouium
1258 4795 1309 4876 ad
1339 4824 1465 4877 meam
1493 4799 1744 4896 instanciam,
1774 4798 1903 4906 sigilla
1994 4830 2001 4843 ·

101 4907 344 4988 venerahilis
376 4910 503 5015 patris
546 4905 697 4987 domini
741 4904 898 4989 Nicolai
941 4907 1163 5016 upsalensis
1203 4908 1511 5015 archiepiscopi,
1555 4910 1709 4991 domiui
1750 4910 1902 4993 andree

105 5020 301 5127 prepositi
329 5018 498 5117 ibidem,
525 5020 656 5100 Patris
685 5020 761 5100 mei
791 5016 985 5099 karissimi
1014 5019 1168 5100 domiui
1196 5018 1330 5127 Magni
1359 5021 1638 5127 gregorissou,
1673 5048 1833 5104 necnon
1860 5038 1901 5103 et
