4317 5975
945 323 1242 462 '4530
1348 423 1409 444 -

254 587 265 600 ’
293 611 347 686 ita
377 621 512 687 tamen
541 603 658 716 quod·
682 629 777 714 sepe
792 601 899 686 dicta
917 604 1051 712 proles
1071 629 1157 684 mea
1179 601 1314 684 subito
1328 615 1487 680 mortua
1510 597 1687 680 fueritin
1704 595 1953 695 boemundo,
1978 603 2079 705 lteu

294 718 431 824 pueris
459 719 556 798 meis
583 719 656 797 ista
685 713 784 794 duxi
812 714 946 795 danda
977 713 1162 797 videlicet
1180 713 1367 794 ‘markusi
1397 710 1499 792 duas
1529 709 1649 791 boras
1677 729 1784 790 terre
1812 712 1982 819 quinque
2006 713 2059 794 de·

177 873 180 876 ·
294 829 418 909 nariis
446 833 578 911 minus
606 829 648 906 in
676 828 882 919 osterlosae
910 843 1033 938 atque
1060 825 1309 908 dextrarium
1341 841 1473 903 meum
1502 851 1593 904 cum
1622 823 1732 902 omni
1761 838 1955 902 armatura
1980 827 2061 904 mili·

223 989 233 1018 t
293 941 372 1020 tari
401 935 636 1055 ingewaldo
681 967 819 1047 praam
862 942 1046 1049 quinque
1076 967 1229 1020 marcas
1272 939 1409 1018 denar.
1448 935 1674 1018 Laurencio
1715 936 1756 1014 in
1794 932 1975 1032 bislmbi
2000 952 2063 1018 tres

262 1077 444 1131 marcas
473 1048 609 1132 denar.
638 1053 741 1137 ltem
771 1051 1000 1131 Laureucio
1016 1049 1066 1131 de
1080 1049 1114 1162 ¹¹)
1170 1047 1270 1130 duas
1300 1075 1453 1129 marcas
1478 1044 1615 1128 denar.
1645 1048 1749 1129 item
1765 1044 1946 1126 nicholao
1959 1073 2065 1154 quou-

293 1163 386 1243 dam
415 1162 519 1242 koco
548 1188 636 1241 meo
665 1161 765 1264 duas
793 1190 946 1243 marcas
974 1163 1066 1242 den.
1097 1159 1147 1242 ad
1176 1160 1445 1270 sepulturam,
1487 1160 1590 1237 item
1628 1183 1801 1236 susanne
1828 1158 1973 1237 sororie
2000 1187 2065 1238 ntes

292 1292 373 1352 tres
403 1301 555 1354 marcas
585 1270 676 1350 den.
705 1269 756 1352 ad
785 1271 989 1370 dotalicia,
1018 1278 1119 1354 Jtem
1137 1273 1323 1352 nicholao
1338 1269 1449 1350 ruffo
1477 1286 1560 1350 tres
1590 1295 1742 1348 marcas
1763 1268 1875 1362 dens,
1903 1271 1997 1348 Jtem
2023 1274 2066 1348 iu·

175 1478 177 1484 Ι
294 1383 415 1490 geldo
443 1384 550 1494 stigh
579 1383 680 1464 duas
708 1410 861 1466 marcas
889 1384 1000 1481 den,
1044 1388 1147 1465 item
1184 1382 1371 1490 bungcro
1416 1379 1640 1464 schambals
1683 1377 1784 1459 duas
1826 1407 1971 1460 marcas
1996 1379 2066 1460 den.

224 1527 228 1536 ¹
294 1499 398 1576 ltem
428 1495 601 1576 heriulfo
630 1496 812 1604 quinque
854 1524 1007 1576 marcas
1051 1495 1163 1591 den.⁹
1208 1494 1439 1576 Gutbormo
1487 1508 1569 1580 tres
1611 1519 1764 1573 marcas
1793 1493 1910 1572 Petro
1938 1494 2067 1570 sororio

295 1634 384 1689 meo
412 1624 493 1689 tres
521 1633 674 1686 marcas
702 1606 794 1688 den.
825 1610 927 1687 Jtem
959 1607 1120 1687 iohanni
1149 1605 1284 1686 villico
1314 1607 1354 1684 in
1384 1604 1526 1702 wesbir
1556 1631 1631 1712 pro
1661 1603 1800 1684 debito
1819 1599 1929 1713 quod
1954 1619 2068 1683 teneor

257 1793 266 1809 ,
297 1721 334 1798 ei
364 1737 404 1799 et
433 1718 605 1800 donario
634 1715 688 1797 do
717 1734 798 1798 tres
828 1745 999 1814 marcas,
1027 1722 1132 1799 item
1163 1715 1349 1797 arnwido
1378 1716 1545 1796 siluario
1574 1713 1674 1795 duas
1704 1741 1874 1811 marcae,
1903 1713 2069 1794 Gunnoni

296 1831 488 1939 piscatori
517 1828 617 1911 dnas
646 1857 799 1910 marcas
827 1830 975 1937 Magno
1004 1831 1101 1910 erici
1117 1857 1248 1921 vnum!
1269 1829 1502 1924 tentorium,
1531 1829 1636 1906 Jtem
1667 1823 1860 1906 fratribus
1890 1828 1930 1904 in
1957 1825 2069 1906 eskils-

295 1959 440 2022 tunum
469 1940 607 2022 decem
637 1967 820 2045 mareas,⁴
846 1944 951 2020 item
980 1940 1096 2021 fratri
1137 1933 1527 2051 stenullo'quinque
1570 1965 1724 2018 mareas
1753 1937 1844 2018 den.
1874 1938 2070 2019 Laurentio

238 2108 246 2130 2
294 2054 431 2163 thouae
456 2049 660 2132 son'duas
694 2047 849 2132 marcas
885 2055 989 2133 Jtem
1018 2052 1183 2133 domiuo
1213 2051 1372 2132 matbeo
1413 2046 1622 2162 quondam
1666 2049 1750 2130 filio
1779 2047 2010 2132 ketilmundi
2033 2049 2071 2130 do

295 2191 424 2244 cornu
453 2190 584 2242 meum
614 2161 725 2272 quod
755 2161 904 2244 dicitur
933 2162 1408 2272 buokuljaekae'Domino
1439 2188 1585 2270 magno
1614 2159 1821 2271 quondam
1852 2163 2021 2270 gregorii
2033 2162 2072 2243 do

295 2271 406 2354 aliud
434 2301 564 2355 cornu
591 2273 703 2384 quod
725 2270 874 2354 dieitur
901 2274 1154 2372 rinnianden,
1184 2272 1399 2356 benedicto
1428 2271 1572 2354 kanuti
1603 2269 1657 2352 do
1685 2299 1815 2353 cornu
1846 2299 1976 2352 meum
2002 2271 2072 2351 bro

295 2388 376 2466 ban
405 2385 608 2494 Gregorio
637 2385 777 2464 kanuti
806 2384 860 2466 do
889 2415 1017 2467 cornu
1048 2415 1181 2467 meum
1209 2385 1321 2498 quod
1338 2382 1767 2494 dicitursylsebatten,·
1791 2387 1896 2464 item
1925 2382 2071 2492 sigwido

267 2515 507 2598 -otstausson
537 2524 660 2579 vnum
690 2524 820 2577 cornu
849 2501 1039 2595 rubeum,
1068 2502 1172 2580 item
1202 2499 1412 2580 katherine
1427 2497 1508 2578 filie
1524 2495 1684 2605 sigwidi
1702 2523 1819 2576 vnam
1852 2495 2008 2576 brazam
2023 2523 2073 2574 au·

280 2604 418 2704 ¹rearis,
448 2611 550 2688 Jtem
579 2608 749 2690 cuilibet
777 2609 908 2690 villice
937 2637 1023 2690 mee
1050 2637 1171 2692 vnam
1201 2638 1382 2706 vaccam,
1410 2637 1488 2718 pro
1516 2605 1714 2690 soluendo
1743 2623 1982 2689 testamento
2007 2633 2073 2686 meo

220 2743 224 2755 ·
294 2719 463 2828 singulis
491 2737 538 2799 ut
578 2720 748 2828 recipiat
787 2723 923 2830 quiuis
963 2721 1297 2805 testamentaliter
1337 2718 1450 2832 quod
1493 2720 1557 2802 uel
1585 2738 1782 2831 quantum
1826 2717 1923 2800 dedi
1951 2721 2073 2800 euriau

296 2859 422 2911 meam
452 2831 748 2940 sigwalstadbae
777 2834 936 2942 assigno
965 2834 1007 2912 in
1037 2835 1240 2944 pinguore
1274 2850 1316 2914 et
1345 2833 1466 2950 infra·
1486 2858 1636 2913 annum
1666 2833 1835 2912 omnino
1865 2829 1920 2912 ab
1947 2829 2074 2910 beredi-

215 3017 219 3025 .
295 2943 372 3025 bus
401 2944 497 3040 meis
526 2939 818 3041 redimendam,
845 2944 1026 3057 alioquin
1042 2964 1205 3029 extunc
1234 2973 1466 3057 nuncquam
1496 2944 1603 3027 dicta
1631 2945 1741 3025 curia
1772 2943 1825 3025 ab
1856 2941 2002 3025 eisdem
2026 2941 2073 3021 be

248 3122 254 3130 ,
296 3056 461 3137 redibus
491 3056 587 3136 meis
616 3054 835 3137 redimetur
862 3055 933 3137 sed
963 3056 1115 3138 volenti
1144 3076 1184 3139 et
1213 3060 1368 3139 tenenti
1396 3056 1589 3137 linialiter
1618 3052 1743 3165 digno
1769 3056 1862 3137 foro
1892 3051 2073 3136 vendenda

295 3168 524 3247 dimittetur
540 3183 621 3261 ‚aut
649 3167 773 3247 eciam
802 3169 837 3248 si
864 3166 926 3283 de!
942 3167 1045 3250 linea
1078 3198 1163 3250 mea
1194 3200 1275 3250 non
1309 3170 1516 3249 inuenitur
1546 3168 1666 3248 bomo
1693 3168 1765 3278 qui
1794 3172 1933 3276 sepius
1955 3191 2073 3247 memo·

297 3296 423 3358 ratam
459 3279 609 3359 curiam
638 3304 770 3358 emere
798 3277 1005 3361 suffecerit
1034 3280 1137 3361 alius
1165 3281 1309 3393 aliquis
1337 3274 1524 3390 quemuis
1552 3280 1784 3387 incognitus
1826 3278 1995 3360 eandem
2020 3276 2075 3357 ku·

298 3392 397 3469 riam
427 3392 552 3501 digno
583 3390 720 3498 precio
749 3390 1002 3500 comparabit
1031 3392 1093 3473 Ne
1136 3385 1233 3475 ¹uod
1277 3390 1383 3472 absit
1425 3392 1559 3472 omnia
1603 3392 1679 3471 inm
1712 3392 1906 3500 premissa
1934 3418 2003 3498 per
2027 3387 2075 3467 be·

298 3500 413 3582 redes
443 3528 552 3580 meos
581 3510 622 3579 iu
652 3500 789 3611 aliquo
819 3517 989 3609 possunt
1018 3422 1196 3612 inpediri
1224 3503 1329 3585 unde
1359 3502 1480 3583 miehi
1514 3502 1697 3583 meritum
1727 3528 1862 3583 meum
1894 3497 2075 3610 preelude

298 3630 366 3691 tur
395 3605 434 3692 et
464 3609 680 3692 heredibus
717 3614 814 3691 meis
857 3612 1083 3722 perieulum
1124 3612 1290 3727 aliquod
1321 3616 1362 3695 in
1392 3616 1525 3694 anima
1556 3617 1680 3723 possit
1712 3615 1929 3721 prouenire
1981 3634 2076 3689 vnum

297 3744 430 3805 tamen
459 3723 617 3831 excipio
646 3724 678 3804 si
709 3751 769 3801 me
797 3724 1008 3835 contingat
1037 3724 1186 3807 liberos
1219 3724 1370 3807 babere
1400 3724 1521 3806 michi
1542 3726 1778 3833 superstites
1807 3727 1850 3816 iu
1882 3726 1960 3805 boc
1987 3748 2075 3802 mun·
2120 3748 2121 3761 ¹

296 3836 351 3915 do
380 3853 478 3917 tunc
507 3834 558 3915 ad
589 3836 666 3915 buc
694 3834 831 3915 eadem
862 3836 975 3917 buria
1006 3837 1288 3947 sigwalstadhi
1322 3864 1397 3946 per
1424 3862 1519 3917 suos
1547 3838 1737 3947 proprios
1764 3834 1926 3917 fructus
1953 3858 2077 3915 armus·

185 3950 190 3963 '
295 3950 367 4026 tim
400 3948 682 4056 prouenientes
710 3974 751 4024 se
780 3946 830 4027 de
860 3950 970 4029 omni
997 3977 1105 4029 auno
1134 3953 1177 4030 in
1207 3976 1356 4029 annum
1385 3944 1435 4028 de
1464 3950 1576 4030 omni
1603 3950 1939 4057 inpignoracione
1953 3963 1991 4027 et
2004 3970 2075 4023 ven·

296 4059 455 4140 dicione
485 4058 673 4139 liberabit
701 4054 836 4167 quoad
867 4089 993 4171 vsque
1022 4063 1157 4143 omnia
1185 4060 1372 4169 superius
1401 4075 1616 4143 memorata
1636 4060 1786 4140 fuerint
1814 4059 1996 4140 totaliter
2007 4082 2076 4165 per·

296 4170 428 4251 soluta
455 4186 497 4251 et
525 4172 582 4249 sic
612 4166 772 4248 demum
801 4170 888 4249 talis
922 4174 1117 4279 possessio
1145 4172 1263 4255 dictis
1293 4170 1429 4253 liberis
1463 4173 1559 4253 meis
1587 4173 1664 4252 erit
1694 4171 1980 4281 inperpetuum
2007 4191 2076 4275 pos·

295 4280 485 4378 sidentia,
514 4284 617 4361 Jtem
646 4278 719 4358 bec
749 4284 880 4361 omnia
918 4282 1055 4363 debita
1102 4312 1186 4366 mea
1247 4310 1298 4362 ue
1328 4280 1498 4364 diuersis
1539 4282 1709 4365 reddere
1743 4282 1887 4365 teneor
1916 4280 2075 4360 videlieet

291 4396 404 4472 ‘erico
433 4392 682 4501 sigmalsson
699 4408 876 4499 quatuor
894 4422 1045 4474 mareas
1074 4392 1181 4494 den,
1211 4314 1388 4476 {eclesie
1416 4394 1684 4503 thorsbiergie
1713 4390 1812 4484 duas
1829 4418 1982 4477 mareas
2006 4386 2075 4471 den.

297 4504 399 4584 ‚ltem
429 4502 585 4583 cuidam
617 4504 829 4613 mercatori
858 4508 984 4585 arosie
1014 4508 1086 4617 qui
1116 4523 1228 4588 tenet
1256 4504 1394 4587 ciffum
1431 4534 1561 4587 meum
1591 4520 1828 4617 argenteum
1859 4508 1903 4587 in
1933 4502 2075 4613 pignore

296 4612 507 4696 duodecim
525 4612 644 4691 horas
660 4614 781 4693 olauo
796 4612 845 4693 de
861 4613 1033 4697 halstum
1062 4614 1249 4699 XIIII:eim
1278 4616 1449 4715 mareasss
1464 4616 1698 4713 theoderico
1717 4616 1905 4699 inarosia
1936 4612 2007 4695 Vll
2020 4608 2075 4689 ho·

298 4756 362 4807 ras
390 4726 520 4807 solido
552 4722 702 4824 minus,'
734 4726 979 4807 bennickino
1007 4728 1186 4839 bittingi
1215 4729 1399 4841 quinque
1427 4756 1581 4813 mareas
1598 4720 1757 4827 duabus
1785 4730 1866 4811 oris
1896 4726 2017 4808 minus
2038 4718 2076 4801 dt

337 4977 362 5051 *J
384 4974 516 5035 Namnet
538 4971 595 5035 ber
616 4973 643 5052 ej
666 4971 767 5041 blilvit
789 4974 968 5053 abluisset,
988 4983 1061 5037 utcu
1084 4982 1118 5036 tr
1139 4973 1235 5039 lnkun
1257 4972 1379 5039 lemnnd
1401 4974 1412 5039 i
1432 4974 1565 5039 breivet.
