4317 5975
808 395 1228 502 ..529-

118 617 272 699 dictum
301 609 456 722 ingill,
488 615 599 724 prius
626 615 945 724 inpignoratam,
973 633 1015 698 et
1042 617 1216 699 termino
1237 615 1346 696 inter
1373 617 1481 724 ipsos
1517 633 1703 724 recepto,
1745 645 1829 698 non
1859 645 1921 700 re·⁴

116 729 309 825 solutam,
338 727 436 808 mihi
451 744 583 808 tamen
597 731 758 808 actione
773 727 975 836 porcionis
990 728 1024 857 *)
1052 731 1332 835 attingentem,
1349 725 1542 838 praedioto
1559 727 1732 808 Domino
1760 729 1919 838 Magn0,

29 894 34 898 -
114 867 165 921 ex
196 855 311 948 parte
326 865 412 920 mea
431 841 514 920 suis
529 837 757 921 haeredibus
778 837 904 920 libere
919 836 1122 920 dimisisse.
1153 841 1199 918 In
1216 839 1330 919 cuius
1346 841 1403 922 rei
1418 840 1713 934 testimonium,
1742 839 1920 946 sigillum

116 978 247 1032 meum
273 951 535 1060 presentibus
548 967 609 1030 est
622 976 856 1057 appensum.
885 951 1035 1031 Datum
1064 965 1283 1048 warnamo,
1299 951 1423 1032 Anno
1450 952 1614 1033 Domini
1642 949 1920 1042 M.CCC.VIII.

10 1067 14 1072 ’
115 1065 157 1143 in
187 1060 253 1144 die
281 1062 491 1145 beatorum
521 1060 699 1171 Philippi
726 1077 769 1141 et
795 1061 948 1144 iacobi.
1288 1125 1298 1134 .

411 1215 416 1224 ι
713 1169 850 1253 sigillet,
876 1169 974 1254 enligt
997 1169 1197 1254 teelmngm,
1221 1169 1323 1231 bor-ta.

13 1697 20 1703 ι
70 1552 72 1556 ’
125 1531 285 1646 1583.
466 1485 470 1491 -
567 1468 570 1473 >
645 1541 648 1544 ’
709 1500 711 1505 Ι
756 1533 907 1641 1308
955 1533 1004 1640 d.
1051 1534 1125 1642 23
1172 1536 1286 1681 Map

72 1729 86 1746 '
198 1722 313 1786 Beroen
335 1719 527 1782 Tacuissors
546 1719 584 1780 sl
601 1718 731 1800 Hngcby
751 1719 1019 1784 testamentarish
1051 1719 1224 1804 enordning
1257 1720 1294 1782 al
1315 1718 1400 1802 jord,
1433 1723 1606 1806 peccingas·
1637 1721 1697 1785 och
1726 1722 1848 1788 ldsiireu
1870 1718 1920 1786 till

247 1791 379 1909 klosteh,
401 1803 519 1886 lythor
539 1801 599 1865 och
621 1801 758 1866 emhilde
780 1823 936 1888 personer.
1664 1888 1694 1942 A!
1716 1887 1732 1940 3
1758 1887 1783 1941 h
1842 1885 1845 1892 Ι

226 2025 275 2104 Jn
305 2019 469 2102 nomine
499 2020 626 2128 patris
654 2034 695 2100 et
723 2017 795 2100 filii
825 2035 865 2102 et
883 2022 1049 2129 spiritus
1070 2023 1200 2104 saneti
1226 2028 1354 2104 Amett
1381 2023 1503 2105 Anno
1536 2020 1689 2102 domini
1720 2023 1778 2104 Μ’
1798 2020 1917 2102 CCC‘
2014 2101 2019 2108 ,
2111 2065 2117 2084 ι

52 2151 73 2195 '·
113 2135 231 2216 vttt·
263 2136 306 2215 in
334 2131 400 2213 die
427 2131 671 2241 ascensionis
692 2129 853 2220 ,domini
882 2133 972 2242 Ego
998 2156 1190 2216 ernostus
1218 2157 1354 2216 ruoue
1377 2132 1581 2243 quondam
1613 2157 1740 2216 eurus
1769 2131 1820 2215 de
1849 2133 1922 2212 ha·
2000 2197 2001 2205 Ν

112 2245 233 2358 gaebi'
260 2245 354 2326 lieet
383 2268 556 2352 corpore
584 2239 728 2324 debilis
754 2261 889 2325 mente
917 2261 1048 2326 tamen
1083 2273 1204 2326 sanus
1232 2262 1273 2326 et
1301 2245 1492 2326 robustus
1515 2241 1652 2328 videns
1675 2243 1921 2326 mundanam

113 2357 346 2441 felicitatem
374 2372 422 2434 ut
451 2355 588 2434 lenum
617 2355 704 2462 agri
733 2355 776 2435 in
805 2357 999 2438 nichilum
1029 2356 1158 2463 redigi
1188 2357 1440 2466 hominisque
1468 2357 1591 2436 uitam
1621 2384 1743 2465 super
1773 2374 1922 2452 terram

116 2489 160 2553 vt
189 2466 367 2550 ambram
397 2465 521 2546 cicius
551 2467 796 2574 pertransire
818 2484 989 2577 propter
1016 2468 1248 2575 temporalis
1264 2471 1404 2551 mortis
1428 2465 1684 2548 acerbitatem
1716 2487 1757 2548 et
1784 2465 1946 2547 nouis*

112 2585 258 2671 simum
293 2604 462 2658 examen
492 2575 611 2656 michi
639 2603 763 2687 super
796 2596 1014 2661 venturum
1043 2578 1165 2661 saluti
1186 2581 1315 2660 anime
1344 2607 1429 2659 mee
1458 2577 1553 2658 volo
1582 2577 1796 2686 diligenter
1824 2605 1920 2686 pro·

116 2694 254 2793 uidere
283 2687 389 2770 vnde
418 2702 699 2770 testamentum
727 2717 859 2771 meum
903 2689 1037 2774 condo
1065 2695 1106 2770 in
1135 2690 1244 2772 hunc
1273 2690 1436 2772 modum
1479 2687 1684 2771 monachis
1712 2706 1752 2770 et
1781 2712 1947 2770 mone·¹

107 2805 237 2900 ¹sterio
266 2801 319 2883 de
349 2800 516 2880 iulatum
547 2800 618 2880 ubi
649 2800 781 2881 locum
811 2802 917 2912 eligo
945 2801 1154 2909 sepulture
1185 2803 1274 2910 lego
1303 2802 1377 2883 hec
1407 2801 1512 2882 bona
1552 2799 1738 2882 videlicet
1767 2802 1917 2881 curiam

114 2945 243 2999 meam
272 2911 383 3011 saehir
412 2913 454 2993 in
483 2912 577 2992 naesi
605 2909 716 3022 apud
745 2912 1019 2996 almarnaestek
1047 2929 1249 3025 perpetuo
1278 2913 1366 2995 iure
1395 2911 1676 3023 possidendam
1713 2941 1804 3013 cum
1834 2940 1921 2993 orn·

111 3028 236 3111 nibus
263 3025 382 3108 bonis
411 3022 629 3105 mobilibus
657 3025 865 3106 in'eadem
894 3028 1005 3107 curia
1037 3024 1303 3107 existentibus
1331 3024 1710 3135 atqueattineneiis
1745 3028 1832 3105 eius
1859 3026 1919 3103 vi-

114 3141 261 3226 delicet
289 3138 395 3245 agris
424 3137 551 3243 pratis
579 3136 738 3245 pascuis
766 3138 1064 3245 piscacionibus
1093 3138 1205 3219 siluis
1234 3138 1467 3218 nemoribus
1510 3138 1618 3217 intus
1648 3155 1687 3217 et
1715 3153 1826 3217 extra
1857 3162 1919 3217 se-

114 3280 187 3363 pes
216 3254 319 3331 item
349 3246 541 3355 capellam
588 3275 714 3327 urenm
743 3275 833 3329 cum
864 3249 989 3330 calice
1017 3250 1131 3330 libris
1167 3264 1208 3329 et
1241 3248 1429 3331 omnibus
1458 3248 1540 3328 suis
1584 3251 1830 3329 ornamentis
1860 3262 1920 3326 et·

75 3404 82 3409 ·
115 3392 197 3476 que
241 3359 376 3442 decem
422 3385 576 3439 marcas
612 3358 763 3439 usualis
809 3376 970 3441 monete
1012 3357 1066 3439 do
1103 3360 1307 3441 monachis
1350 3358 1592 3467 supradictis
1622 3361 1724 3439 ltem
1754 3358 1920 3439 domino

113 3467 255 3557 abbati
283 3470 333 3553 de
362 3468 535 3566 inlatum
564 3466 618 3551 do
646 3469 782 3551 decem
805 3469 903 3552 alias
933 3498 1087 3552 marcas
1111 3468 1370 3553 denariorum
1400 3474 1504 3549 ltem
1528 3471 1705 3551 claustro
1736 3466 1785 3550 dc
1814 3498 1918 3553 wre·
2034 3532 2042 3539 .

112 3606 203 3669 tum
232 3584 354 3665 eciam
384 3578 520 3663 decem
551 3607 704 3662 marcas
731 3583 930 3663 currentis
960 3600 1133 3663 monete·
1163 3583 1266 3664 Jtem
1309 3580 1502 3662 fratribus
1531 3581 1574 3661 in
1604 3581 1799 3689 arbogum
1831 3599 1920 3662 tan·

112 3718 202 3781 tum
230 3696 308 3777 hoc
337 3709 396 3772 est
425 3692 561 3775 decem
590 3720 744 3773 marcas
779 3694 883 3774 Jtem
912 3690 1088 3774 ecelesiis
1124 3694 1164 3773 in
1194 3722 1366 3803 quarum
1398 3691 1622 3801 parrochiis
1651 3692 1758 3772 bona
1789 3692 1920 3775 habeo
1959 3688 1965 3698 ’

112 3811 192 3892 hoc
221 3824 282 3889 est
309 3801 478 3886 cuilibet
506 3832 643 3885 earum
673 3799 727 3883 do
757 3832 881 3884 vnum
909 3802 1083 3883 solidum
1114 3820 1220 3883 terre
1249 3818 1290 3883 et
1319 3802 1484 3885 cuilibet
1511 3802 1689 3911 plebano
1717 3802 1918 3883 dictarum

113 3920 374 4004 ecclesiarum
404 3915 458 3996 do
486 3912 585 3994 duas
615 3941 767 3993 marcas
799 3913 1058 3995 denariorum
1087 3941 1132 3993 ea
1161 3912 1211 3993 de
1240 3941 1358 3993 causa
1389 3928 1435 3992 ut
1464 3939 1526 3992 me
1556 3930 1718 3993 mortuo
1746 3914 1919 4023 quilibet

113 4060 254 4115 eorum
284 4032 327 4111 in
356 4023 539 4138 qualibet
567 4026 789 4135 septimana
829 4026 986 4105 missam
1017 4052 1095 4133 pro
1124 4027 1256 4105 anima
1299 4052 1386 4105 mea
1426 4023 1544 4105 semel
1575 4022 1627 4104 ad
1658 4024 1789 4107 minus
1818 4025 1921 4105 cele-

112 4147 207 4227 bret
234 4171 282 4222 us
314 4166 365 4218 ue
392 4135 442 4218 ad
473 4164 625 4217 annum
667 4138 770 4215 ltem
817 4136 982 4218 ecclesie
1020 4138 1296 4244 strengenensi
1324 4134 1379 4217 do
1408 4162 1527 4214 vnam
1570 4136 1707 4217 horam
1739 4152 1847 4215 terre
1877 4138 1919 4214 in

113 4170 382 4339 thorlundum
411 4250 515 4329 Jtem
559 4263 781 4357 margarete
809 4246 969 4329 knudhs
997 4245 1116 4328 doter
1144 4248 1199 4328 do
1227 4249 1409 4357 quinque
1451 4245 1572 4327 horas
1615 4264 1721 4328 terre
1748 4262 1789 4327 et
1818 4244 1919 4328 duos

113 4367 304 4451 denarios
331 4378 439 4442 terre
467 4357 647 4457 suderbtr
679 4360 720 4439 iu
750 4357 893 4440 tumbo
922 4357 1130 4439 haeraedhae
1158 4360 1231 4439 ista
1260 4358 1499 4440 condicione
1528 4358 1729 4440 mediante
1758 4357 1918 4440 docum

113 4480 193 4561 iam
224 4474 328 4558 dicta
361 4487 584 4581 margarete
614 4466 783 4576 grauida
812 4497 896 4550 esse
926 4467 1085 4551 videtur
1117 4471 1229 4577 prole
1260 4498 1344 4551 mea
1374 4467 1481 4549 illam
1511 4469 1677 4550 eandem
1701 4486 1847 4550 terram
1878 4474 1919 4551 in
1987 4515 1989 4531 ι

114 4585 297 4685 suderbir
325 4582 567 4693 dicteproli
596 4610 687 4661 cum
717 4583 768 4661 ad
800 4582 921 4660 vitam
952 4580 1106 4661 venerit
1134 4581 1395 4691 temporalem
1425 4580 1584 4687 assigno
1624 4584 1711 4663 iure
1748 4599 1919 4690 paterno

10 4715 11 4720 '
111 4694 442 4790 hereditandam,
471 4693 594 4777 Modo
624 4692 718 4801 quia
751 4711 875 4773 mater
901 4694 1114 4801 cuiuslibet
1144 4694 1205 4772 sui
1235 4692 1400 4773 infantis
1441 4694 1646 4775 morientis
1689 4692 1805 4773 heres
1834 4722 1918 4775 esse

113 4809 278 4892 videtur
305 4804 357 4886 ad
385 4804 467 4887 huc
495 4833 581 4887 eam
610 4819 756 4886 terram
775 4805 829 4884 ‘in
858 4803 1038 4903 suderbir
1069 4805 1164 4885 meis
1194 4800 1411 4885 heredibus
1432 4802 1592 4885 dimitto
1622 4804 1918 4900 resoluendam,

113 4959 386 4979 m

154 5020 182 5099 ⁹)
203 5014 462 5105 permuttcionisl
