4317 5975
460 369 464 376 '
525 426 533 478 ,
993 405 1054 427 ·-
1161 361 1244 441 610
1352 383 1410 430 ..s

301 579 427 690 reucii
453 597 496 660 et
523 579 632 662 Erioi
663 580 811 660 meritis
838 581 997 676 conlisi,
1023 582 1294 688 Quatraginta
1325 578 1482 684 dierum
1512 581 1790 691 indulgencias
1817 581 1880 666 dic
1902 591 2036 700 quolibet

205 702 210 711 ’
302 693 607 806 premissorum,
636 691 686 772 de
714 691 907 770 iniunctis
935 693 1010 772 sibi
1041 694 1277 801 penitenciis
1313 691 1623 774 misericorditer
1657 697 1700 774 in
1735 695 1893 777 domiuo
1927 705 2035 790 ulan.

303 807 403 887 m'us.
459 806 514 883 Jn
539 803 666 882 Cuius
694 802 755 880 rei
780 801 1067 884 Testimonium
1112 803 1287 912 sigillum
1328 819 1511 884 nostrum
1556 807 1811 914 presentibus
1850 828 1904 889 cst
1930 843 2041 926 appan.

175 941 197 1001 ·,
304 945 413 1014 rum,
440 917 589 998 Datum
616 911 727 1023 apud
755 912 963 995 ecclesiam
997 913 1221 1013 wixtadhe,
1258 944 1364 996 anuo
1396 913 1552 996 domini
1581 919 1641 1000 Μο
1665 919 1789 1000 000ο
1817 917 1966 1023 decimo,
1988 933 2042 1011 lin

304 1030 449 1110 minioa
476 1026 604 1129 Quasi
634 1022 755 1123 modo
782 1026 919 1133 geniti.

655 1169 705 1236 Pa
714 1167 911 1252 srdnridanr
929 1169 1138 1251 indulgencie
1158 1171 1438 1254 episcoporum-iu
1460 1172 1620 1256 precipuis
1638 1173 1737 1235 festis.

716 1285 843 1368 sigillet
863 1284 1031 1350 bortfellet
1049 1286 1123 1350 {rau
1144 1287 1206 1351 den
1225 1309 1268 1350 ur
1286 1285 1414 1350 bresrct
1433 1287 1537 1372 klipta
1558 1309 1692 1352 remeau.

291 1693 478 1852 >¹667’
862 1765 866 1773 ι
968 1690 1153 1800 1310?
1197 1685 1491 1794 Odateradt.
1580 1707 1582 1710 ’
1707 1785 1710 1793 ,

386 1879 601 1964 Ᾰι·ὶεά]εὶηοιι
622 1876 721 1940 Ouors
742 1873 943 1959 redoglirelse
963 1875 1016 1964 so‘r
1035 1876 1105 1938 deer
1126 1867 1712 1963 uppbr'ird·ai'ilrkebislops-tioudeu
1733 1879 1742 1938 i
1764 1876 1977 2023 Atpuudalapd.
2102 1863 2104 1992 l

1832 1963 1957 2031 .7.r.*.
2103 1993 2104 1998 =

419 2067 483 2147 M'c
511 2066 658 2144 Ocnuo
685 2059 984 2168 archidyacono
1019 2063 1223 2171 upsalensi
1254 2079 1499 2170 procurante
1535 2062 1709 2144 decimas
1744 2062 2056 2172 archiepiscopale
2102 2009 2104 2144 i

276 2196 283 2212 “
308 2207 382 2290 per
410 2175 631 2257 attundiam
661 2173 711 2255 de
740 2174 927 2256 mandato
955 2175 1136 2284 Capituli
1167 2175 1406 2282 vpsalensis,
1435 2175 1569 2256 Primo
1596 2203 1705 2259 anuo
1741 2177 1828 2255 misi
1866 2177 1904 2254 iu
1937 2173 2058 2282 gutlan-

309 2292 437 2386 diam,
465 2316 557 2369 curn
586 2285 769 2365 Johaune
797 2288 992 2384 Ottasou,
1024 2287 1155 2366 XIIll.
1188 2286 1306 2364 lestas
1325 2291 1494 2367 'aunone
1522 2315 1611 2365 cum
1642 2285 1808 2367 dimidia
1838 2315 1914 2395 que
1936 2283 2058 2364 vendite
2103 2275 2104 2328 t

308 2418 404 2485 suut
433 2403 473 2481 iu
502 2397 669 2505 Wisby,
711 2425 787 2504 pro
816 2397 959 2504 viginti
989 2417 1083 2477 octo
1121 2397 1310 2490 marchis,
1346 2414 1388 2476 et
1419 2395 1724 2504 quatuordecim
1768 2397 1904 2477 solidis
1943 2395 2061 2502 argenti

309 2514 424 2622 puri,
450 2525 492 2589 et
519 2526 613 2588 octo
642 2507 810 2587 marchis
840 2513 1018 2612 guteusis
1048 2527 1228 2602 monete,
1256 2535 1356 2615 quas
1393 2510 1571 2586 commisi
1600 2506 1766 2586 domino
1795 2507 1942 2587 Mathia
1976 2531 2061 2584 cano

310 2625 403 2704 uico
433 2620 648 2728 upsalensi,
692 2622 794 2698 Jtem
825 2620 866 2696 iu
895 2621 1075 2700 secundo
1102 2646 1211 2698 anuo
1243 2620 1328 2698 misi
1366 2619 1515 2728 Wisby
1557 2645 1629 2724 per
1665 2618 1839 2699 eundem
1883 2617 2060 2698 Johauneu

275 2747 472 2814 1ottasou
500 2727 816 2832 Quatuordecim
857 2726 974 2811 lestas
1002 2759 1184 2812 annonas
1221 2729 1272 2810 de
1312 2731 1413 2836 vtby
1440 2745 1487 2808 et·
1518 2728 1781 2822 saehuudaere,
1834 2746 1876 2809 et
1917 2729 1963 2810 de
1997 2726 2062 2806 alu

310 2843 484 2926 sedecim
514 2843 649 2935 lestas,
678 2869 758 2949 que
785 2840 909 2920 eciam
940 2841 1101 2921 vendite
1129 2857 1226 2921 suut
1255 2843 1294 2922 iu
1324 2836 1475 2949 Wislry
1508 2869 1584 2950 pro
1622 2843 1917 2951 quinquaginta
1949 2855 2062 2946 septen

311 2956 481 3037 marchis
509 2982 598 3034 cunr
630 2952 789 3033 duabus
821 2955 904 3032 oris
939 2955 1113 3061 argenti,
1157 2981 1256 3063 quas
1299 2952 1481 3034 similiter
1521 2953 1701 3034 commisi
1747 2952 1916 3034 domiuo
1957 2950 2064 3030 Mathie

308 3068 507 3151 canonico
535 3063 754 3173 upsalensi,
801 3068 904 3143 ltem
939 3068 1119 3145 commisi
1148 3065 1315 3146 domino
1347 3066 1544 3145 canonico
1584 3066 1786 3173 vpsaleusi
1831 3068 1875 3145 in
1910 3062 2065 3143 stocholu

310 3182 496 3286 Triginta
522 3205 592 3258 sex
622 3175 739 3255 lestas
765 3204 925 3255 aurroue
953 3206 1044 3256 cum
1072 3175 1257 3277 dimidia,
1299 3194 1341 3257 et
1379 3174 1687 3285 quatuordecim
1731 3176 1891 3257 modios
1932 3199 2063 3253 annone

311 3286 373 3371 Dc
399 3290 555 3371 colonis
583 3287 737 3369 domini
769 3288 844 3367 mei
875 3289 1164 3394 archicpiscopi
1196 3290 1234 3381 in
1267 3288 1455 3396 parochia
1485 3286 1584 3368 alter
1611 3289 1745 3395 recepi
1777 3284 1918 3367 decem
1946 3302 1983 3363 et
2005 3299 2067 3362 octo

236 3464 245 3477 .
312 3402 495 3483 marchas
521 3396 679 3489 denar„
705 3426 797 3475 cum
826 3416 1005 3505 quatuor
1041 3399 1179 3478 solidis
1213 3396 1263 3477 de
1307 3399 1476 3505 pecunia
1518 3426 1599 3509 que
1636 3396 1785 3478 dicitur
1830 3394 1961 3501 asrad,
1997 3398 2066 3473 ltro

183 3576 188 3586 .
312 3514 447 3619 recepi
467 3509 517 3589 de
545 3510 700 3588 colonis
729 3510 771 3586 iu
802 3509 947 3599 loetum
977 3508 1114 3587 decem
1146 3509 1322 3587 marchas
1351 3536 1441 3587 cum
1472 3506 1655 3605 dimidia,
1677 3526 1717 3587 et
1745 3510 1932 3619 quinque
1958 3504 2068 3586 solidor

313 3622 450 3705 denar.
478 3646 569 3700 cum
598 3621 768 3726 antiquo
797 3618 956 3714 debito,
984 3622 1088 3698 ltem
1118 3621 1250 3727 recepi
1279 3617 1330 3699 de
1359 3619 1513 3699 colonis
1542 3623 1583 3699 iu
1614 3636 1764 3711 munzct
1784 3620 1969 3729 Triginta
1986 3643 2069 3696 vuar

312 3732 495 3813 marchas
522 3759 614 3810 cum
643 3729 804 3811 dimidia
837 3747 877 3808 et
907 3728 1090 3811 vndecim
1120 3724 1306 3811 denarios
1334 3732 1451 3811 ltem.
1470 3729 1519 3811 de
1548 3731 1702 3811 colonis
1731 3732 1782 3811 de
1816 3723 2068 3836 morgha'iurta

311 3840 514 3937 flotasuud
544 3840 851 3949 quatuordecim
880 3870 972 3920 oras
1000 3839 1153 3935 denar,
1183 3845 1285 3921 ltem
1316 3844 1450 3949 recepi
1479 3842 1531 3921 de
1561 3841 1726 3921 domiuo
1754 3842 1937 3949 johanne
1952 3838 2072 3921 delum

312 3955 536 4037 monetario
566 3956 609 4032 in
635 3951 871 4047 stolholmis
899 3980 967 4031 sex
1000 3954 1179 4031 marcha's
1207 3950 1357 4048 denar,
1401 3979 1477 4060 pro
1505 3954 1616 4033 curia
1661 3952 1818 4033 domini
1861 3956 1936 4032 mei
1977 3950 2071 4029 archi·

312 4068 493 4175 episcopi
524 4090 652 4171 prope
677 4062 872 4141 stocholm
903 4066 977 4141 sita
1009 4062 1179 4169 karlaby
1208 4080 1441 4170 nuncupata
1469 4092 1590 4173 quam
1619 4062 1838 4162 conduxit,
1879 4066 1977 4145 Jtem
2008 4088 2074 4140 reu·

313 4180 398 4262 didi
427 4174 658 4286 quindecim
683 4191 795 4253 cutes
825 4173 1015 4271 bouinas,
1043 4202 1124 4283 que
1154 4190 1431 4254 remanserunt
1461 4177 1500 4255 iu
1531 4175 1678 4267 lustum
1707 4174 2074 4280 demortalitatepe

313 4318 453 4380 corum
482 4313 561 4394 pro
588 4286 771 4393 quinque
802 4284 989 4381 marchis,
1027 4289 1130 4363 item
1161 4283 1323 4365 vendidi
1366 4286 1597 4366 stocholmis
1638 4288 1950 4396 quatuordecim
1992 4287 2074 4363 lestis

314 4426 478 4482 annone
507 4425 583 4506 pro
611 4396 755 4501 viginti
783 4413 877 4476 octo
906 4396 1077 4475 marchis
1106 4397 1241 4479 denar.
1269 4425 1349 4505 que
1377 4398 1501 4477 eciam
1532 4414 1729 4478 venerunt
1751 4398 1803 4478 de
1827 4400 1985 4491 lustum,
2002 4397 2075 4475 lteu

315 4509 481 4591 vendidi
507 4508 609 4587 duas
638 4507 753 4585 lestas
781 4534 940 4585 aunone
968 4507 1216 4605 stocholmis,
1254 4535 1329 4615 pro
1357 4506 1587 4617 quindecim
1617 4508 1790 4589 marchis
1822 4508 1976 4601 denar,
2002 4510 2074 4586 lter

303 4625 450 4729 'recepi
472 4618 524 4701 de
551 4617 717 4699 domino
750 4615 931 4711 urrruudo
972 4619 1013 4697 in
1056 4618 1335 4724 odhinsha'rgh
1379 4618 1428 4699 de
1471 4615 1745 4700 cathedratico
1789 4638 1890 4702 octo
1933 4614 2077 4699 marchas

112 4829 117 4839 ¹
315 4733 461 4827 denar,
489 4749 530 4811 et
558 4728 608 4810 de
636 4728 803 4810 domino
830 4730 1047 4836 Rangucro
1074 4730 1117 4809 iu
1150 4730 1337 4810 Leuuum
1364 4733 1489 4811 eciam
1525 4729 1576 4810 dc
1611 4730 1896 4813 cathedratico
1916 4744 2077 4840 ,quatuor
2105 4812 2106 4815 Ν

252 4843 496 4966 ‘marchas
523 4840 675 4938 denar,
703 4843 804 4930 ,item
841 4839 1005 4925 vendidi
1037 4868 1157 4925 ruam
1191 4842 1331 4923 lestam
1365 4867 1527 4922 annone
1562 4868 1643 4950 que
1688 4844 1801 4925 venit
1831 4844 1884 4925 de
1913 4838 2030 4921 alsclre
2050 4846 2078 4914 rt

2103 2461 2105 2544 l

355 5054 382 5134 *)
402 5052 513 5115 Ureu
533 5048 571 5112 ef
586 5036 732 5136 Uplaudr
752 5051 892 5133 tagum
913 5048 1023 5136 Birger
1043 5050 1203 5118 Pelrrrron
1224 5071 1267 5115 m.
1289 5046 1323 5115 fl.
1344 5052 1491 5137 utgil'reu
1512 5048 1699 5119 vidimarion
1720 5050 1759 5115 nr
1775 5047 1808 5116 d.
1835 5074 1874 5138 ¹7
1894 5054 1959 5137 Mei
1980 5049 2049 5115 itu
