4317 5975
784 368 1024 482 -fibar
1142 411 1289 440 -.

110 583 308 697 forisengh
335 591 448 671 iuxta
476 586 691 697 rpsaliam,
719 615 850 697 prope
877 586 1083 672 ecclesiam
1111 586 1222 668 beati
1250 585 1374 696 petri,
1403 585 1517 678 saluo
1546 586 1633 669 iure
1652 588 1895 698 parochialis

77 700 343 798 sacerdotis,
367 717 408 782 et
436 700 604 790 ecclesie¹
629 699 680 780 de
708 698 891 798 waxald,
919 727 1000 811 que
1029 701 1141 810 pecia
1170 719 1277 780 terre
1305 698 1609 781 circumuallata
1636 718 1697 781 est
1724 701 1894 802 fossatis,
1978 731 1987 737 ·

109 815 327 920 continens·
348 818 389 892 in
433 807 687 919 longitudine
729 812 935 919 octoginta
978 810 1049 892 serr
1089 811 1205 917 Repp
1234 826 1275 891 et
1304 824 1385 890 tres
1428 810 1563 908 vlnus,
1609 812 1652 891 in
1680 811 1895 896 latitudine
1916 809 1939 860 s

109 950 199 1004 vcro
227 924 485 1032 quatraginta
520 921 597 1002 tria
630 922 749 1029 Repp
791 949 883 1002 cum
925 920 1084 1002 duabus
1111 923 1235 1016 vlnis,
1276 947 1359 1031 que
1394 922 1559 1033 inquam
1593 922 1702 1002 bona
1731 950 1804 1031 per
1832 917 1896 1005 me

33 1114 36 1127 ,
108 1033 224 1115 titulo
262 1036 482 1142 empcionis
517 1031 775 1141 conquesita,
815 1031 890 1128 do,-
919 1048 960 1114 et
990 1031 1087 1137 ‘lego
1136 1050 1427 1138 prememorato
1469 1030 1651 1116 ccclesie'
1677 1032 1896 1140 rpsalensi,

107 1144 210 1254 apud
239 1145 361 1254 quam
388 1143 572 1252 corporis
598 1143 674 1221 mei
703 1142 809 1252 eligo
835 1143 1106 1252 sepulturam,
1131 1141 1305 1234 faciens,
1333 1143 1594 1241 constituens,
1622 1159 1663 1223 et
1691 1144 1895 1243 ordinans,
1976 1167 1979 1176 ·

29 1346 36 1354 ,
105 1255 248 1339 ibidem
273 1257 316 1336 io
344 1255 498 1364 capella
533 1256 743 1335 beatorum
772 1252 1047 1368 apostolorum
1078 1252 1186 1359 petri
1220 1265 1261 1332 et
1289 1251 1422 1349 Pauli,
1441 1253 1510 1334 de
1545 1252 1735 1364 predictis
1777 1249 1897 1338 bonis

106 1394 234 1448 ruam·
252 1367 491 1476 perpetuam
518 1367 728 1462 vicariam,
759 1365 837 1446 sub
865 1357 1175 1445 condicionibus
1201 1387 1283 1490 que
1311 1379 1505 1450 secuntur
1530 1382 1725 1474 perpetuo
1760 1391 1897 1446 serua·

106 1477 222 1573 turis,
252 1476 440 1582 ridelicet
461 1472 578 1586 quod
604 1472 793 1580 'sacerdos
820 1475 871 1558 ad
907 1472 1074 1556 candem
1108 1473 1299 1553 vicariam
1336 1500 1411 1580 per
1451 1473 1657 1555 domiuum
1700 1475 1897 1584 archiepi-

107 1616 290 1696 scopum,
317 1605 356 1668 et
384 1587 615 1697 Capitulum
645 1587 871 1681 institutus,
900 1584 1048 1666 lrabeat
1075 1582 1191 1664 annis
1219 1583 1387 1690 singuiis
1424 1585 1467 1666 in
1503 1601 1680 1693 quatuor
1716 1589 1898 1668 terminis
1997 1617 2005 1624 ⁴

106 1701 245 1808 viginti
273 1715 452 1808 quatuor
479 1697 662 1778 Marchas
689 1695 948 1778 denariorum
972 1694 1132 1776 'vsualis
1167 1697 1347 1790 monete,
1381 1693 1453 1775 rel
1496 1695 1672 1775 valorem
1714 1703 1898 1808 quinque
2012 1769 2017 1780 .

107 1810 352 1892 biarchorum
382 1809 540 1917 argenti
569 1811 681 1918 puri,
710 1809 743 1887 si
771 1798 970 1889 monetam
1000 1807 1209 1911 contingat
1236 1804 1457 1900 immutari,
1493 1821 1534 1885 et
1560 1804 1673 1916 quod
1702 1807 1808 1887 idem
1837 1811 1899 1889 sa·

106 1920 244 2004 cerdos
270 1921 473 2028 obligatus
506 1921 558 2000 sit
579 1917 631 2002 ad
658 1920 872 2001 seruicium¹
898 1919 1012 1999 chori
1039 1914 1261 1998 secundum
1288 1929 1436 1996 statuta
1467 1914 1711 2014 choralium,
1738 1935 1779 1998 et
1802 1946 1899 2027 spe·
2017 1955 2020 1961 ·

105 2030 255 2114 cialiter
284 2031 334 2112 ad
362 2027 578 2112 dicendum
606 2031 775 2140 singulis
800 2030 1035 2139 septimanis
1061 2043 1145 2108 tres
1173 2025 1328 2122 Missas,
1357 2053 1474 2107 ruam
1503 2025 1556 2107 de
1584 2027 1699 2109 beata
1730 2029 1898 2138 virgine,

40 2196 43 2202 -
105 2143 218 2224 aliam
246 2142 297 2223 de
327 2142 447 2223 beato
478 2140 704 2237 laurencio,
732 2141 963 2222 et·terciam
993 2166 1068 2248 pro
1097 2135 1310 2232 defunctis,
1338 2133 1457 2218 etad
1486 2136 1713 2219 habendam
1747 2139 1790 2219 iu
1833 2167 1901 2220 ca·

110 2253 315 2336 noue-mci
344 2252 596 2348 memoriam,
625 2253 708 2345 riui
736 2251 799 2332 rel
827 2248 1026 2359 defuncti,
1067 2265 1110 2330 et
1137 2263 1181 2326 vt
1218 2245 1451 2356 supradicta
1493 2247 1603 2329 bona
1638 2275 1687 2328 eo
1715 2248 1901 2330 stabilius

105 2391 176 2475 pro
220 2365 443 2445 memoriali
483 2379 684 2472 perpetuo
724 2364 806 2446 sint
857 2360 1021 2443 ecclesie
1064 2357 1275 2470 upsalensi.
1320 2356 1436 2438 nullo
1477 2358 1599 2440 modo
1637 2355 1687 2440 de
1723 2360 1820 2442 locis
1857 2361 1931 2440 in‘

109 2473 375 2587 quibusdam
405 2490 447 2556 et
473 2501 583 2554 nunc
605 2476 679 2556 sita
708 2489 804 2555 sunt
831 2485 1150 2568 commutentur,
1186 2466 1271 2578 scd·
1293 2469 1375 2550 sint
1410 2468 1487 2550 sub
1530 2468 1720 2572 manibus,
1749 2486 1791 2551 et
1818 2471 1901 2550 tui·

104 2591 227 2674 cione,
251 2586 405 2668 domini
433 2585 728 2694 archiepiscopi
754 2583 995 2694 rpsalensis,
1036 2579 1233 2692 quamdiu
1282 2579 1367 2686 ipse
1403 2575 1500 2662 dare
1535 2579 1713 2662 voluerit
1737 2578 1792 2662 de
1819 2579 1901 2662 illis

105 2698 232 2796 bouis,
261 2699 376 2777 annis
403 2696 572 2804 singulis
600 2713 641 2777 et
668 2700 851 2779 terminis
879 2694 1113 2805 pensionem
1143 2687 1437 2798 supradictam,
1480 2686 1662 2801 alioquin
1690 2706 1901 2774 transeant

103 2825 143 2892 et
169 2826 363 2916 regantur
390 2836 482 2888 oum
510 2806 597 2887 aliis
626 2807 745 2888 bonis
774 2807 944 2902 fabrice,
970 2803 1075 2886 datis
1102 2818 1144 2883 et
1172 2798 1369 2883 ordinatis
1396 2827 1474 2910 pro
1502 2800 1778 2885 consimilibus
1807 2827 1915 2912 pera

38 2981 43 2998 .
103 2921 235 3030 petuis
261 2920 438 3015 vicariis,
466 2921 517 3000 in
546 2917 674 3000 Cuius
708 2921 768 2999 rei
801 2915 1074 3001 testimonium
1115 2910 1291 3023 'sigillum
1332 2913 1499 3023 capituli
1541 2913 1778 3023 upsalensis,
1820 2939 1901 2997 rua

103 3059 191 3112 cum
221 3032 471 3140 sigillo-'meo
499 3031 754 3139 presentibus
781 3049 841 3114 est
876 3054 1119 3137 appensum,
1154 3039 1289 3106 actum
1315 3046 1425 3109 anno
1445 3024 1630 3117 domiui.
1665 3024 1739 3137 ΜΟ.
1776 3024 1900 3115 GCC⁰

103 3142 258 3225 decimo
285 3142 328 3223 in
355 3142 493 3256 vigilia
521 3142 650 3225 sancti
674 3140 862 3253 johannis
890 3139 1078 3248 baptiste.

845 3282 977 3375 Sigillcn
999 3276 1147 3352 sladade,

112 3652 279 3782 1684.
755 3650 907 3759 1310
952 3648 1001 3757 d.
1054 3689 1076 3757 1
1126 3645 1240 3755 Juli.

181 3820 266 3907 Eam
286 3838 383 3900 sosas
398 3834 489 3920 intyg
511 3852 564 3897 om
586 3841 757 3916 grinsema
776 3835 828 3898 liis·
849 3854 889 3897 cn
910 3834 1046 3919 jordlott
1067 3832 1123 3897 vid
1143 3828 1328 3916 Harkeryd',
1360 3830 1492 3895 hrilken
1513 3830 1577 3915 hap
1605 3830 1685 3917 kopt
1712 3830 1750 3893 af
1775 3830 1900 3915 Nyda'la
1989 3904 1993 3914 1

223 3920 363 3998 kloster,
384 3918 448 3982 och
469 3914 709 3998 mcdgiirande‚
730 3928 796 3998 att,
817 3918 924 3981 eburu
944 3918 1061 3979 addans
1082 3914 1268 3999 ligenheter
1290 3913 1390 3997 enligt
1412 3914 1465 3998 lag
1486 3914 1567 3978 hdra
1589 3912 1640 3975 till
1661 3913 1701 3975 de
1722 3908 1857 3996 gir-dar,
1879 3914 1900 3976 b

224 4003 352 4067 brillac
372 4022 452 4085 egos
474 4000 516 4063 de
536 3999 639 4082 agga,
660 3999 774 4063 addant
795 4000 895 4064 likvrt
915 4000 969 4064 rid
991 3997 1102 4085 sjeli'ra
1123 4000 1221 4083 kdpet
1236 3996 1481 4080 blifritgenom
1497 3992 1901 4074 sentildtmrhehallmo-

226 4108 302 4149 nom
323 4086 471 4168 betaget,
491 4082 566 4146 med
586 4082 750 4168 undantag
772 4085 811 4147 ai
826 4083 968 4147 mulbetc
979 4081 1042 4145 och
1052 4083 1129 4145 fiske
1150 4082 1162 4143 i
1183 4096 1254 4143 atne
1271 4082 1363 4164 sjiiar,
1379 4081 1549 4145 hvaremot
1564 4080 1667 4161 dirige
1677 4077 1780 4143 bchoi
1786 4099 1826 4142 ur
1837 4078 1900 4141 deu

223 4168 440 4255 angramande
460 4167 581 4250 singen
601 4165 713 4229 endast
733 4168 805 4232 med
826 4166 988 4233 Abbotens
1007 4165 1069 4230 ocb
1086 4162 1378 4230 Ombudsmannens
1389 4163 1541 4229 simlilda
1551 4160 1900 4300 filistipdaiighemtas.

213 4350 416 4434 Omnibus
457 4376 625 4459 presens
665 4351 860 4459 scriptum
902 4348 1184 4448 cernentibus,
1227 4349 1376 4433 Eamus
1417 4347 1552 4430 dictus
1593 4368 1689 4429 soso
1728 4344 1901 4429 salutem

96 4467 144 4548 in
173 4466 352 4547 omnium
380 4461 601 4559 saluatore,
628 4458 792 4571 Scripto
819 4462 996 4572 presenti
1030 4486 1279 4571 recognosco
1306 4487 1494 4573 campum
1523 4483 1652 4567 prope
1691 4457 1899 4563 barcurip

94 4601 225 4688 quem
252 4573 378 4669 habui
404 4570 455 4655 de
483 4571 689 4666 monacbis
716 4599 824 4654 noue
860 4571 995 4669 vallis,
1037 4572 1123 4654 istis
1150 4598 1235 4655 esse
1270 4572 1452 4653 terminis
1492 4568 1745 4665 conclusum,
1787 4565 1899 4650 ride·

97 4686 201 4776 licet
227 4686 279 4769 de
308 4688 406 4795 pinu
434 4685 591 4791 signata
618 4709 740 4765 cruce
766 4683 884 4791 juxta
924 4682 1158 4767 orientalem
1187 4700 1228 4763 et
1263 4680 1563 4765 meridionalem
1605 4678 1728 4759 linem¹
1765 4680 1900 4788 stagni

96 4798 314 4907 wlgariter
341 4795 474 4878 vocati
500 4794 708 4890 harcusio,
736 4792 906 4892 directe,
933 4794 978 4876 io
1005 4794 1177 4877 abietem
1205 4791 1391 4875 similiter
1411 4795 1607 4903 signatam
1631 4817 1768 4889 cruce,
1782 4790 1899 4899 juxta

94 4907 342 4994 orientalem
371 4921 414 4987 ct
440 4904 719 5016 aquilonarem
752 4905 873 4989 finem
914 4906 1091 5016 proximi
1125 4904 1290 4988 alterius
1331 4902 1550 4989 adiacentis
1591 4902 1726 5012 stagni
1765 4902 1929 5011 sepsio'

115 5094 121 5110 ,
237 5032 286 5097 sv.
300 5030 421 5106 orpora
453 5030 497 5085 11.
723 5098 729 5107 .
1726 5030 1766 5097 79
