4317 5975
970 455 1028 481 ...
1138 383 1362 497 30'...

180 727 183 732 ,
264 634 458 718 nouerint
491 632 779 743 ¹satisfacientes
813 657 981 745 presens
1014 649 1203 716 nostrum
1239 614 1526 715 testamcutum
1553 628 1774 714 efficaciter
1802 646 2071 742 exequantur.

265 742 471 861 Pasieria·
490 744 625 831 debita
653 762 791 847 nostra
813 758 955 828 cetera
982 743 1165 853 plenarie
1206 745 1387 857 persolui
1414 744 1603 825 uolumus
1629 743 1681 827 dc
1708 741 1873 827 ducatu.
1913 770 2071 853 preser-

186 952 188 959 ,
265 856 465 943 timeum
492 856 688 941 veraciter
713 885 810 941 neco
867 880 1049 939 oscamus
1077 873 1153 938 nos
1180 860 1345 940 racione
1373 857 1583 939 memorati
1611 857 1783 941 ducatus
1810 854 1951 937 eadem
1971 883 2072 939 con·

266 970 449 1052 traxisse.
477 994 599 1077 super
654 997 709 1051 uo
725 968 774 1081 ²⁰)
804 884 1012 1052 <liminum
1040 996 1176 1078 regem
1204 968 1372 1053 fratrem
1406 974 1590 1050 nostrum
1657 967 1894 1051 redilectum
1930 968 2074 1051 intime

268 1073 463 1189 rogamus
483 1077 597 1190 quod
612 1000 661 1193 ²3)
690 1080 750 1166 dc·
767 1078 997 1163 redditibus
1028 1082 1239 1162 memorati
1266 1081 1437 1164 ducatus
1458 1108 1557 1161 cum
1584 1108 1608 1159 a
1640 1082 1793 1162 uocatis
1809 1078 1989 1177 eiusdem
2011 1076 2076 1161 di·

270 1191 420 1301 ligenti.
448 1194 758 1301 computacione
786 1189 926 1273 habita
953 1193 1207 1301 integraliter
1234 1195 1568 1273 nomine'nostro
1597 1191 1778 1300 persolui
1792 1191 1915 1273 faciat
1935 1189 2076 1273 debita

264 1299 498 1411 supradicta
524 1319 569 1385 vt
596 1331 689 1384 cum
717 1304 843 1385 maria
869 1302 998 1417 possit
1032 1302 1180 1386 dicere.
1213 1303 1257 1385 Si
1290 1303 1503 1386 dileximus
1545 1304 1756 1384 vincutum
1791 1317 1833 1383 et
1866 1320 2075 1384 mortuum

266 1411 492 1523 diligamus.
548 1413 696 1495 Datum
724 1420 766 1497 &
792 1433 927 1497 actum
961 1414 1053 1497 loco
1080 1420 1332 1525 &tempore
1368 1413 1611 1525 supradictis
1651 1413 1716 1496 Ad
1758 1413 1906 1497 horum
1947 1414 2077 1521 igitur

266 1524 519 1608 euideuciam
547 1524 770 1635 pleniorem
797 1525 974 1635 sigillum
1003 1544 1189 1609 nostrum
1224 1527 1490 1637 presentibus.
1521 1524 1709 1608 duximus
1744 1523 2072 1635 appendendum.

266 1636 445 1720 Petimus
472 1636 597 1717 eciam
625 1652 832 1745 presentes
860 1637 1015 1719 litteras
1051 1638 1186 1747 sigillo
1227 1637 1365 1720 dilecti
1408 1638 1547 1719 fratris
1587 1638 1718 1717 nostri
1757 1636 1925 1718 illustris
1965 1638 2111 1745 regis·

124 1792 131 1806 ·
175 1799 179 1806 .
263 1746 422 1831 Swecie
449 1748 690 1833 confirmari.

208 1888 214 1905 “
322 1886 460 1973 sigillett
480 1887 653 1974 Hertigens,
674 1888 746 1954 nied
767 1889 892 1976 intryck
912 1889 932 1953 i
951 1887 1038 1955 aad·
1059 1890 1153 1973 sidon,
1175 1892 1186 1955 i
1205 1902 1241 1956 tu
1260 1891 1377 1955 brutet.
1416 1888 1607 1974 Konuugcns
1626 1888 1774 1954 har-icle
1794 1886 1898 1952 blilvit
1917 1885 2034 1951 ditaatt.

270 2154 405 2288 942.
584 2270 588 2277 ⁸
772 2214 775 2229 ·
899 2136 1149 2250 1286d.
1207 2177 1279 2252 22
1338 2138 1453 2247 Juli
1603 2261 1619 2281 Γ
1793 2117 2073 2241 Cameraci.

143 2313 169 2388 '⁴
229 2378 233 2385 ·
265 2368 267 2375 ’
293 2334 305 2341 ”
330 2353 428 2429 Ῥω.
448 2338 602 2445 begaten,
623 2356 737 2447 Bislop
756 2358 907 2425 lobannis
926 2359 1114 2431 stadiastclse
1134 2360 1176 2447 ps
1196 2314 1368 2425 Predilare
1388 2309 1562 2461 Biddernas
1583 2316 1781 2441 Prinilegier.¹

1731 2502 1938 2569 badum

163 2718 165 2721 Ι
317 2666 318 2674 ¹
375 2616 584 2698 Jouauuns
613 2616 872 2723 miseracione
913 2614 1055 2699 diuina
1096 2614 1353 2699 Tusculanus
1388 2612 1622 2722 episcopus,
1657 2604 1879 2718 apostolice
1915 2604 2075 2714 legatus

265 2723 485 2834 Religiosis
507 2728 603 2809 viris
631 2726 789 2809 dilectis
817 2726 935 2815 nobis
962 2730 1004 2813 in
1032 2727 1197 2808 cbristo.
1240 2726 1370 2807 Priori
1400 2721 1655 2832 prouinciali.
1684 2719 1892 2828 prouincie
1935 2719 2075 2801 Dacia.

267 2838 558 2934 conuentibus,
587 2837 801 2923 Prioribus
816 2867 872 2921 ac
901 2838 1090 2919 omnibus
1118 2837 1314 2918 fratribus
1341 2834 1496 2916 ordinis
1523 2832 1825 2941 predicatorum
1851 2856 1926 2940 per
1947 2828 2076 2910 Dacis

267 2976 315 3032 ac
342 2948 484 3030 Suecie
515 2976 641 3056 regna
670 2949 912 3044 constitutis,
940 2948 1110 3028 salutem
1138 2948 1183 3028 in
1211 2946 1378 3028 domino
1404 2945 1720 3054 sempiternam·
1760 2939 1846 3048 Quj
1883 2938 2076 3022 seculuri·

265 3058 344 3142 bus
371 3057 580 3140 desideriis
610 3058 832 3166 abnegatis,
860 3058 913 3140 ad
941 3059 1105 3140 celestia
1132 3057 1400 3168 promerenda
1430 3056 1624 3137 festinant
1650 3081 1693 3134 se
1719 3068 1868 3162 sponte
1895 3051 2076 3134 subden-

56 3176 61 3200 '
173 3223 176 3230 ·
266 3167 322 3252 do
348 3168 604 3278 regularibus
633 3169 874 3278 disciplinis,
903 3184 1000 3251 sunt
1037 3196 1121 3248 uon
1158 3169 1358 3249 immerito
1393 3168 1437 3247 in
1471 3168 1555 3248 suis
1589 3166 1768 3247 honestis
1801 3163 2078 3272 peticionibus

241 3277 547 3390 ,promoucudi
582 3294 628 3360 vt
655 3296 771 3363 tanto
798 3279 1018 3361 studiosius
1047 3279 1099 3360 ad
1127 3282 1350 3362 animarum
1378 3278 1547 3358 salutem
1589 3277 1803 3386 prolicere,
1845 3303 1892 3356 ac
1933 3276 2075 3384 incep-

128 3433 130 3436 ·
266 3407 355 3475 tum
384 3420 545 3473 cursum
574 3419 623 3472 eo
653 3391 806 3472 facilius
834 3390 995 3473 valeant
1022 3419 1273 3487 consumare,
1309 3413 1393 3500 quo
1421 3388 1548 3496 magis
1576 3390 1658 3469 suis
1671 3389 1790 3476 votis.
1817 3385 2076 3469 &salubrius

154 3547 164 3614 j
267 3529 352 3588 esse
381 3504 574 3590 uoucnint
598 3503 857 3586 satisfactum.
885 3504 1029 3585 vestris
1049 3504 1185 3611 itaque
1202 3500 1574 3612 supplicacionibus
1597 3499 1793 3596 inclinati,
1808 3497 1961 3578 Omnes
1974 3487 2077 3580 con·

260 3617 478 3712 cessiones,
504 3617 668 3722 gracias,
698 3619 738 3695 8(
767 3614 1056 3722 indulgencias,
1074 3609 1185 3693 'olim
1210 3640 1285 3722 per
1313 3640 1397 3694 nos.
1425 3612 1557 3697 Priori
1584 3605 1848 3719 prouinciali,
1872 3609 2076 3690 Conuen-

270 3725 393 3809 tibus.
423 3724 645 3823 Prioribus,
673 3753 720 3806 ac
750 3725 946 3807 fratribus
974 3727 1098 3806 vestri
1126 3723 1293 3818 ordinis,
1328 3726 1374 3804 in
1400 3724 1614 3833 prouincia
1653 3719 1881 3804 Theotonie
1928 3721 2076 3821 factas,

266 3840 309 3920 dt
336 3836 413 3917 sub
441 3864 695 3947 quacumque
723 3835 854 3917 forma
882 3865 954 3916 ssu
981 3835 1153 3933 Teuore,
1181 3861 1401 3930 concessas,
1417 3833 1533 3918 vobis
1562 3833 1818 3942 precencium
1832 3831 2077 3914 auctoritate

268 3946 540 4046 concedimus,
568 3953 608 4028 8(
636 3975 759 4055 super
786 3947 988 4028 contentis
1017 3948 1059 4027 iu
1091 3946 1199 4043 iltis,
1217 3946 1449 4028 facultatem
1471 3945 1590 4026 uobis
1616 3943 1841 4054 plenariam
1869 3942 2011 4025 damus
2024 3967 2077 4027 ac

266 4057 534 4168 indulgemus.
563 4059 743 4140 volentes
776 4075 823 4139 ut
850 4087 917 4140 eas
945 4059 1131 4168 optinere
1158 4087 1204 4140 ac
1219 4057 1382 4156 habere,
1397 4057 1477 4144 illis
1490 4054 1859 4168 quoqueomuibus
1876 4053 2075 4162 &singu-

266 4168 317 4252 lis
338 4173 400 4252 uti
420 4170 580 4280 possitis
602 4167 952 4278 quemadmodum,
975 4173 1088 4276 prior
1110 4170 1384 4253 Prouincialis.
1414 4171 1661 4266 Conuentus,
1674 4170 1843 4278 priores,
1858 4162 2077 4266 &fratrem

267 4284 480 4392 prouincia
521 4279 721 4380 Thetonie
748 4280 982 4389 supradicte
1010 4284 1061 4362 Jn
1092 4283 1206 4362 cuius
1247 4283 1307 4361 rei
1348 4279 1622 4360 testimonium
1663 4293 1871 4389 presentes
1913 4275 2074 4359 litteras

223 4415 227 4426 ’
266 4394 355 4474 lieri
383 4400 422 4474 &
453 4391 575 4500 sigilli
602 4393 731 4472 nostri
757 4390 923 4473 fecimus
960 4393 1180 4472 munimine
1214 4390 1412 4487 roborari,
1455 4392 1605 4472 Datum
1650 4392 1847 4473 cameraci
1885 4385 1947 4469 XI
1987 4385 2074 4472 kal.

265 4505 371 4614 Aug,
401 4507 523 4585 Auno
551 4502 703 4585 domini
731 4503 940 4587 Millesimo
981 4503 1279 4585 Ducentesimo.
1321 4504 1592 4612 octuagesimo
1632 4503 1805 4614 septimo
1844 4495 2073 4612 apostoliea
2147 4565 2154 4585 .

168 4673 177 4688 -
263 4613 359 4698 sede
392 4629 574 4696 uacante.

264 4792 611 4942 We.
653 4854 695 4937 ²¹>
715 4865 761 4920 ut·

309 4940 336 5018 *l
356 4937 446 5005 Ener
466 4961 505 5005 en
526 4941 563 5005 al
580 4941 713 5007 take-u
733 4940 878 5011 Nicolaus
897 4942 908 5006 i
932 4940 1065 5030 Upsula,
1083 4938 1118 5004 d.
1137 4939 1158 5005 3
1175 4940 1240 5023 Mal
1265 4941 1343 5008 idon
1361 4939 1527 5008 tetram
1545 4938 1678 5006 dunin
