4317 5975
751 350 852 465 ¹-
964 402 1038 508 371
1157 400 1272 471 ---¹

2 685 5 700 ,
105 622 235 702 lorma
280 625 354 728 pre
397 617 493 701 liliis
531 620 739 704 bominum
774 622 941 703 invadat
980 624 1137 733 jntegre
1179 624 1274 735 lidej
1314 654 1360 707 ae
1403 626 1605 709 soliditate
1640 626 1729 735 spej
1755 656 1777 707 a
1807 622 1905 711 dex·

105 736 179 814 tris
206 734 356 813 assistit
382 732 657 815 cisterciensis
679 733 782 815 ordo
810 733 961 815 diuinis
990 739 1245 845 mancipatur
1273 736 1479 849 obsequiis
1501 756 1541 819 et
1556 740 1660 820 inter
1688 738 1904 847 religiones

104 863 259 929 ceteras
288 844 463 952 gloriose
491 873 639 952 vrrgrm
667 846 949 952 singularitate
976 845 1212 931 deuocionis
1241 853 1429 931 astrictus
1456 882 1503 933 ex
1534 851 1792 933 institucione
1821 853 1904 958 pri·

103 959 226 1068 maria
257 973 297 1037 et
325 953 598 1065 professorum
629 958 756 1066 ipsius
797 959 998 1067 quantum
1026 987 1075 1039 ex
1106 960 1188 1041 alto
1231 958 1467 1061 conceditur
1502 963 1803 1070 prosecucionis
1842 963 1904 1041 in-

100 1071 253 1151 stancia
283 1068 424 1148 rutilat
461 1068 628 1148 caritate
658 1070 801 1151 candet
817 1071 1053 1149 castimonia
1085 1086 1126 1149 et
1156 1072 1431 1178 pulcritudine
1466 1074 1791 1155 conuersacionis
1819 1074 1904 1153 elu-

102 1200 167 1291 cet
196 1181 316 1261 huius
344 1177 499 1260 ordinis
526 1182 684 1260 nazarei
712 1179 883 1261 Candidi
911 1179 1011 1263 dicti
1038 1179 1225 1265 videlicet
1247 1184 1491 1292 professores
1506 1185 1683 1265 eiusdem
1712 1184 1788 1266 sub
1818 1202 1903 1265 arte

101 1293 368 1396 obseruaneie
397 1289 653 1373 districcione
680 1294 722 1372 in
752 1309 972 1402 conspectu
1000 1292 1221 1375 eorundem
1253 1299 1356 1406 regis
1396 1324 1536 1405 regum
1566 1314 1604 1377 et
1634 1300 1770 1404 regine
1799 1296 1902 1396 cele·

101 1407 172 1487 stis
200 1404 358 1513 phialas
384 1400 739 1484 odoramentorum
764 1403 905 1511 plenas
928 1403 971 1513 jn
1000 1406 1234 1487 oracionnm
1265 1404 1500 1491 assiduitate
1514 1424 1747 1515 presentant
1778 1407 1903 1487 Bene-

81 1518 258 1627 'placitis
286 1515 449 1595 illorum
478 1543 554 1625 per
579 1542 703 1623 opera
735 1517 896 1624 pietatis
925 1518 1152 1598 inseruiunt
1187 1520 1313 1601 etsie
1343 1518 1653 1626 hospitalitatem
1684 1519 1907 1612 obseruant

101 1625 218 1740 quod
252 1627 330 1708 sibi
359 1654 557 1735 pauperes
586 1626 836 1736 pauperibus
863 1626 1008 1709 diuites
1038 1628 1114 1709 illis
1143 1630 1321 1710 munilici
1351 1632 1427 1711 sibi
1456 1632 1568 1739 parci
1592 1631 1800 1712 laboribus
1818 1657 1900 1711 non

40 1731 45 1742 ’
101 1756 274 1849 parcunt
303 1739 479 1847 propriis
505 1738 576 1819 sed
607 1740 716 1819 victu
744 1740 806 1819 sni
840 1740 964 1819 witus
991 1738 1139 1821 sudore
1180 1743 1340 1851 quesito
1369 1770 1410 1823 se
1438 1745 1552 1823 tenui
1579 1742 1773 1822 exhibent
1815 1743 1902 1821 aliis

100 1851 349 1933 subueuiunt
377 1848 663 1931 habundanter
689 1850 764 1931 hec
792 1851 955 1961 quidem
984 1850 1164 1932 fauorem
1195 1854 1374 1934 omnium
1397 1853 1611 1935 vendicant
1641 1853 1716 1934 hec
1744 1880 1816 1935 vos
1844 1852 1862 1932 f
1885 1898 1902 1914 ·

97 1963 303 2043 uorabiles
331 1959 509 2042 reddunt
549 1960 767 2045 cuiuslibet
807 1964 1034 2073 peccatoris
1060 1962 1119 2072 pii
1147 1961 1299 2069 judicio
1343 1981 1622 2075 representant
1665 1965 1767 2045 solet
1795 1965 1905 2055 enim,

101 2103 242 2181 regum
273 2090 313 2153 ct
342 2072 574 2182 principum
600 2072 855 2183 aliorumque
883 2089 1114 2183 magnatum
1143 2074 1407 2181 familiaribus
1444 2078 1623 2185 ipsorum
1654 2076 1902 2183 contempla·

99 2188 216 2267 cione
246 2182 399 2266 deferri
430 2186 599 2287 Quanto
624 2184 763 2295 J'taqne
793 2186 964 2293 amplius
992 2204 1073 2269 tam
1103 2186 1375 2293 peculiaribus
1414 2184 1635 2269 eorundem
1664 2189 1808 2267 summi
1838 2214 1910 2267 re·v

100 2300 163 2407 gis
192 2314 232 2377 ct
261 2297 398 2400 regine
425 2294 582 2377 celestis
627 2297 788 2376 famulis
816 2298 996 2404 ipsorum
1024 2297 1196 2378 obtentu
1240 2305 1281 2377 in
1324 2299 1406 2377 suis
1447 2324 1531 2379 esse
1577 2297 1899 2379 subueniendum

97 2406 403 2489 necessitatibus
425 2424 466 2487 et
479 2406 832 2514 oportunitatibus
851 2405 1114 2489 assistendum
1131 2409 1313 2517 proiecto
1327 2411 1516 2491 immensa
1535 2412 1640 2490 inter
1670 2426 1900 2519 comparata
1968 2412 1973 2420 “

97 2520 313 2628 disparitas
343 2546 566 2599 mensuram
596 2518 916 2627 comparacionis'
942 2518 1174 2601 huiusmodi
1210 2517 1403 2617 admittit,
1445 2519 1523 2601 hec·
1549 2549 1622 2601 nos
1646 2538 1810 2602 mouent
1841 2536 1901 2600 at·

94 2632 257 2712 tencius
285 2632 460 2711 becnos
488 2644 528 2711 et
557 2628 701 2710 fratrea
729 2646 890 2710 nostros
919 2630 1138 2711 hortantur
1175 2631 1400 2712 instancius
1439 2632 1558 2714 vobis
1581 2648 1625 2714 et
1651 2633 1903 2715 monasteriis

94 2735 241 2826 v'estris
269 2756 411 2822 contra
434 2740 705 2823 incidencium
734 2739 985 2823 decimarum
1004 2757 1045 2823 et
1072 2741 1242 2824 aliarum
1258 2744 1524 2824 exaccionum.
1542 2744 1755 2825 instancias
1775 2768 1900 2854 opor·
1922 2780 1926 2787 ·

95 2875 201 2936 tuno
229 2851 408 2935 remedio
437 2852 656 2963 prouidere
683 2851 795 2956 Quid
811 2852 918 2933 enim
932 2880 1036 2962 opus
1064 2872 1124 2934 est
1153 2880 1198 2933 ea
1226 2851 1427 2935 decimare
1456 2854 1528 2933 uel.
1548 2866 1632 2963 per
1651 2869 1786 2963 partes
1815 2855 1899 2937 exi·

97 2995 196 3084 gere
224 2964 274 3046 ad
302 2963 560 3047 seruiendum
589 2962 734 3046 exinde
762 2962 1035 3075 dominoque
1064 2966 1189 3074 ipsius
1217 2981 1313 3046 snut
1340 2966 1529 3048 seruiciis-
1561 2964 1753 3048 totaliter·
1771 2965 1899 3074 depu-

95 3095 192 3158 tata·
214 3076 396 3185 ideoque
426 3077 476 3159 de
504 3080 683 3186 ipsorum
712 3075 882 3157 fratrum
912 3076 1081 3157 oonsilio
1112 3103 1181 3156 vos
1217 3075 1467 3158 Monasteri'a
1494 3095 1718 3190 ceteraque*
1738 3077 1826 3157 loca
1859 3095 1913 3172 et,

94 3191 281 3271 homines
310 3187 485 3268 eiusdem
513 3187 669 3268 ordinis
696 3217 743 3267 ac
772 3191 901 3296 ipsum
927 3186 1109 3268 ordinem
1139 3187 1190 3269 ab
1219 3216 1342 3270 onere
1372 3189 1591 3269 cuiuslibet¹
1615 3191 1823 3299 repentine
1852 3214 1899 3271 ac
2087 3286 2092 3295 ¹

96 3317 216 3383 extra
244 3300 449 3380 ordinarie
477 3299 633 3384 decime
657 3326 728 3379 seu
756 3301 921 3379 alterius
947 3300 1173 3380 exaccionis
1209 3299 1429 3380 eximimus.
1455 3296 1682 3382 diatriccius
1709 3297 1898 3408 jobibcn·
1963 3309 1968 3318 “

95 3431 164 3494 tes
188 3411 313 3492 vobis
336 3411 455 3492 dictis
484 3410 733 3493 monasteriis
762 3409 859 3491 locis
891 3425 932 3490 et
959 3411 1077 3491 bonis
1105 3408 1156 3492 dc
1170 3428 1315 3493 cetero
1335 3408 1574 3494 huiusmodi.
1586 3408 1839 3493 decimarum
1861 3427 1901 3492 et

96 3525 367 3604 exacciouunt
387 3549 640 3634 quocunque
663 3522 824 3602 nomine
852 3531 1090 3603 censeantur
1119 3519 1592 3630 inponiaci‘nponandas
1621 3527 1661 3602 in
1692 3537 1931 3630 posterum-

96 3652 464 3746 quantumcunque
508 3633 758 3744 generaliter
797 3634 882 3717 sub-
915 3635 1069 3744 quauis
1097 3631 1231 3715 iorma
1270 3635 1343 3714 uel‘
1377 3635 1646 3742 expressione*
1682 3633 1901 3716 verborum
2015 3702 2022 3716 .

96 3777 123 3827 a
154 3745 278 3826 vobis.
299 3747 409 3854 exigi
435 3747 503 3826 vel·
527 3775 605 3828 vos·
626 3773 750 3852 super
777 3743 864 3824 illas
887 3746 1149 3856 aliquatenus.
1159 3745 1390 3840 molestari„
1409 3745 1689 3826 Decernentes·
1708 3772 1765 3824 ex·
1792 3772 1900 3824 nunc

95 3885 259 3938 omnem
288 3860 527 3938 sentenciam
557 3856 830 3963 suspensionis
858 3858 1163 3937 interdictissseu
1181 3856 1612 3936 excommunicacionis
1642 3857 1681 3934 in
1713 3882 1784 3934 vos
1815 3854 1899 3935 Mo·

96 3972 275 4057 nasteria
304 3960 492 4049 homines.
512 3965 582 4048 vel
608 3966 719 4047 bona.
743 3964 924 4074 predicta
957 3984 1125 4075 propter
1148 3965 1482 4075 hec-quacunque
1510 3969 1748 4048 auctoritate
1778 3964 1900 4044 latam

96 4083 253 4163 irritam
284 4096 324 4159 ct
350 4083 506 4161 inanem
537 4107 582 4159 ac
610 4075 774 4158 viribus.
807 4078 980 4158 omnino·
1002 4106 1145 4158 carere·
1192 4075 1304 4157 Nulli
1344 4102 1442 4186 ergo
1484 4081 1649 4159 omnino
1692 4075 1899 4156 hominum

96 4189 184 4272 Sic..
208 4192 356 4271 Datum
387 4189 661 4297 lateranisXV
691 4185 849 4268 kalend.
880 4187 1070 4295 ianuarii
1093 4188 1350 4296 pontificatus
1381 4189 1509 4268 nostri
1538 4216 1646 4270 anno
1674 4187 1806 4268 villa

108 4427 288 4568 1377..
733 4421 889 4528 1302.
929 4419 988 4526 d..
1026 4459 1099 4564 ²9
1145 4421 1278 4526 Dec.
1611 4415 1894 4564 Seger'stad.
1950 4389 1960 4414 l

172 4591 418 4676 ·.iriebishopen=
432 4592 452 4658 i,
464 4591 580 4673 Upsala
601 4591 683 4652 ntus
695 4595 872 4654 &amors
885 4592 964 4652 Brei
981 4611 1034 4654 om
1056 4591 1242 4673 Segerstads,
1262 4587 1411 4652 Sb'derala
1433 4589 1492 4653 ocb
1512 4590 1640 4652 Hunebo
1652 4591 1796 4653 socinum
1817 4606 1899 4674 upp-

236 4674 406 4738 ldtandeal
421 4674 551 4736 eumils
570 4673 860 4736 omlrets'ideras·
882 4676 1080 4754 ellmfiuniag:
1108 4678 1146 4758 pd
1179 4675 1291 4755 shogea
1324 4673 1484 4748 Emordh‚
1510 4674 1544 4734 tt
1566 4674 1785 4746 innehaivaren
1807 4677 1843 4735 af
1860 4673 1900 4734 dc

233 4762 284 4824 iiic
314 4756 711 4840 resaudesbeqvttmligbet
727 4757 775 4842 ps
791 4758 921 4820 samm·
942 4759 1019 4839 sing
1039 4759 1198 4842 upplb’rds
1222 4757 1297 4836 ltus,
1317 4767 1381 4816 mot
1404 4756 1557 4818 liirbebdll
1579 4753 1615 4816 ai
1635 4759 1710 4890 vissp
1732 4755 1842 4892 vnilhor.

63 5042 74 5050 ‚
210 4943 410 5026 Omnibus
456 4961 662 5054 presentes
708 4944 860 5024 litteras
898 4945 1159 5051 inspecturis,
1205 4940 1412 5022 Nicotaus
1456 4929 1715 5022 miseracione
1757 4937 1893 5021 diuina
1972 5038 1976 5042 Ι

84 5058 436 5166 Archiepiscopus
464 5056 704 5166 rpsalensis,
733 5055 902 5135 salutem
931 5052 974 5134 in
1002 5051 1167 5136 domino
1191 5053 1474 5163 sempiternam
1495 5054 1720 5133 iniuriatur
1750 5077 1896 5130 memo·
1942 5122 1947 5133 .
