4317 5975
741 465 867 486 ....
980 423 1054 506 531
1172 469 1227 488 --

42 702 47 711 .
113 641 315 725 fructibus
344 643 386 722 in
415 639 745 750 sigivaldtndhum
778 642 1114 752 prouenientibus
1152 645 1318 726 omnino
1349 642 1634 752 persoluentur
1664 643 1919 754 Exequtores
1968 688 1974 700 κ

112 756 238 836 eciam
268 754 381 834 istius
418 754 647 836 testamenti
674 754 752 838 mei
795 754 964 835 instituo
1005 753 1199 838 discretos
1242 757 1350 838 viros
1392 773 1432 838 et
1475 756 1662 838 honestos
1704 755 1915 866 Siguidum

111 867 245 958 ostani
274 862 482 975 quondam
510 864 658 960 lilium,
686 881 728 944 et
756 863 968 948 Kauutum
997 867 1204 977 quondam
1234 897 1327 948 eren
1359 868 1428 948 isel
1460 868 1586 949 filium
1608 866 1710 949 dans
1742 873 1798 950 eis
1828 867 1913 976 ple·
2036 919 2039 928 ·

110 1007 204 1058 raam
238 993 280 1060 et
309 977 475 1058 liberam
513 976 744 1058 facultatem
774 973 824 1058 de
870 977 1060 1084 predictis
1095 977 1282 1060 omnibus
1324 897 1588 1088 disponendi,
1630 982 1681 1059 ln
1711 981 1826 1060 cuius
1855 983 1914 1060 rei

110 1091 383 1170 testimonium
413 1105 456 1168 et
483 1088 732 1170 euideneiam
762 1086 988 1196 pleniorem
1002 1089 1176 1198 sigillum
1200 1089 1368 1172 illustris
1396 1093 1591 1202 principis
1620 1088 1773 1173 domini
1804 1091 1915 1172 Erici

109 1203 226 1283 ducis
253 1199 324 1281 dei.
349 1202 482 1309 gracia
512 1200 638 1307 regni.
655 1226 856 1280 sweorum
887 1200 1141 1308 presentibus
1170 1219 1231 1284 est
1258 1227 1502 1310 appensum,
1543 1231 1622 1284 vna
1650 1231 1742 1284 cum
1770 1200 1916 1311 sigillis

12 1375 13 1382 Ν
107 1311 374 1394 discretorum
404 1309 591 1393 videlieet
618 1308 772 1392 domini
802 1311 837 1392 E
865 1310 1027 1393 abbatis
1053 1308 1105 1393 de
1133 1311 1323 1409 inlatum,
1352 1313 1513 1394 Domini
1545 1316 1676 1422 magni
1705 1309 1912 1426 quondam

107 1423 304 1534 gregorii,
333 1424 495 1505 Domini
527 1424 675 1504 mathie
703 1422 909 1533 quondam
938 1419 1198 1522 hetilmundi,
1235 1423 1426 1532 Gregorij
1465 1421 1669 1534 quondam
1700 1423 1843 1508 kanuti
1872 1443 1919 1506 et·
1999 1479 2003 1484 -

108 1533 312 1617 benedicti
341 1535 478 1618 fratris
505 1534 683 1616 eiusdem
717 1531 878 1644 sigwidi
914 1533 1118 1645 quondam
1148 1552 1368 1628 ostrensson
1410 1552 1535 1646 atque
1577 1533 1912 1644 appendente‘si·
2051 1576 2059 1589 ·

106 1648 206 1756 gillo
234 1674 323 1730 meo
351 1650 392 1726 in
424 1647 654 1727 memoriam
685 1647 969 1755 premissorum
999 1661 1041 1727 et
1077 1648 1301 1744 munimen,
1343 1646 1439 1728 Fuit
1481 1649 1604 1728 eciam
1648 1645 1721 1728 hec
1764 1648 1912 1754 pagina
2039 1637 2072 1668 ''

11 1802 12 1805 κ
105 1761 256 1868 scripta
283 1761 325 1838 in
355 1760 563 1868 presencia
590 1759 760 1838 istorum
790 1758 951 1838 testium
980 1756 1133 1840 domini
1160 1759 1197 1840 Ε
1225 1758 1381 1840 abbatis
1406 1757 1457 1840 de
1493 1757 1661 1839 inlatum
1683 1774 1724 1839 et
1751 1757 1913 1866 sigwidi

11 1906 13 1921 ⁸
106 1889 326 1964 pstaensson
356 1887 479 1980 atque
507 1869 645 1949 thome
673 1869 747 1950 lilii
773 1870 856 1966 sui,
900 1869 1037 1978 Magni
1080 1871 1177 1950 erici
1206 1871 1313 1952 olaui
1342 1868 1394 1952 de
1423 1870 1617 1966 balatum,
1662 1869 1812 1980 birgeri
1840 1866 1914 1968 ho,

11 1982 23 2034 Ψ
106 1999 146 2063 et
176 1983 368 2064 laurencii
398 1982 448 2062 de
476 1981 647 2080 ouerbi.
678 1981 829 2061 Datum
858 2007 966 2067 antro
995 1979 1150 2062 domiui
1179 1998 1387 2089 utsupra.

248 2123 376 2206 Sigillen
398 2124 458 2186 nec
484 2142 510 2196 r,
533 2123 563 2201 3,
584 2122 605 2186 5
629 2132 697 2186 mer
716 2119 795 2186 eller
817 2120 939 2186 scindre
958 2121 1113 2201 dedede3
1137 2143 1155 2187 a
1176 2122 1236 2188 och
1258 2124 1280 2202 4
1300 2123 1483 2206 bortlellna,
1505 2143 1662 2187 remsorns
1685 2143 1771 2210 quar.

9 2440 14 2475 l
116 2488 265 2617 1584.
751 2486 894 2594 1308
942 2485 990 2592 d.
1038 2487 1113 2594 30
1160 2487 1273 2631 Maj.
1520 2571 1523 2576 .
1690 2481 1912 2635 Rumby.

162 2699 330 2796 'Uplands
362 2711 561 2790 chmaooeu
594 2711 708 2774 Brnoeu
742 2709 924 2773 Psrsassous
954 2707 1076 2793 slutliga
1115 2705 1425 2772 dsverensiotnmelsc
1458 2707 1528 2771 med
1561 2705 1667 2771 Simon
1695 2709 1733 2770 ai
1749 2707 1911 2790 Sundbyi
1996 2781 2007 2792 „

236 2794 325 2883 Ryds
345 2795 474 2870 sochen,
506 2793 707 2875 henrigenom
730 2793 788 2855 dcn
824 2791 1007 2855 sidntmude
1040 2791 1176 2853 erhdller
1204 2791 1374 2874 Brokcnlts,
1407 2789 1659 2872 Sundbybolsnd
1692 2791 1761 2854 med
1794 2793 1910 2872 elshog
2032 2867 2036 2875 Δ

111 2894 114 2902 '
238 2886 318 2939 sumt
339 2876 487 2960 Sundhy,
509 2890 591 2938 emot
611 2877 663 2938 det
686 2876 745 2938 han
768 2875 865 2938 asstdr
886 2878 981 2938 derne
1004 2875 1204 2954 Hennegarm
1229 2873 1380 2938 He1·kelsd
1418 2875 1478 2936 och
1502 2875 1601 2955 Helgii
1639 2885 1718 2936 mint
1752 2875 1906 2938 utbetalar

239 2965 314 3027 aissa
336 2964 611 3051 penningrummor
632 2961 679 3023 till
701 2959 830 3044 Sigtuuu
853 2957 1257 3024 Predilurebrddrulloster
1277 2955 1337 3023 och
1358 2957 1448 3043 Taby
1469 2959 1579 3043 lyrlu.

1656 3072 1691 3126 A.
1708 3072 1732 3126 6.
1750 3090 1774 3127 s.

213 3214 416 3296 Omnibus
458 3228 664 3324 presentes
706 3210 859 3291 litteras
904 3210 1149 3319 inspecturis
1192 3206 1392 3291 Bradanus
1434 3210 1677 3291 Part-:asson
1720 3206 1910 3318 vplandie

108 3326 250 3436 legiler
278 3328 444 3408 salutem
483 3327 523 3405 in
561 3323 726 3405 domino
768 3324 1052 3431 sempiternam
1096 3320 1257 3401 Terrore
1306 3324 1556 3431 presencium
1600 3335 1783 3401 constare
1814 3321 1910 3400 uolo
2018 3408 2023 3425 ,

9 3467 14 3512 τ
102 3436 442 3520 certitudinaliter
469 3436 689 3533 uniuersis,
717 3436 829 3546 qnod
859 3438 966 3515 inter
995 3462 1056 3515 me
1085 3462 1133 3513 ex
1165 3449 1280 3540 parte
1308 3461 1387 3514 rna
1417 3448 1460 3513 et
1487 3436 1681 3515 simonem
1711 3431 1761 3514 de
1788 3432 1911 3512 sund-

9 3576 16 3626 ε
104 3551 160 3660 by
191 3550 380 3659 parochia
410 3546 487 3659 ryd
517 3575 569 3629 ex
600 3548 869 3659 partealtera,
898 3571 1020 3654 super
1050 3542 1201 3654 prediis
1229 3542 1490 3653 quibusdam,
1520 3563 1559 3626 et
1586 3542 1819 3652 causisque
1850 3545 1910 3624 in-

9 3689 17 3728 t
101 3680 166 3742 ter
196 3688 270 3743 nos
290 3661 562 3742 ¹vertebantur
589 3658 669 3740 hoo
697 3656 820 3739 modo
863 3654 1037 3737 finaliter
1065 3674 1124 3737 est
1152 3652 1409 3762 placitatum,
1433 3653 1648 3751 uidelicet,
1691 3653 1804 3762 quod
1834 3680 1910 3762 ego

9 3803 16 3853 ι
101 3772 290 3881 predium
332 3798 464 3851 meum
508 3770 733 3866 broeaenes,
774 3770 870 3877 jtom
911 3767 1056 3846 siluam
1100 3767 1329 3875 quercinum
1373 3767 1414 3846 in
1443 3764 1841 3871 sundbybolstadhe,
1870 3784 1911 3845 et

9 3917 16 3964 r
100 3884 287 3994 predium
315 3882 393 3963 sub
434 3880 542 3963 dicta
592 3880 693 3961 silua
737 3896 779 3961 et
815 3904 973 3957 ornnem
1023 3904 1136 3956 veum
1170 3875 1343 3982 predicti
1374 3873 1525 3984 predij,
1560 3875 1748 3971 etsilue,
1778 3880 1909 3955 etius

10 4031 12 4038 ·
97 3996 376 4108 quodcunque
404 3992 528 4073 habui
558 3993 601 4071 in
628 3990 791 4098 sundby
820 3992 861 4068 in
890 3988 984 4069 uilla
1013 4011 1136 4097 qnam
1165 3986 1323 4082 incolit,
1353 4002 1392 4067 et
1421 3990 1482 4068 ius
1516 3985 1723 4097 inpetendi
1753 3985 1908 4095 aliquid

100 4114 144 4189 in
174 4104 338 4213 sundby
366 4106 440 4215 ipsi
469 4104 615 4185 simoni
655 4130 702 4182 ae
743 4103 826 4183 suis
870 4096 1107 4193 heredibus,
1139 4125 1222 4207 pro
1252 4124 1314 4178 me
1342 4114 1384 4179 et
1412 4098 1508 4178 meis
1538 4096 1773 4193 heredibus,
1820 4101 1908 4182 iure

10 4261 11 4264 Ν
100 4198 286 4330 plenario
314 4216 493 4311 dimitto,
523 4216 654 4325 ipsum
683 4238 733 4294 ac
759 4210 930 4295 heredes
956 4214 1043 4291 eius
1071 4207 1243 4289 liberum
1274 4207 1500 4305 dimittens,
1529 4238 1578 4291 ex
1608 4228 1722 4317 parte
1745 4236 1831 4291 mea
1862 4238 1908 4291 ac

10 4349 11 4352 '
97 4329 294 4414 heredum
323 4356 502 4409 meorum
533 4327 588 4406 ab
625 4326 735 4405 omni
779 4324 1044 4433 inpeticione,
1087 4347 1137 4399 ex
1164 4347 1411 4431 quacunque
1439 4348 1577 4417 eausa,
1624 4349 1745 4432 quam
1777 4321 1906 4409 habeo

98 4460 245 4526 contra
276 4468 391 4538 eum,
418 4441 495 4520 sub
523 4436 599 4518 hae
627 4432 886 4531 condicione,
911 4433 1117 4525 videlieet,
1147 4428 1258 4541 quod
1288 4433 1373 4540 ipsc
1401 4436 1551 4529 simon,
1591 4461 1639 4513 ex
1669 4446 1782 4540 parte
1810 4457 1906 4529 sua,

97 4552 368 4637 coheredum
410 4576 597 4645 snorum,
642 4547 756 4643 mihi,
801 4538 897 4627 meis
934 4570 1015 4654 que
1062 4540 1298 4637 heredibus,
1341 4546 1534 4650 assignat,
1571 4560 1612 4629 et
1641 4548 1902 4653 appropriat,

95 4663 299 4793 quidquid
331 4662 511 4773 possidet
540 4664 583 4741 in
612 4658 771 4754 insulis,
797 4658 1132 4765 honnaegarnum,
1163 4651 1360 4751 berleilsd,
1397 4654 1535 4760 helgo,
1568 4682 1656 4738 cum
1687 4658 1815 4765 aquis,
1845 4662 1911 4763 pi·.

97 4784 263 4885 scarljs,
292 4792 333 4856 st
360 4774 550 4856 omnibus
578 4768 819 4877 adiacenciis
841 4769 895 4849 ad
926 4768 1071 4847 didas.
1093 4766 1244 4845 insulas
1281 4765 1599 4872 pcrtinentibus,
1644 4784 1767 4875 prout
1795 4796 1906 4851 nunc

97 4892 288 4971 adiacent
317 4889 387 4967 vni
417 4885 577 4965 rmrche
603 4898 864 4991 terre-qnam
905 4877 1084 4987 possidet
1107 4880 1156 4959 in
1184 4874 1330 4986 sarby,
1366 4876 1533 4985 jnsuper
1573 4876 1697 4961 debet
1739 4896 1780 4959 et
1810 4906 1903 4987 pro·
1965 4972 1967 4979 y

98 5003 210 5084 misit
235 4998 371 5083 dictus
397 5000 545 5092 simon,
573 4992 685 5107 quod
715 4990 937 5075 concentui
965 4988 1135 5072 sictunie
1165 4986 1336 5069 fratrum
1366 4987 1663 5098 predicatorum
1694 4988 1824 5071 soluet
1853 5018 1902 5069 ex
