<?xml version="1.0" encoding="UTF-8"?>
<!DOCTYPE html PUBLIC "-//W3C//DTD XHTML 1.0 Transitional//EN"
    "http://www.w3.org/TR/xhtml1/DTD/xhtml1-transitional.dtd">
<html xmlns="http://www.w3.org/1999/xhtml" xml:lang="en" lang="en">
 <head>
  <title>
</title>
<meta http-equiv="Content-Type" content="text/html;charset=utf-8" />
  <meta name='ocr-system' content='tesseract 3.04.00' />
  <meta name='ocr-capabilities' content='ocr_page ocr_carea ocr_par ocr_line ocrx_word'/>
</head>
<body>
  <div class='ocr_page' id='page_1' title='image "./svensktdiplomat01swegoog/svensktdiplomat01swegoog_0089.png"; bbox 0 0 4317 5975; ppageno 0'>
   <div class='ocr_carea' id='block_1_1' title="bbox 266 438 2066 825">
    <p class='ocr_par' dir='ltr' id='par_1_1' title="bbox 266 438 2066 825">
     <span class='ocr_line' id='line_1_1' title="bbox 976 438 1367 547; baseline -0.013 -41"><span class='ocrx_word' id='word_1_1' title='bbox 976 438 1035 505; x_wconf 56' lang='grc' dir='ltr'><strong>..ς</strong></span> <span class='ocrx_word' id='word_1_2' title='bbox 1137 438 1200 547; x_wconf 71' lang='lat'><strong>&#39;7⁶</strong></span> <span class='ocrx_word' id='word_1_3' title='bbox 1308 481 1367 502; x_wconf 91' lang='lat'><strong>..</strong></span> 
     </span>
     <span class='ocr_line' id='line_1_2' title="bbox 266 602 2066 825; baseline -0.02 -26"><span class='ocrx_word' id='word_1_4' title='bbox 266 624 418 825; x_wconf 31' lang='lat' dir='ltr'><strong>993s</strong></span> <span class='ocrx_word' id='word_1_5' title='bbox 912 602 1080 821; x_wconf 42' lang='lat' dir='ltr'><strong>1289i</strong></span> <span class='ocrx_word' id='word_1_6' title='bbox 1123 670 1173 779; x_wconf 91' lang='lat' dir='ltr'><strong>d.</strong></span> <span class='ocrx_word' id='word_1_7' title='bbox 1217 672 1269 803; x_wconf 76' lang='grc'><strong>6,</strong></span> <span class='ocrx_word' id='word_1_8' title='bbox 1307 675 1444 783; x_wconf 84' lang='lat' dir='ltr'><strong>luni.</strong></span> <span class='ocrx_word' id='word_1_9' title='bbox 1784 672 2066 783; x_wconf 64' lang='lat' dir='ltr'><strong>Cleuastad,</strong></span> 
     </span>
    </p>
   </div>
   <div class='ocr_carea' id='block_1_2' title="bbox 295 850 2069 1064">
    <p class='ocr_par' dir='ltr' id='par_1_2' title="bbox 295 850 2069 1064">
     <span class='ocr_line' id='line_1_3' title="bbox 295 850 2069 979; baseline -0.002 -20"><span class='ocrx_word' id='word_1_10' title='bbox 295 888 305 925; x_wconf 82' lang='grc'><strong>·’</strong></span> <span class='ocrx_word' id='word_1_11' title='bbox 350 897 436 960; x_wconf 73' lang='lat' dir='ltr'><strong>om</strong></span> <span class='ocrx_word' id='word_1_12' title='bbox 457 896 592 962; x_wconf 78' lang='lat' dir='ltr'><strong>Gusrus</strong></span> <span class='ocrx_word' id='word_1_13' title='bbox 612 914 680 957; x_wconf 75' lang='lat' dir='ltr'><strong>sors</strong></span> <span class='ocrx_word' id='word_1_14' title='bbox 701 914 742 957; x_wconf 84' lang='lat' dir='ltr'><strong>m.</strong></span> <span class='ocrx_word' id='word_1_15' title='bbox 763 890 795 957; x_wconf 85' lang='lat' dir='ltr'><strong>ll.</strong></span> <span class='ocrx_word' id='word_1_16' title='bbox 816 892 988 977; x_wconf 71' lang='lat' dir='ltr'><strong>lorklaring</strong></span> <span class='ocrx_word' id='word_1_17' title='bbox 1007 906 1055 960; x_wconf 85' lang='lat' dir='ltr'><strong>stt</strong></span> <span class='ocrx_word' id='word_1_18' title='bbox 1075 896 1143 957; x_wconf 75' lang='lat' dir='ltr'><strong>desa</strong></span> <span class='ocrx_word' id='word_1_19' title='bbox 1163 905 1270 979; x_wconf 80' lang='lat' dir='ltr'><strong>syster,</strong></span> <span class='ocrx_word' id='word_1_20' title='bbox 1291 896 1469 978; x_wconf 68' lang='lat' dir='ltr'><strong>Margareta</strong></span> <span class='ocrx_word' id='word_1_21' title='bbox 1490 894 1567 977; x_wconf 71' lang='lat' dir='ltr'><strong>tgde</strong></span> <span class='ocrx_word' id='word_1_22' title='bbox 1587 853 1635 958; x_wconf 78' lang='lat' dir='ltr'><strong>att¹</strong></span> <span class='ocrx_word' id='word_1_23' title='bbox 1652 896 1700 957; x_wconf 89' lang='lat' dir='ltr'><strong>till</strong></span> <span class='ocrx_word' id='word_1_24' title='bbox 1722 894 1839 959; x_wconf 77' lang='lat' dir='ltr'><strong>kloster</strong></span> <span class='ocrx_word' id='word_1_25' title='bbox 1865 850 1926 958; x_wconf 81' lang='lat' dir='ltr'><strong>oeli</strong></span> <span class='ocrx_word' id='word_1_26' title='bbox 1948 896 2069 979; x_wconf 77' lang='lat' dir='ltr'><strong>lyrkoe</strong></span> 
     </span>
     <span class='ocr_line' id='line_1_4' title="bbox 402 976 1976 1064; baseline -0.002 -22"><span class='ocrx_word' id='word_1_27' title='bbox 402 980 487 1062; x_wconf 78' lang='lat' dir='ltr'><strong>glire</strong></span> <span class='ocrx_word' id='word_1_28' title='bbox 507 981 588 1043; x_wconf 82' lang='lat' dir='ltr'><strong>bvsd</strong></span> <span class='ocrx_word' id='word_1_29' title='bbox 610 977 671 1041; x_wconf 84' lang='lat' dir='ltr'><strong>oclr</strong></span> <span class='ocrx_word' id='word_1_30' title='bbox 693 977 775 1041; x_wconf 74' lang='lat' dir='ltr'><strong>husu</strong></span> <span class='ocrx_word' id='word_1_31' title='bbox 796 980 921 1062; x_wconf 77' lang='lat' dir='ltr'><strong>myckct</strong></span> <span class='ocrx_word' id='word_1_32' title='bbox 942 978 1041 1041; x_wconf 78' lang='lat' dir='ltr'><strong>benus</strong></span> <span class='ocrx_word' id='word_1_33' title='bbox 1062 978 1235 1064; x_wconf 58' lang='lat' dir='ltr'><strong>belesme,</strong></span> <span class='ocrx_word' id='word_1_34' title='bbox 1255 980 1316 1041; x_wconf 77' lang='lat' dir='ltr'><strong>osb</strong></span> <span class='ocrx_word' id='word_1_35' title='bbox 1336 980 1409 1064; x_wconf 73' lang='lat' dir='ltr'><strong>ejell</strong></span> <span class='ocrx_word' id='word_1_36' title='bbox 1423 979 1559 1043; x_wconf 82' lang='lat' dir='ltr'><strong>liirralta</strong></span> <span class='ocrx_word' id='word_1_37' title='bbox 1578 976 1631 1043; x_wconf 84' lang='lat' dir='ltr'><strong>det</strong></span> <span class='ocrx_word' id='word_1_38' title='bbox 1650 980 1750 1062; x_wconf 70' lang='lat' dir='ltr'><strong>dirige</strong></span> <span class='ocrx_word' id='word_1_39' title='bbox 1772 981 1782 1041; x_wconf 88' lang='lat' dir='ltr'><strong>i</strong></span> <span class='ocrx_word' id='word_1_40' title='bbox 1802 982 1848 1043; x_wconf 82' lang='lat' dir='ltr'><strong>sin</strong></span> <span class='ocrx_word' id='word_1_41' title='bbox 1869 979 1976 1043; x_wconf 78' lang='lat' dir='ltr'><strong>lifstid.</strong></span> 
     </span>
    </p>
   </div>
   <div class='ocr_carea' id='block_1_3' title="bbox 1720 1128 1995 1198">
    <p class='ocr_par' dir='ltr' id='par_1_3' title="bbox 1720 1128 1995 1198">
     <span class='ocr_line' id='line_1_5' title="bbox 1720 1128 1995 1198; baseline -0.004 -14"><span class='ocrx_word' id='word_1_42' title='bbox 1720 1128 1933 1198; x_wconf 51' lang='lat' dir='ltr'><strong>nsunt&gt;</strong></span> <span class='ocrx_word' id='word_1_43' title='bbox 1991 1162 1995 1169; x_wconf 92' lang='lat'><em>-</em></span> 
     </span>
    </p>
   </div>
   <div class='ocr_carea' id='block_1_4' title="bbox 246 1263 2070 2153">
    <p class='ocr_par' dir='ltr' id='par_1_4' title="bbox 246 1263 2070 2153">
     <span class='ocr_line' id='line_1_6' title="bbox 246 1263 2069 1375; baseline -0.001 -30"><span class='ocrx_word' id='word_1_44' title='bbox 246 1296 253 1309; x_wconf 91' lang='lat'><strong>·</strong></span> <span class='ocrx_word' id='word_1_45' title='bbox 377 1263 578 1345; x_wconf 84' lang='lat' dir='ltr'><strong>Omnibus</strong></span> <span class='ocrx_word' id='word_1_46' title='bbox 606 1291 772 1373; x_wconf 80' lang='lat' dir='ltr'><strong>presens</strong></span> <span class='ocrx_word' id='word_1_47' title='bbox 800 1266 992 1372; x_wconf 90' lang='lat' dir='ltr'><strong>scriptum</strong></span> <span class='ocrx_word' id='word_1_48' title='bbox 1021 1263 1295 1347; x_wconf 84' lang='lat' dir='ltr'><strong>cernentrbus.</strong></span> <span class='ocrx_word' id='word_1_49' title='bbox 1337 1267 1535 1348; x_wconf 71' lang='lat' dir='ltr'><strong>Kanotus</strong></span> <span class='ocrx_word' id='word_1_50' title='bbox 1577 1280 1855 1375; x_wconf 65' lang='lat' dir='ltr'><strong>opsrnsssom</strong></span> <span class='ocrx_word' id='word_1_51' title='bbox 1895 1264 2069 1344; x_wconf 77' lang='lat' dir='ltr'><strong>lienem·</strong></span> 
     </span>
     <span class='ocr_line' id='line_1_7' title="bbox 264 1376 2070 1459; baseline 0 0"><span class='ocrx_word' id='word_1_52' title='bbox 264 1400 364 1459; x_wconf 78' lang='lat' dir='ltr'><strong>crus</strong></span> <span class='ocrx_word' id='word_1_53' title='bbox 393 1380 705 1459; x_wconf 65' lang='lat' dir='ltr'><strong>emansores</strong></span> <span class='ocrx_word' id='word_1_54' title='bbox 734 1377 884 1457; x_wconf 81' lang='lat' dir='ltr'><strong>coniux</strong></span> <span class='ocrx_word' id='word_1_55' title='bbox 918 1379 1003 1457; x_wconf 91' lang='lat' dir='ltr'><strong>eius</strong></span> <span class='ocrx_word' id='word_1_56' title='bbox 1045 1379 1293 1459; x_wconf 78' lang='lat' dir='ltr'><strong>luoseunors</strong></span> <span class='ocrx_word' id='word_1_57' title='bbox 1331 1378 1500 1458; x_wconf 87' lang='lat' dir='ltr'><strong>salutem</strong></span> <span class='ocrx_word' id='word_1_58' title='bbox 1542 1376 1586 1455; x_wconf 90' lang='lat' dir='ltr'><strong>in</strong></span> <span class='ocrx_word' id='word_1_59' title='bbox 1628 1376 1809 1457; x_wconf 88' lang='lat' dir='ltr'><strong>omnium</strong></span> <span class='ocrx_word' id='word_1_60' title='bbox 1851 1376 2070 1459; x_wconf 85' lang='lat' dir='ltr'><strong>saluatore.</strong></span> 
     </span>
     <span class='ocr_line' id='line_1_8' title="bbox 265 1486 2067 1598; baseline -0.001 -31"><span class='ocrx_word' id='word_1_61' title='bbox 265 1490 404 1593; x_wconf 88' lang='lat' dir='ltr'><strong>Quum</strong></span> <span class='ocrx_word' id='word_1_62' title='bbox 433 1489 487 1570; x_wconf 92' lang='lat' dir='ltr'><strong>ob</strong></span> <span class='ocrx_word' id='word_1_63' title='bbox 518 1486 677 1568; x_wconf 86' lang='lat' dir='ltr'>labilem</span> <span class='ocrx_word' id='word_1_64' title='bbox 706 1487 913 1567; x_wconf 89' lang='lat' dir='ltr'><strong>hominum</strong></span> <span class='ocrx_word' id='word_1_65' title='bbox 937 1491 1170 1568; x_wconf 79' lang='lat' dir='ltr'><strong>memoriam</strong></span> <span class='ocrx_word' id='word_1_66' title='bbox 1199 1489 1363 1598; x_wconf 79' lang='lat' dir='ltr'><strong>viteque</strong></span> <span class='ocrx_word' id='word_1_67' title='bbox 1390 1486 1556 1594; x_wconf 81' lang='lat' dir='ltr'><strong>fragilis·</strong></span> <span class='ocrx_word' id='word_1_68' title='bbox 1574 1486 1813 1568; x_wconf 87' lang='lat' dir='ltr'><strong>breuitatem</strong></span> <span class='ocrx_word' id='word_1_69' title='bbox 1829 1490 2067 1597; x_wconf 84' lang='lat' dir='ltr'><strong>-queraoio-</strong></span> 
     </span>
     <span class='ocr_line' id='line_1_9' title="bbox 264 1597 2065 1708; baseline -0.001 -29"><span class='ocrx_word' id='word_1_70' title='bbox 264 1600 455 1683; x_wconf 79' lang='lat' dir='ltr'><strong>nobiliter</strong></span> <span class='ocrx_word' id='word_1_71' title='bbox 483 1619 568 1693; x_wconf 81' lang='lat' dir='ltr'><strong>acta</strong></span> <span class='ocrx_word' id='word_1_72' title='bbox 614 1614 710 1678; x_wconf 88' lang='lat' dir='ltr'><strong>sunt</strong></span> <span class='ocrx_word' id='word_1_73' title='bbox 750 1597 980 1708; x_wconf 88' lang='lat' dir='ltr'><strong>frequenter</strong></span> <span class='ocrx_word' id='word_1_74' title='bbox 1022 1600 1065 1678; x_wconf 90' lang='lat' dir='ltr'><strong>in</strong></span> <span class='ocrx_word' id='word_1_75' title='bbox 1112 1597 1282 1679; x_wconf 91' lang='lat' dir='ltr'><strong>dubium</strong></span> <span class='ocrx_word' id='word_1_76' title='bbox 1328 1616 1572 1680; x_wconf 79' lang='lat' dir='ltr'><strong>reuocentur</strong></span> <span class='ocrx_word' id='word_1_77' title='bbox 1614 1614 1656 1679; x_wconf 86' lang='lat' dir='ltr'><strong>et</strong></span> <span class='ocrx_word' id='word_1_78' title='bbox 1693 1626 1787 1679; x_wconf 89' lang='lat' dir='ltr'><strong>raro</strong></span> <span class='ocrx_word' id='word_1_79' title='bbox 1815 1600 2065 1706; x_wconf 87' lang='lat' dir='ltr'><strong>proueniunt</strong></span> 
     </span>
     <span class='ocr_line' id='line_1_10' title="bbox 264 1707 2067 1820; baseline -0.001 -29"><span class='ocrx_word' id='word_1_80' title='bbox 264 1708 317 1791; x_wconf 87' lang='lat' dir='ltr'><strong>ad</strong></span> <span class='ocrx_word' id='word_1_81' title='bbox 347 1740 489 1820; x_wconf 87' lang='lat' dir='ltr'><strong>puram</strong></span> <span class='ocrx_word' id='word_1_82' title='bbox 520 1712 709 1792; x_wconf 80' lang='lat' dir='ltr'>noticiam</span> <span class='ocrx_word' id='word_1_83' title='bbox 725 1727 978 1819; x_wconf 79' lang='lat' dir='ltr'><strong>posterorum</strong></span> <span class='ocrx_word' id='word_1_84' title='bbox 996 1710 1071 1789; x_wconf 88' lang='lat' dir='ltr'><strong>nisi</strong></span> <span class='ocrx_word' id='word_1_85' title='bbox 1086 1712 1240 1818; x_wconf 91' lang='lat' dir='ltr'><strong>scripto</strong></span> <span class='ocrx_word' id='word_1_86' title='bbox 1254 1711 1467 1819; x_wconf 86' lang='lat' dir='ltr'><strong>superstite</strong></span> <span class='ocrx_word' id='word_1_87' title='bbox 1481 1707 1786 1790; x_wconf 89' lang='lat' dir='ltr'><strong>succedentibus</strong></span> <span class='ocrx_word' id='word_1_88' title='bbox 1801 1725 1937 1817; x_wconf 87' lang='lat' dir='ltr'><strong>pateat</strong></span> <span class='ocrx_word' id='word_1_89' title='bbox 1951 1708 2067 1820; x_wconf 93' lang='lat' dir='ltr'><strong>quod</strong></span> 
     </span>
     <span class='ocr_line' id='line_1_11' title="bbox 264 1820 2065 1931; baseline -0.001 -29"><span class='ocrx_word' id='word_1_90' title='bbox 264 1821 382 1902; x_wconf 89' lang='lat' dir='ltr'><strong>aliter</strong></span> <span class='ocrx_word' id='word_1_91' title='bbox 410 1823 590 1904; x_wconf 84' lang='lat' dir='ltr'><strong>aboleret</strong></span> <span class='ocrx_word' id='word_1_92' title='bbox 618 1850 725 1902; x_wconf 95' lang='lat' dir='ltr'><strong>mors</strong></span> <span class='ocrx_word' id='word_1_93' title='bbox 740 1838 781 1901; x_wconf 89' lang='lat' dir='ltr'><strong>et</strong></span> <span class='ocrx_word' id='word_1_94' title='bbox 797 1821 949 1903; x_wconf 88' lang='lat' dir='ltr'><strong>oblivio</strong></span> <span class='ocrx_word' id='word_1_95' title='bbox 966 1820 1200 1931; x_wconf 84' lang='lat' dir='ltr'><strong>frequenter</strong></span> <span class='ocrx_word' id='word_1_96' title='bbox 1214 1823 1339 1903; x_wconf 89' lang='lat' dir='ltr'><strong>eciam</strong></span> <span class='ocrx_word' id='word_1_97' title='bbox 1355 1823 1537 1930; x_wconf 86' lang='lat' dir='ltr'><strong>prauitas</strong></span> <span class='ocrx_word' id='word_1_98' title='bbox 1553 1837 1595 1900; x_wconf 87' lang='lat' dir='ltr'><strong>et</strong></span> <span class='ocrx_word' id='word_1_99' title='bbox 1609 1821 1763 1901; x_wconf 87' lang='lat' dir='ltr'><strong>inuidia</strong></span> <span class='ocrx_word' id='word_1_100' title='bbox 1779 1849 2065 1929; x_wconf 89' lang='lat' dir='ltr'><strong>peruersorum</strong></span> 
     </span>
     <span class='ocr_line' id='line_1_12' title="bbox 263 1932 2064 2041; baseline 0 -28"><span class='ocrx_word' id='word_1_101' title='bbox 263 1949 470 2041; x_wconf 89' lang='lat' dir='ltr'><strong>presentes</strong></span> <span class='ocrx_word' id='word_1_102' title='bbox 498 1934 614 2013; x_wconf 86' lang='lat' dir='ltr'><strong>scire·</strong></span> <span class='ocrx_word' id='word_1_103' title='bbox 629 1932 815 2023; x_wconf 85' lang='lat' dir='ltr'><strong>volumus</strong></span> <span class='ocrx_word' id='word_1_104' title='bbox 844 1948 885 2016; x_wconf 88' lang='lat' dir='ltr'><strong>ct</strong></span> <span class='ocrx_word' id='word_1_105' title='bbox 914 1949 1096 2039; x_wconf 87' lang='lat' dir='ltr'><strong>posteros</strong></span> <span class='ocrx_word' id='word_1_106' title='bbox 1123 1958 1206 2012; x_wconf 91' lang='lat' dir='ltr'><strong>non</strong></span> <span class='ocrx_word' id='word_1_107' title='bbox 1235 1932 1360 2025; x_wconf 87' lang='lat' dir='ltr'><strong>latere</strong></span> <span class='ocrx_word' id='word_1_108' title='bbox 1388 1960 1461 2013; x_wconf 90' lang='lat' dir='ltr'><strong>nos</strong></span> <span class='ocrx_word' id='word_1_109' title='bbox 1490 1932 1620 2012; x_wconf 89' lang='lat' dir='ltr'><strong>sorori</strong></span> <span class='ocrx_word' id='word_1_110' title='bbox 1666 1946 1802 2013; x_wconf 90' lang='lat' dir='ltr'><strong>nostre</strong></span> <span class='ocrx_word' id='word_1_111' title='bbox 1826 1932 2064 2041; x_wconf 83' lang='lat' dir='ltr'><strong>¹Margaretc</strong></span> 
     </span>
     <span class='ocr_line' id='line_1_13' title="bbox 264 2038 2068 2153; baseline 0 -28"><span class='ocrx_word' id='word_1_112' title='bbox 264 2071 408 2125; x_wconf 87' lang='lat' dir='ltr'><strong>coram.</strong></span> <span class='ocrx_word' id='word_1_113' title='bbox 429 2044 596 2126; x_wconf 91' lang='lat' dir='ltr'><strong>domino</strong></span> <span class='ocrx_word' id='word_1_114' title='bbox 625 2042 802 2125; x_wconf 85' lang='lat' dir='ltr'><strong>Anundo</strong></span> <span class='ocrx_word' id='word_1_115' title='bbox 830 2046 1023 2152; x_wconf 87' lang='lat' dir='ltr'><strong>episcopo</strong></span> <span class='ocrx_word' id='word_1_116' title='bbox 1052 2047 1329 2153; x_wconf 82' lang='lat' dir='ltr'><strong>strengenensi</strong></span> <span class='ocrx_word' id='word_1_117' title='bbox 1364 2046 1407 2123; x_wconf 92' lang='lat' dir='ltr'><strong>in</strong></span> <span class='ocrx_word' id='word_1_118' title='bbox 1444 2038 1713 2123; x_wconf 86' lang='lat' dir='ltr'><strong>clevastadum</strong></span> <span class='ocrx_word' id='word_1_119' title='bbox 1750 2062 1792 2126; x_wconf 88' lang='lat' dir='ltr'><strong>et</strong></span> <span class='ocrx_word' id='word_1_120' title='bbox 1828 2042 1953 2123; x_wconf 84' lang='lat' dir='ltr'><strong>fratre</strong></span> <span class='ocrx_word' id='word_1_121' title='bbox 1977 2072 2068 2151; x_wconf 66' lang='lat' dir='ltr'><strong>go·</strong></span> 
     </span>
    </p>
   </div>
   <div class='ocr_carea' id='block_1_5' title="bbox 128 2144 2066 2264">
    <p class='ocr_par' dir='ltr' id='par_1_5' title="bbox 128 2144 2066 2264">
     <span class='ocr_line' id='line_1_14' title="bbox 128 2144 2066 2264; baseline 0.001 -30"><span class='ocrx_word' id='word_1_122' title='bbox 128 2144 132 2155; x_wconf 76' lang='grc'><strong>’</strong></span> <span class='ocrx_word' id='word_1_123' title='bbox 211 2208 214 2215; x_wconf 84' lang='lat'>·</span> <span class='ocrx_word' id='word_1_124' title='bbox 262 2153 422 2263; x_wconf 86' lang='lat' dir='ltr'><strong>thprme</strong></span> <span class='ocrx_word' id='word_1_125' title='bbox 450 2156 548 2253; x_wconf 82' lang='lat' dir='ltr'><strong>feria</strong></span> <span class='ocrx_word' id='word_1_126' title='bbox 576 2152 752 2235; x_wconf 90' lang='lat' dir='ltr'><strong>secunda</strong></span> <span class='ocrx_word' id='word_1_127' title='bbox 782 2171 875 2264; x_wconf 90' lang='lat' dir='ltr'><strong>post</strong></span> <span class='ocrx_word' id='word_1_128' title='bbox 909 2154 1150 2237; x_wconf 84' lang='lat' dir='ltr'><strong>dominicam</strong></span> <span class='ocrx_word' id='word_1_129' title='bbox 1193 2157 1384 2235; x_wconf 84' lang='lat' dir='ltr'><strong>trinitatis</strong></span> <span class='ocrx_word' id='word_1_130' title='bbox 1426 2154 1585 2263; x_wconf 88' lang='lat' dir='ltr'><strong>plenam</strong></span> <span class='ocrx_word' id='word_1_131' title='bbox 1629 2170 1867 2263; x_wconf 88' lang='lat' dir='ltr'><strong>potestatem</strong></span> <span class='ocrx_word' id='word_1_132' title='bbox 1918 2168 2066 2235; x_wconf 88' lang='lat' dir='ltr'><strong>contu·</strong></span> 
     </span>
    </p>
   </div>
   <div class='ocr_carea' id='block_1_6' title="bbox 248 2259 2066 3045">
    <p class='ocr_par' dir='ltr' id='par_1_6' title="bbox 248 2259 2066 3045">
     <span class='ocr_line' id='line_1_15' title="bbox 248 2259 2066 2376; baseline 0.001 -32"><span class='ocrx_word' id='word_1_133' title='bbox 248 2265 354 2346; x_wconf 87' lang='lat' dir='ltr'><strong>lissc</strong></span> <span class='ocrx_word' id='word_1_134' title='bbox 383 2264 433 2347; x_wconf 84' lang='lat' dir='ltr'><strong>de</strong></span> <span class='ocrx_word' id='word_1_135' title='bbox 463 2268 581 2348; x_wconf 89' lang='lat' dir='ltr'><strong>bonis</strong></span> <span class='ocrx_word' id='word_1_136' title='bbox 609 2269 691 2347; x_wconf 91' lang='lat' dir='ltr'><strong>suis</strong></span> <span class='ocrx_word' id='word_1_137' title='bbox 720 2266 938 2348; x_wconf 91' lang='lat' dir='ltr'><strong>mobilibus</strong></span> <span class='ocrx_word' id='word_1_138' title='bbox 967 2259 1006 2347; x_wconf 86' lang='lat' dir='ltr'><strong>et</strong></span> <span class='ocrx_word' id='word_1_139' title='bbox 1035 2266 1308 2347; x_wconf 90' lang='lat' dir='ltr'><strong>immobilibus</strong></span> <span class='ocrx_word' id='word_1_140' title='bbox 1336 2295 1415 2376; x_wconf 91' lang='lat' dir='ltr'><strong>que</strong></span> <span class='ocrx_word' id='word_1_141' title='bbox 1444 2282 1485 2344; x_wconf 93' lang='lat' dir='ltr'><strong>et</strong></span> <span class='ocrx_word' id='word_1_142' title='bbox 1519 2282 1671 2374; x_wconf 85' lang='lat' dir='ltr'><strong>quantu</strong></span> <span class='ocrx_word' id='word_1_143' title='bbox 1700 2266 1885 2346; x_wconf 80' lang='lat' dir='ltr'><strong>claustris</strong></span> <span class='ocrx_word' id='word_1_144' title='bbox 1920 2282 1961 2346; x_wconf 91' lang='lat' dir='ltr'><strong>et</strong></span> <span class='ocrx_word' id='word_1_145' title='bbox 1997 2294 2066 2346; x_wconf 88' lang='lat' dir='ltr'><strong>ec·</strong></span> 
     </span>
     <span class='ocr_line' id='line_1_16' title="bbox 261 2373 2065 2489; baseline -0.002 -30"><span class='ocrx_word' id='word_1_146' title='bbox 261 2378 391 2459; x_wconf 88' lang='lat' dir='ltr'><strong>clesiis</strong></span> <span class='ocrx_word' id='word_1_147' title='bbox 419 2378 595 2461; x_wconf 87' lang='lat' dir='ltr'><strong>voluerit</strong></span> <span class='ocrx_word' id='word_1_148' title='bbox 622 2393 663 2455; x_wconf 91' lang='lat' dir='ltr'><strong>et</strong></span> <span class='ocrx_word' id='word_1_149' title='bbox 707 2378 794 2459; x_wconf 88' lang='lat' dir='ltr'><strong>aliis</strong></span> <span class='ocrx_word' id='word_1_150' title='bbox 835 2380 1148 2489; x_wconf 86' lang='lat' dir='ltr'><strong>quibuscunque</strong></span> <span class='ocrx_word' id='word_1_151' title='bbox 1182 2377 1359 2458; x_wconf 88' lang='lat' dir='ltr'><strong>voluerit</strong></span> <span class='ocrx_word' id='word_1_152' title='bbox 1395 2394 1436 2457; x_wconf 89' lang='lat' dir='ltr'><strong>et</strong></span> <span class='ocrx_word' id='word_1_153' title='bbox 1470 2373 1584 2485; x_wconf 93' lang='lat' dir='ltr'><strong>quod</strong></span> <span class='ocrx_word' id='word_1_154' title='bbox 1615 2375 1823 2457; x_wconf 86' lang='lat' dir='ltr'><strong>residuum</strong></span> <span class='ocrx_word' id='word_1_155' title='bbox 1853 2377 1975 2457; x_wconf 84' lang='lat' dir='ltr'><strong>fuerit</strong></span> <span class='ocrx_word' id='word_1_156' title='bbox 2010 2376 2065 2457; x_wconf 91' lang='lat' dir='ltr'><strong>ad</strong></span> 
     </span>
     <span class='ocr_line' id='line_1_17' title="bbox 262 2486 2064 2599; baseline -0.001 -30"><span class='ocrx_word' id='word_1_157' title='bbox 262 2486 346 2569; x_wconf 89' lang='lat' dir='ltr'><strong>dies</strong></span> <span class='ocrx_word' id='word_1_158' title='bbox 374 2514 465 2569; x_wconf 94' lang='lat' dir='ltr'><strong>suos</strong></span> <span class='ocrx_word' id='word_1_159' title='bbox 494 2489 643 2573; x_wconf 85' lang='lat' dir='ltr'><strong>habere</strong></span> <span class='ocrx_word' id='word_1_160' title='bbox 671 2486 798 2571; x_wconf 88' lang='lat' dir='ltr'><strong>libere</strong></span> <span class='ocrx_word' id='word_1_161' title='bbox 826 2506 868 2570; x_wconf 89' lang='lat' dir='ltr'><strong>et</strong></span> <span class='ocrx_word' id='word_1_162' title='bbox 895 2488 1102 2599; x_wconf 89' lang='lat' dir='ltr'><strong>possidere</strong></span> <span class='ocrx_word' id='word_1_163' title='bbox 1130 2489 1172 2568; x_wconf 93' lang='lat' dir='ltr'><strong>in</strong></span> <span class='ocrx_word' id='word_1_164' title='bbox 1200 2515 1447 2599; x_wconf 89' lang='lat' dir='ltr'><strong>quocunque</strong></span> <span class='ocrx_word' id='word_1_165' title='bbox 1474 2504 1584 2567; x_wconf 85' lang='lat' dir='ltr'><strong>statu</strong></span> <span class='ocrx_word' id='word_1_166' title='bbox 1602 2487 1795 2569; x_wconf 67' lang='lat' dir='ltr'><strong>&#39;voluerit</strong></span> <span class='ocrx_word' id='word_1_167' title='bbox 1828 2490 2064 2569; x_wconf 88' lang='lat' dir='ltr'><strong>conuersari</strong></span> 
     </span>
     <span class='ocr_line' id='line_1_18' title="bbox 262 2596 2063 2714; baseline 0 -35"><span class='ocrx_word' id='word_1_168' title='bbox 262 2619 303 2682; x_wconf 93' lang='lat' dir='ltr'><strong>et</strong></span> <span class='ocrx_word' id='word_1_169' title='bbox 331 2614 470 2709; x_wconf 86' lang='lat' dir='ltr'><strong>postea</strong></span> <span class='ocrx_word' id='word_1_170' title='bbox 499 2599 550 2681; x_wconf 87' lang='lat' dir='ltr'><strong>ad</strong></span> <span class='ocrx_word' id='word_1_171' title='bbox 589 2597 758 2682; x_wconf 85' lang='lat' dir='ltr'><strong>heredes</strong></span> <span class='ocrx_word' id='word_1_172' title='bbox 786 2596 880 2680; x_wconf 87' lang='lat' dir='ltr'><strong>suos</strong></span> <span class='ocrx_word' id='word_1_173' title='bbox 907 2626 1010 2710; x_wconf 91' lang='lat' dir='ltr'><strong>quos</strong></span> <span class='ocrx_word' id='word_1_174' title='bbox 1038 2600 1071 2679; x_wconf 91' lang='lat' dir='ltr'><strong>si</strong></span> <span class='ocrx_word' id='word_1_175' title='bbox 1101 2596 1199 2680; x_wconf 88' lang='lat' dir='ltr'><strong>deus</strong></span> <span class='ocrx_word' id='word_1_176' title='bbox 1228 2599 1484 2681; x_wconf 87' lang='lat' dir='ltr'><strong>constituerit</strong></span> <span class='ocrx_word' id='word_1_177' title='bbox 1516 2600 1655 2680; x_wconf 84' lang='lat' dir='ltr'><strong>redeat</strong></span> <span class='ocrx_word' id='word_1_178' title='bbox 1690 2596 1963 2714; x_wconf 85' lang='lat' dir='ltr'><strong>diuidendum.</strong></span> <span class='ocrx_word' id='word_1_179' title='bbox 2009 2604 2063 2679; x_wconf 89' lang='lat' dir='ltr'><strong>Jn</strong></span> 
     </span>
     <span class='ocr_line' id='line_1_19' title="bbox 262 2710 2065 2821; baseline -0.001 -30"><span class='ocrx_word' id='word_1_180' title='bbox 262 2712 378 2791; x_wconf 88' lang='lat' dir='ltr'><strong>euius</strong></span> <span class='ocrx_word' id='word_1_181' title='bbox 405 2712 462 2791; x_wconf 89' lang='lat' dir='ltr'><strong>rei</strong></span> <span class='ocrx_word' id='word_1_182' title='bbox 490 2712 760 2792; x_wconf 90' lang='lat' dir='ltr'><strong>testimonium</strong></span> <span class='ocrx_word' id='word_1_183' title='bbox 787 2710 963 2821; x_wconf 83' lang='lat' dir='ltr'><strong>sigillum</strong></span> <span class='ocrx_word' id='word_1_184' title='bbox 999 2710 1151 2791; x_wconf 91' lang='lat' dir='ltr'><strong>domini</strong></span> <span class='ocrx_word' id='word_1_185' title='bbox 1186 2710 1480 2820; x_wconf 88' lang='lat' dir='ltr'><strong>strengenensis</strong></span> <span class='ocrx_word' id='word_1_186' title='bbox 1509 2711 1716 2789; x_wconf 89' lang='lat' dir='ltr'><strong>memorati</strong></span> <span class='ocrx_word' id='word_1_187' title='bbox 1752 2738 1826 2819; x_wconf 92' lang='lat' dir='ltr'><strong>per</strong></span> <span class='ocrx_word' id='word_1_188' title='bbox 1854 2738 1926 2790; x_wconf 92' lang='lat' dir='ltr'><strong>nos</strong></span> <span class='ocrx_word' id='word_1_189' title='bbox 1956 2713 2065 2820; x_wconf 89' lang='lat' dir='ltr'><strong>peti·</strong></span> 
     </span>
     <span class='ocr_line' id='line_1_20' title="bbox 261 2821 2063 2932; baseline -0.002 -28"><span class='ocrx_word' id='word_1_190' title='bbox 261 2838 348 2904; x_wconf 89' lang='lat' dir='ltr'><strong>turn</strong></span> <span class='ocrx_word' id='word_1_191' title='bbox 377 2836 418 2900; x_wconf 89' lang='lat' dir='ltr'><strong>et</strong></span> <span class='ocrx_word' id='word_1_192' title='bbox 446 2850 676 2905; x_wconf 88' lang='lat' dir='ltr'><strong>concessum</strong></span> <span class='ocrx_word' id='word_1_193' title='bbox 707 2821 961 2932; x_wconf 87' lang='lat' dir='ltr'><strong>presentibus</strong></span> <span class='ocrx_word' id='word_1_194' title='bbox 1004 2838 1064 2902; x_wconf 88' lang='lat' dir='ltr'><strong>est</strong></span> <span class='ocrx_word' id='word_1_195' title='bbox 1104 2849 1328 2931; x_wconf 87' lang='lat' dir='ltr'><strong>appensum</strong></span> <span class='ocrx_word' id='word_1_196' title='bbox 1372 2847 1544 2906; x_wconf 65' lang='lat' dir='ltr'><strong>necnon„</strong></span> <span class='ocrx_word' id='word_1_197' title='bbox 1560 2838 1602 2901; x_wconf 92' lang='lat' dir='ltr'><strong>et</strong></span> <span class='ocrx_word' id='word_1_198' title='bbox 1629 2832 1766 2901; x_wconf 86' lang='lat' dir='ltr'><strong>nostra</strong></span> <span class='ocrx_word' id='word_1_199' title='bbox 1810 2821 1940 2928; x_wconf 83' lang='lat' dir='ltr'><strong>sigilla</strong></span> <span class='ocrx_word' id='word_1_200' title='bbox 1981 2825 2063 2903; x_wconf 87' lang='lat' dir='ltr'><strong>eis·</strong></span> 
     </span>
     <span class='ocr_line' id='line_1_21' title="bbox 260 2930 2066 3045; baseline 0.001 -30"><span class='ocrx_word' id='word_1_201' title='bbox 260 2932 352 3016; x_wconf 86' lang='lat' dir='ltr'><strong>dem</strong></span> <span class='ocrx_word' id='word_1_202' title='bbox 384 2930 571 3016; x_wconf 82' lang='lat' dir='ltr'><strong>duximus</strong></span> <span class='ocrx_word' id='word_1_203' title='bbox 598 2933 852 3045; x_wconf 85' lang='lat' dir='ltr'><strong>apponenda.</strong></span> <span class='ocrx_word' id='word_1_204' title='bbox 886 2935 1036 3015; x_wconf 86' lang='lat' dir='ltr'><strong>Datum</strong></span> <span class='ocrx_word' id='word_1_205' title='bbox 1066 2962 1174 3016; x_wconf 83' lang='lat' dir='ltr'><strong>anno</strong></span> <span class='ocrx_word' id='word_1_206' title='bbox 1188 2933 1341 3016; x_wconf 86' lang='lat' dir='ltr'><strong>domini</strong></span> <span class='ocrx_word' id='word_1_207' title='bbox 1356 2932 1465 3015; x_wconf 88' lang='lat' dir='ltr'><strong>MCC</strong></span> <span class='ocrx_word' id='word_1_208' title='bbox 1486 2932 1699 3016; x_wconf 88' lang='lat' dir='ltr'>LXXXIX</span> <span class='ocrx_word' id='word_1_209' title='bbox 1715 2932 1805 3016; x_wconf 89' lang='lat' dir='ltr'><strong>loco</strong></span> <span class='ocrx_word' id='word_1_210' title='bbox 1819 2950 1860 3015; x_wconf 90' lang='lat' dir='ltr'><strong>et</strong></span> <span class='ocrx_word' id='word_1_211' title='bbox 1875 2949 2066 3043; x_wconf 85' lang='lat' dir='ltr'><strong>tempore</strong></span> 
     </span>
    </p>
   </div>
   <div class='ocr_carea' id='block_1_7' title="bbox 260 3049 703 3154">
    <p class='ocr_par' dir='ltr' id='par_1_7' title="bbox 260 3049 703 3154">
     <span class='ocr_line' id='line_1_22' title="bbox 260 3049 703 3154; baseline 0 -28"><span class='ocrx_word' id='word_1_212' title='bbox 260 3073 435 3154; x_wconf 89' lang='lat' dir='ltr'><strong>superne</strong></span> <span class='ocrx_word' id='word_1_213' title='bbox 463 3049 703 3130; x_wconf 86' lang='lat' dir='ltr'><strong>memoratis.</strong></span> 
     </span>
    </p>
   </div>
   <div class='ocr_carea' id='block_1_8' title="bbox 161 3547 1457 3702">
    <p class='ocr_par' dir='ltr' id='par_1_8' title="bbox 161 3547 1457 3702">
     <span class='ocr_line' id='line_1_23' title="bbox 161 3547 1457 3702; baseline 0.001 -45"><span class='ocrx_word' id='word_1_214' title='bbox 161 3547 168 3559; x_wconf 72' lang='grc'><strong>’</strong></span> <span class='ocrx_word' id='word_1_215' title='bbox 263 3569 398 3702; x_wconf 74' lang='grc'><strong>994.</strong></span> <span class='ocrx_word' id='word_1_216' title='bbox 480 3591 484 3600; x_wconf 92' lang='grc'>·</span> <span class='ocrx_word' id='word_1_217' title='bbox 789 3603 793 3614; x_wconf 94' lang='grc'>·</span> <span class='ocrx_word' id='word_1_218' title='bbox 913 3549 1161 3698; x_wconf 73' lang='lat' dir='ltr'><strong>1289d.</strong></span> <span class='ocrx_word' id='word_1_219' title='bbox 1214 3553 1457 3658; x_wconf 72' lang='lat' dir='ltr'><strong>toloni</strong></span> 
     </span>
    </p>
   </div>
   <div class='ocr_carea' id='block_1_9' title="bbox 338 3731 2072 3936">
    <p class='ocr_par' dir='ltr' id='par_1_9' title="bbox 338 3731 2072 3936">
     <span class='ocr_line' id='line_1_24' title="bbox 338 3731 2072 3858; baseline -0.005 -20"><span class='ocrx_word' id='word_1_220' title='bbox 338 3731 631 3856; x_wconf 72' lang='lat' dir='ltr'><strong>Konuogbleorus·</strong></span> <span class='ocrx_word' id='word_1_221' title='bbox 650 3771 687 3834; x_wconf 83' lang='lat' dir='ltr'><strong>lts</strong></span> <span class='ocrx_word' id='word_1_222' title='bbox 709 3771 783 3834; x_wconf 80' lang='lat' dir='ltr'><strong>bref</strong></span> <span class='ocrx_word' id='word_1_223' title='bbox 800 3771 931 3836; x_wconf 72' lang='lat' dir='ltr'><strong>renate</strong></span> <span class='ocrx_word' id='word_1_224' title='bbox 953 3773 1157 3858; x_wconf 76' lang='lat' dir='ltr'><strong>Srantepolls</strong></span> <span class='ocrx_word' id='word_1_225' title='bbox 1177 3773 1292 3835; x_wconf 71' lang='lat' dir='ltr'><strong>(letters</strong></span> <span class='ocrx_word' id='word_1_226' title='bbox 1312 3773 1462 3855; x_wconf 72' lang='lat' dir='ltr'><strong>ingamde</strong></span> <span class='ocrx_word' id='word_1_227' title='bbox 1482 3771 1493 3833; x_wconf 90' lang='lat' dir='ltr'><strong>i</strong></span> <span class='ocrx_word' id='word_1_228' title='bbox 1515 3769 1613 3854; x_wconf 66' lang='lat' dir='ltr'><strong>Vecte</strong></span> <span class='ocrx_word' id='word_1_229' title='bbox 1639 3770 1771 3852; x_wconf 78' lang='lat' dir='ltr'><strong>kloster,</strong></span> <span class='ocrx_word' id='word_1_230' title='bbox 1796 3783 1877 3834; x_wconf 75' lang='lat' dir='ltr'><strong>sumt</strong></span> <span class='ocrx_word' id='word_1_231' title='bbox 1907 3774 2072 3858; x_wconf 63' lang='lat' dir='ltr'><strong>gardense</strong></span> 
     </span>
     <span class='ocr_line' id='line_1_25' title="bbox 389 3853 1404 3936; baseline -0.019 -15"><span class='ocrx_word' id='word_1_232' title='bbox 389 3855 559 3921; x_wconf 81' lang='lat' dir='ltr'><strong>Ramnstad</strong></span> <span class='ocrx_word' id='word_1_233' title='bbox 580 3853 641 3918; x_wconf 89' lang='lat' dir='ltr'><strong>och</strong></span> <span class='ocrx_word' id='word_1_234' title='bbox 662 3853 828 3936; x_wconf 73' lang='lat' dir='ltr'><strong>Kidjavad..</strong></span> <span class='ocrx_word' id='word_1_235' title='bbox 1399 3891 1404 3902; x_wconf 77' lang='grc'>.</span> 
     </span>
    </p>
   </div>
   <div class='ocr_carea' id='block_1_10' title="bbox 1771 3937 1945 3992">
    <p class='ocr_par' dir='ltr' id='par_1_10' title="bbox 1771 3937 1945 3992">
     <span class='ocr_line' id='line_1_26' title="bbox 1771 3937 1945 3992; baseline 0.011 -2"><span class='ocrx_word' id='word_1_236' title='bbox 1771 3938 1806 3992; x_wconf 76' lang='grc' dir='ltr'><strong>Α.</strong></span> <span class='ocrx_word' id='word_1_237' title='bbox 1823 3937 1847 3990; x_wconf 76' lang='lat'><strong>3.</strong></span> <span class='ocrx_word' id='word_1_238' title='bbox 1865 3943 1885 3992; x_wconf 84' lang='lat' dir='ltr'><strong>l.</strong></span> <span class='ocrx_word' id='word_1_239' title='bbox 1905 3947 1945 3992; x_wconf 84' lang='lat'><strong>1.&#39;</strong></span> 
     </span>
    </p>
   </div>
   <div class='ocr_carea' id='block_1_11' title="bbox 253 4068 2069 4738">
    <p class='ocr_par' dir='ltr' id='par_1_11' title="bbox 253 4068 2069 4738">
     <span class='ocr_line' id='line_1_27' title="bbox 365 4068 2065 4182; baseline -0.003 -24"><span class='ocrx_word' id='word_1_240' title='bbox 365 4075 542 4158; x_wconf 76' lang='lat' dir='ltr'><strong>Maonus</strong></span> <span class='ocrx_word' id='word_1_241' title='bbox 569 4071 635 4154; x_wconf 91' lang='lat' dir='ltr'><strong>dei</strong></span> <span class='ocrx_word' id='word_1_242' title='bbox 663 4073 796 4181; x_wconf 87' lang='lat' dir='ltr'><strong>gracia</strong></span> <span class='ocrx_word' id='word_1_243' title='bbox 830 4071 1039 4153; x_wconf 86' lang='lat' dir='ltr'><strong>Sweorum</strong></span> <span class='ocrx_word' id='word_1_244' title='bbox 1067 4069 1380 4182; x_wconf 86' lang='lat' dir='ltr'><strong>Gothorumque</strong></span> <span class='ocrx_word' id='word_1_245' title='bbox 1417 4099 1488 4152; x_wconf 84' lang='lat' dir='ltr'><strong>rex</strong></span> <span class='ocrx_word' id='word_1_246' title='bbox 1525 4068 1727 4152; x_wconf 90' lang='lat' dir='ltr'><strong>Omnibus</strong></span> <span class='ocrx_word' id='word_1_247' title='bbox 1761 4100 1927 4181; x_wconf 89' lang='lat' dir='ltr'><strong>presens</strong></span> <span class='ocrx_word' id='word_1_248' title='bbox 1959 4076 2065 4154; x_wconf 89' lang='lat' dir='ltr'><strong>scri-</strong></span> 
     </span>
     <span class='ocr_line' id='line_1_28' title="bbox 256 4180 2069 4296; baseline -0.001 -29"><span class='ocrx_word' id='word_1_249' title='bbox 256 4204 372 4296; x_wconf 88' lang='lat' dir='ltr'><strong>ptum</strong></span> <span class='ocrx_word' id='word_1_250' title='bbox 388 4185 649 4269; x_wconf 87' lang='lat' dir='ltr'><strong>cernentibus</strong></span> <span class='ocrx_word' id='word_1_251' title='bbox 663 4183 834 4274; x_wconf 84' lang='lat' dir='ltr'><strong>salutem</strong></span> <span class='ocrx_word' id='word_1_252' title='bbox 845 4187 887 4264; x_wconf 92' lang='lat' dir='ltr'><strong>in</strong></span> <span class='ocrx_word' id='word_1_253' title='bbox 909 4180 1073 4264; x_wconf 91' lang='lat' dir='ltr'><strong>domino</strong></span> <span class='ocrx_word' id='word_1_254' title='bbox 1102 4187 1385 4294; x_wconf 82' lang='lat' dir='ltr'><strong>sempiternam</strong></span> <span class='ocrx_word' id='word_1_255' title='bbox 1412 4182 1613 4285; x_wconf 87' lang='lat' dir='ltr'><strong>Quoniam</strong></span> <span class='ocrx_word' id='word_1_256' title='bbox 1640 4181 1840 4263; x_wconf 89' lang='lat' dir='ltr'><strong>certitudo</strong></span> <span class='ocrx_word' id='word_1_257' title='bbox 1872 4183 2069 4266; x_wconf 86' lang='lat' dir='ltr'><strong>litteralis</strong></span> 
     </span>
     <span class='ocr_line' id='line_1_29' title="bbox 255 4293 2065 4406; baseline -0.001 -27"><span class='ocrx_word' id='word_1_258' title='bbox 255 4296 533 4380; x_wconf 84' lang='lat' dir='ltr'><strong>dubitaciones</strong></span> <span class='ocrx_word' id='word_1_259' title='bbox 553 4324 599 4376; x_wconf 86' lang='lat' dir='ltr'><strong>ac</strong></span> <span class='ocrx_word' id='word_1_260' title='bbox 627 4293 883 4402; x_wconf 87' lang='lat' dir='ltr'><strong>scrupulosas</strong></span> <span class='ocrx_word' id='word_1_261' title='bbox 909 4293 1171 4377; x_wconf 85' lang='lat' dir='ltr'><strong>hesitaciones</strong></span> <span class='ocrx_word' id='word_1_262' title='bbox 1198 4297 1502 4402; x_wconf 84' lang='lat' dir='ltr'><strong>iurgiorumque</strong></span> <span class='ocrx_word' id='word_1_263' title='bbox 1531 4294 1714 4372; x_wconf 86' lang='lat' dir='ltr'><strong>materias</strong></span> <span class='ocrx_word' id='word_1_264' title='bbox 1741 4293 1844 4375; x_wconf 93' lang='lat' dir='ltr'><strong>solet</strong></span> <span class='ocrx_word' id='word_1_265' title='bbox 1872 4314 2065 4406; x_wconf 85' lang='lat' dir='ltr'><strong>amputa·</strong></span> 
     </span>
     <span class='ocr_line' id='line_1_30' title="bbox 256 4402 2063 4513; baseline -0.001 -23"><span class='ocrx_word' id='word_1_266' title='bbox 256 4438 300 4490; x_wconf 89' lang='lat' dir='ltr'><strong>re</strong></span> <span class='ocrx_word' id='word_1_267' title='bbox 329 4409 490 4489; x_wconf 89' lang='lat' dir='ltr'><strong>Jdcirco</strong></span> <span class='ocrx_word' id='word_1_268' title='bbox 519 4435 572 4487; x_wconf 85' lang='lat' dir='ltr'><strong>ne</strong></span> <span class='ocrx_word' id='word_1_269' title='bbox 599 4406 745 4486; x_wconf 91' lang='lat' dir='ltr'><strong>iniuste</strong></span> <span class='ocrx_word' id='word_1_270' title='bbox 772 4421 916 4488; x_wconf 87' lang='lat' dir='ltr'><strong>contra</strong></span> <span class='ocrx_word' id='word_1_271' title='bbox 946 4433 1136 4513; x_wconf 86' lang='lat' dir='ltr'><strong>personas</strong></span> <span class='ocrx_word' id='word_1_272' title='bbox 1164 4402 1227 4485; x_wconf 87' lang='lat' dir='ltr'><strong>vel</strong></span> <span class='ocrx_word' id='word_1_273' title='bbox 1262 4407 1588 4491; x_wconf 82' lang='lat' dir='ltr'><strong>communitatem</strong></span> <span class='ocrx_word' id='word_1_274' title='bbox 1627 4403 1791 4510; x_wconf 85' lang='lat' dir='ltr'><strong>collegii</strong></span> <span class='ocrx_word' id='word_1_275' title='bbox 1828 4405 2063 4489; x_wconf 89' lang='lat' dir='ltr'><strong>Wretensis</strong></span> 
     </span>
     <span class='ocr_line' id='line_1_31' title="bbox 253 4515 2062 4627; baseline 0.001 -28"><span class='ocrx_word' id='word_1_276' title='bbox 253 4521 295 4599; x_wconf 92' lang='lat' dir='ltr'><strong>in</strong></span> <span class='ocrx_word' id='word_1_277' title='bbox 335 4536 540 4627; x_wconf 87' lang='lat' dir='ltr'><strong>posterum</strong></span> <span class='ocrx_word' id='word_1_278' title='bbox 578 4515 824 4625; x_wconf 82' lang='lat' dir='ltr'><strong>procedatur</strong></span> <span class='ocrx_word' id='word_1_279' title='bbox 866 4544 939 4625; x_wconf 88' lang='lat' dir='ltr'><strong>per</strong></span> <span class='ocrx_word' id='word_1_280' title='bbox 980 4517 1140 4624; x_wconf 86' lang='lat' dir='ltr'><strong>aliquos</strong></span> <span class='ocrx_word' id='word_1_281' title='bbox 1184 4516 1331 4597; x_wconf 86' lang='lat' dir='ltr'><strong>iniuste</strong></span> <span class='ocrx_word' id='word_1_282' title='bbox 1375 4517 1599 4596; x_wconf 82' lang='lat' dir='ltr'><strong>sencientes</strong></span> <span class='ocrx_word' id='word_1_283' title='bbox 1638 4516 1823 4596; x_wconf 87' lang='lat' dir='ltr'><strong>volumus</strong></span> <span class='ocrx_word' id='word_1_284' title='bbox 1865 4521 2062 4601; x_wconf 90' lang='lat' dir='ltr'><strong>omnibus</strong></span> 
     </span>
     <span class='ocr_line' id='line_1_32' title="bbox 253 4623 2061 4738; baseline 0 -28"><span class='ocrx_word' id='word_1_285' title='bbox 253 4633 505 4710; x_wconf 88' lang='lat' dir='ltr'><strong>innotescere</strong></span> <span class='ocrx_word' id='word_1_286' title='bbox 533 4630 606 4738; x_wconf 84' lang='lat' dir='ltr'><strong>per</strong></span> <span class='ocrx_word' id='word_1_287' title='bbox 636 4644 841 4736; x_wconf 87' lang='lat' dir='ltr'><strong>presentes</strong></span> <span class='ocrx_word' id='word_1_288' title='bbox 868 4623 983 4738; x_wconf 94' lang='lat' dir='ltr'><strong>quod</strong></span> <span class='ocrx_word' id='word_1_289' title='bbox 1010 4655 1101 4708; x_wconf 91' lang='lat' dir='ltr'><strong>cum</strong></span> <span class='ocrx_word' id='word_1_290' title='bbox 1131 4623 1292 4709; x_wconf 86' lang='lat' dir='ltr'><strong>domina</strong></span> <span class='ocrx_word' id='word_1_291' title='bbox 1321 4625 1386 4709; x_wconf 86' lang='lat' dir='ltr'><strong>.K.</strong></span> <span class='ocrx_word' id='word_1_292' title='bbox 1423 4627 1502 4706; x_wconf 85' lang='lat' dir='ltr'><strong>lilia</strong></span> <span class='ocrx_word' id='word_1_293' title='bbox 1532 4624 1685 4709; x_wconf 90' lang='lat' dir='ltr'><strong>domini</strong></span> <span class='ocrx_word' id='word_1_294' title='bbox 1713 4625 1945 4738; x_wconf 86' lang='lat' dir='ltr'><strong>Suautpulk</strong></span> <span class='ocrx_word' id='word_1_295' title='bbox 1981 4630 2061 4710; x_wconf 82' lang='lat' dir='ltr'><strong>ab·</strong></span> 
     </span>
    </p>
   </div>
   <div class='ocr_carea' id='block_1_12' title="bbox 195 4736 2061 4850">
    <p class='ocr_par' dir='ltr' id='par_1_12' title="bbox 195 4736 2061 4850">
     <span class='ocr_line' id='line_1_33' title="bbox 195 4736 2061 4850; baseline -0.001 -26"><span class='ocrx_word' id='word_1_296' title='bbox 195 4745 199 4754; x_wconf 86' lang='lat'>&#39;</span> <span class='ocrx_word' id='word_1_297' title='bbox 252 4741 403 4824; x_wconf 84' lang='lat' dir='ltr'><strong>batissa</strong></span> <span class='ocrx_word' id='word_1_298' title='bbox 430 4741 656 4824; x_wconf 88' lang='lat' dir='ltr'><strong>Wretensis</strong></span> <span class='ocrx_word' id='word_1_299' title='bbox 684 4801 694 4820; x_wconf 89' lang='lat'><strong>.</strong></span> <span class='ocrx_word' id='word_1_300' title='bbox 724 4801 734 4822; x_wconf 91' lang='lat'><strong>.</strong></span> <span class='ocrx_word' id='word_1_301' title='bbox 763 4801 772 4821; x_wconf 89' lang='lat'><strong>.</strong></span> <span class='ocrx_word' id='word_1_302' title='bbox 802 4741 919 4847; x_wconf 85' lang='lat' dir='ltr'><strong>Waeg</strong></span> <span class='ocrx_word' id='word_1_303' title='bbox 948 4737 1071 4818; x_wconf 83' lang='lat' dir='ltr'><strong>liliam</strong></span> <span class='ocrx_word' id='word_1_304' title='bbox 1108 4737 1244 4846; x_wconf 84' lang='lat' dir='ltr'><strong>Magni</strong></span> <span class='ocrx_word' id='word_1_305' title='bbox 1271 4756 1313 4820; x_wconf 89' lang='lat' dir='ltr'><strong>et</strong></span> <span class='ocrx_word' id='word_1_306' title='bbox 1354 4737 1581 4848; x_wconf 80' lang='lat' dir='ltr'><strong>lngigerdis</strong></span> <span class='ocrx_word' id='word_1_307' title='bbox 1609 4736 1660 4819; x_wconf 90' lang='lat' dir='ltr'><strong>de</strong></span> <span class='ocrx_word' id='word_1_308' title='bbox 1703 4736 1957 4822; x_wconf 85' lang='lat' dir='ltr'><strong>Kalfstadum</strong></span> <span class='ocrx_word' id='word_1_309' title='bbox 1999 4741 2061 4850; x_wconf 80' lang='lat' dir='ltr'><strong>ad</strong></span> 
     </span>
    </p>
   </div>
   <div class='ocr_carea' id='block_1_13' title="bbox 251 4941 521 4960">
    <p class='ocr_par' dir='ltr' id='par_1_13' title="bbox 251 4941 521 4960">
     <span class='ocr_line' id='line_1_34' title="bbox 251 4941 521 4960; baseline 0 -2"><span class='ocrx_word' id='word_1_310' title='bbox 251 4941 521 4960; x_wconf 54' lang='lat' dir='ltr'><strong>m</strong></span> 
     </span>
    </p>
   </div>
   <div class='ocr_carea' id='block_1_14' title="bbox 289 5031 1128 5116">
    <p class='ocr_par' dir='ltr' id='par_1_14' title="bbox 289 5031 1128 5116">
     <span class='ocr_line' id='line_1_35' title="bbox 289 5031 1128 5116; baseline -0.004 -19"><span class='ocrx_word' id='word_1_311' title='bbox 289 5039 314 5114; x_wconf 71' lang='lat' dir='ltr'><strong>*l</strong></span> <span class='ocrx_word' id='word_1_312' title='bbox 334 5033 390 5097; x_wconf 90' lang='lat' dir='ltr'><strong>Uti</strong></span> <span class='ocrx_word' id='word_1_313' title='bbox 412 5056 449 5097; x_wconf 85' lang='lat' dir='ltr'><strong>en</strong></span> <span class='ocrx_word' id='word_1_314' title='bbox 471 5035 508 5097; x_wconf 80' lang='lat' dir='ltr'><strong>el</strong></span> <span class='ocrx_word' id='word_1_315' title='bbox 524 5035 658 5116; x_wconf 70' lang='lat' dir='ltr'><strong>Kouuog</strong></span> <span class='ocrx_word' id='word_1_316' title='bbox 680 5035 793 5098; x_wconf 76' lang='lat' dir='ltr'><strong>Busta</strong></span> <span class='ocrx_word' id='word_1_317' title='bbox 814 5031 976 5098; x_wconf 64' lang='lat' dir='ltr'><strong>mtmttad</strong></span> <span class='ocrx_word' id='word_1_318' title='bbox 996 5032 1128 5096; x_wconf 72' lang='lat' dir='ltr'><strong>assu-itt</strong></span> 
     </span>
    </p>
   </div>
   <div class='ocr_carea' id='block_1_15' title="bbox 0 0 2164 5975">
    <p class='ocr_par' dir='ltr' id='par_1_15' title="bbox 0 0 2164 5975">
     <span class='ocr_line' id='line_1_36' title="bbox 0 0 2164 5975; baseline 0 3"><span class='ocrx_word' id='word_1_319' title='bbox 0 0 2164 5975; x_wconf 95' lang='lat' dir='ltr'><strong> </strong></span> 
     </span>
    </p>
   </div>
  </div>
 </body>
</html>
