4317 5975
768 402 1183 495 -32'5-

36 686 39 689 -
72 634 399 727 ‘'mouaotmum,
426 630 664 740 placitatum
693 630 1053 733 exstititinbune
1075 630 1259 715 modum:
1279 628 1657 745 Quodquicnnque
1679 630 1874 735 nostrum,
1956 642 1957 645 ‘
2041 632 2075 695 ³-

90 740 229 823 soilicet
257 743 456 823 Dominus
481 744 622 823 Erious
651 770 764 822 nuuc
788 743 867 822 rex'
888 746 1298 853 Daciaepraemissus,
1340 744 1405 823 vel
1456 747 1567 842 Nos,¹
1601 749 1713 855 prius
1742 752 1876 831 matri·

90 855 258 935 monium
287 856 838 951 consummaret-eontracta,
859 857 944 933 rite
972 883 1061 937 suas
1092 862 1253 963 nuptias
1268 854 1533 953 celebrando,
1563 850 1876 971 quantacunque
1924 938 1930 941 .

79 964 299 1046 ,donatione
327 970 497 1073 propter
528 966 693 1073 nuptias
719 994 828 1045 suam
857 994 1024 1046 uxorem
1054 966 1292 1067 honoraret,
1332 968 1391 1047 ad
1426 985 1579 1049 tantam
1618 962 1877 1053 donatiouem

92 1076 152 1157 ille
181 1092 363 1156 nostrum
391 1080 463 1185 qui
492 1077 784 1187 subsequenter
813 1106 904 1157 suas
934 1080 1098 1187 nuptias
1133 1079 1374 1176 celebraret,
1417 1108 1498 1159 suae
1527 1082 1644 1161 uxori
1674 1100 1879 1164 teneretur

92 1190 294 1294 assignare.
340 1189 424 1268 Nos
452 1189 578 1295 igitur
605 1186 772 1268 eandem
802 1189 1041 1269 Consortem
1071 1206 1247 1269 nostram
1279 1190 1462 1271 dilectam
1507 1194 1615 1271 omni
1652 1193 1807 1273 honore
1838 1211 1878 1273 et
1982 1194 1984 1198 ’

91 1298 307 1380 dilectionis
335 1301 568 1406 privilegio,
610 1327 694 1410 quo
724 1303 944 1406 poterimus
988 1294 1182 1411 prosequi
1221 1304 1449 1411 cupientes,
1479 1318 1524 1380 ut
1552 1321 1757 1401 tenemur,
1802 1304 1880 1385 sibi

19 1488 23 1494 .
90 1427 206 1491 totam
235 1409 522 1491 Fiedrundiam
552 1438 645 1491 cum
678 1413 760 1490 suis
790 1412 1105 1505 obventionibus
1134 1430 1177 1492 et
1209 1416 1363 1494 reditus
1405 1411 1588 1494 dedimus
1625 1432 1665 1494 et
1700 1417 1888 1525 assigna·¹

92 1525 230 1619 vimus,
262 1520 385 1629 pleno
411 1520 502 1628 jure
530 1540 730 1631 perpetuo
759 1523 1063 1630 possidendam,
1096 1525 1504 1617 rationedonationis
1521 1543 1689 1633 propter
1719 1529 1880 1633 nuptias
1938 1576 1944 1581 -
2076 1574 2082 1583 ·

91 1630 372 1741 supradictae,
401 1662 596 1721 unacum
625 1635 720 1716 villa
749 1635 899 1717 lorensi
929 1638 1154 1745 Enecopia,
1184 1638 1226 1715 in
1248 1636 1395 1735 ,eadem
1424 1653 1530 1729 terra
1554 1637 1880 1733 simeonititio-

92 1771 139 1824 ne
164 1761 319 1825 servata
348 1744 487 1825 eadem
516 1761 558 1824 et
586 1745 805 1840 consimili,
834 1776 914 1856 qua
945 1746 1112 1829 donatio
1143 1748 1278 1828 Sorori
1309 1764 1457 1827 nostrae
1472 1746 1697 1855 praedictae,
1727 1746 1881 1857 abipso

93 1854 195 1961 Rege
223 1857 357 1935 Daeiae
387 1854 509 1936 luerit
538 1858 750 1964 assignata.
780 1856 821 1936 Si
851 1886 947 1938 vero
975 1861 1177 1966 praemissi
1221 1858 1374 1940 reditus
1404 1859 1454 1940 de
1485 1856 1671 1967 praedicta
1704 1873 1813 1938 terra
1842 1876 1883 1939 et

89 1968 180 2047 *villa
208 1968 462 2074 Eneeopcnsi
490 1969 795 2076 provenientes,
821 1962 1053 2077 quominus
1068 1970 1270 2049 valuerint
1296 1998 1364 2049 seu
1384 1972 1557 2079 nrinores
1580 1969 1743 2066 luerint,
1760 1998 1881 2079 quam

92 2075 442 2188 quod-praeclarus
471 2082 660 2187 princeps
689 2081 888 2159 Dominus
917 2082 1079 2175 Ericus,
1124 2108 1195 2160 rex
1238 2083 1446 2160 Danorum
1491 2081 1706 2191 praedictus
1742 2081 1884 2183 Sorori

90 2208 231 2284 nostrae
258 2186 510 2296 dignoscitur
536 2190 775 2287 contulisse,
806 2192 890 2271 Nos
917 2190 968 2271 de
998 2192 1116 2271 bonis
1140 2193 1293 2271 uostris
1314 2192 1402 2269 aliis
1424 2191 1883 2301 defectumhujusmodi,

90 2304 132 2381 iu
158 2300 254 2381 locis
283 2302 359 2409 ipsi
391 2300 515 2381 Uxori
547 2318 693 2381 nostrae
722 2302 951 2409 aptioribus
977 2320 1024 2382 et
1048 2301 1298 2403 utilioribus,
1343 2302 1727 2412 ita-supplebimus,
1770 2302 1900 2413 quod·
1991 2366 1998 2375 .

89 2409 221 2491 eadem
250 2409 417 2491 donatio
446 2430 583 2491 nostra
612 2428 724 2500 tauta
755 2416 807 2494 sit
837 2415 999 2521 penitus
1041 2415 1082 2492 in
1113 2412 1329 2509 reditibus,
1373 2430 1525 2523 quanta
1569 2414 1736 2496 donatio
1780 2418 1892 2495 facta·

91 2524 167 2631 ipsi
189 2522 329 2603 Sorori
359 2539 505 2602 nostrae
528 2550 603 2633 per
632 2525 866 2605 Dominum
893 2526 1043 2633 Regem
1086 2527 1219 2605 Daciae
1252 2524 1542 2633 supradictum.
1600 2529 1747 2605 Datum
1779 2552 1884 2606 anuo

91 2635 253 2715 Domini
280 2635 434 2715 MCCC.
463 2632 529 2714 die
557 2638 823 2715 pentecostes
864 2634 869 2666 ²
930 2658 935 2667 ’
976 2675 981 2685 ·
1408 2654 1412 2663 ·

97 3026 267 3140 1318.
513 3026 518 3036 ’
682 2966 823 3147 130o
866 2962 1032 3134 dsdo
1074 3023 1356 3192 Majh*)..,j
1539 2960 1887 3134 'Stockholm
1963 3107 2008 3158 ·.

169 3245 305 3326 Konnng
326 3244 454 3309 uinetis
476 3244 554 3308 Brel
577 3244 623 3306 till
653 3245 914 3309 Hdlaidsmannen
937 3251 948 3310 i
970 3245 1104 3309 Finlaod
1127 3247 1192 3310 Nils
1213 3245 1404 3326 Andersson,
1434 3246 1503 3309 med
1537 3203 1673 3309 tillstlind
1706 3250 1754 3310 lb'r
1790 3247 1911 3330 nigra
1955 3225 1965 3232 ³

220 3329 488 3414 hemmaostgare,
511 3338 558 3390 att
579 3328 772 3392 lortferande
791 3331 824 3391 n
848 3331 897 3392 ult
915 3331 1025 3413 odliog
1046 3332 1187 3414 begegoa
1208 3333 1360 3412 sicgarus
1382 3334 1392 3391 i
1414 3330 1612 3392 Tarestland.

1607 3445 1642 3498 K.
1659 3441 1679 3502 i.
1699 3445 1755 3501 188.

201 3580 412 3660 Bassianus
440 3580 515 3660 Dei
543 3580 671 3689 gratia
688 3578 927 3687 Swenorum
957 3578 1267 3690 Gothorumqve
1281 3580 1383 3678 Rex,
1416 3579 1589 3662 discreto
1612 3581 1699 3660 viro
1715 3580 1890 3660 Domino

86 3691 260 3773 Nicolao
287 3691 520 3794 Andersson
547 3693 741 3774 Praefecto
753 3692 994 3791 Finlandiae,
1025 3692 1194 3782 salutem
1213 3693 1265 3774 in
1294 3693 1470 3773 Domino
1485 3693 1782 3800 sempiternam.
1813 3695 1891 3780 Ac÷
1975 3749 1984 3756 -

16 3807 22 3816 ’
85 3803 280 3885 cedentes
309 3802 360 3884 ad
388 3832 462 3884 nos
491 3819 707 3912 praesentes
736 3802 983 3884 exhibitores
999 3803 1171 3884 blichael
1201 3800 1251 3882 de
1279 3799 1544 3910 Lappafaerd,
1574 3801 1712 3882 Andar
1742 3804 1792 3882 de
1820 3801 1891 3881 Sa·

85 3915 246 4006 stamell
277 3931 318 3995 et
345 3913 490 3996 Tobbe
519 3914 571 3995 de
597 3915 737 3994 Tenlra
767 3914 969 3995 nobissua
987 3915 1267 4024 propositione
1297 3913 1347 3994 de
1376 3913 1497 4022 sylvis
1520 3914 1561 3990 in
1578 3912 1891 4021 Tawastiaqve·

85 4025 229 4110 rulosa
258 4038 553 4123 monstrarunt,
584 4024 692 4136 qvod
721 4021 939 4111 secundum
969 4025 1227 4134 quorundam
1243 4023 1486 4132 praediorum
1507 4023 1707 4102 culturam
1736 4021 1893 4132 deqvi·

83 4137 175 4218 hus
197 4137 321 4245 sylvis
349 4138 392 4217 in
420 4137 622 4218 Tawastia
683 4162 833 4216 vasen
869 4137 1034 4244 speciali
1063 4138 1320 4216 concessione
1350 4153 1389 4215 et
1419 4135 1577 4216 licentia
1607 4134 1767 4215 Domini
1809 4132 1894 4214 Ha·

81 4248 198 4332 raldi
224 4245 431 4360 qvondam
460 4247 608 4340 ibidem
638 4165 978 4352 advocatinostri
1014 4248 1211 4355 hactenus
1251 4248 1532 4349 excoluerant,
1555 4273 1685 4349 ,nunc
1714 4261 1760 4346 ut
1788 4272 1892 4324 asse·
1949 4300 1956 4310 -

82 4375 189 4440 runt
210 4360 492 4454 molestantur·
513 4376 555 4439 et
582 4360 835 4468 impetuntur
870 4359 988 4449 nimis
1031 4357 1204 4466 injuste..
1244 4357 1378 4460 Quare
1407 4385 1498 4440 cum
1515 4353 1660 4464 ¹Fratri
1688 4357 1893 4461 ¹carissimo

83 4470 204 4553 Duci
230 4469 491 4569 Waldemaro
520 4497 634 4578 mage
664 4467 890 4578 proficuum
919 4498 1004 4550 esse
1033 4467 1259 4578 dinoscitur
1287 4467 1396 4580 qvod
1426 4487 1532 4550 terra
1563 4497 1631 4550 sua
1663 4465 1893 4577 per'homi·

83 4580 390 4688 nesdisaretos
418 4579 599 4689 ydoneos
628 4578 839 4660 excolatur
868 4597 910 4660 ct
938 4577 1189 4662 inhabitetur
1213 4599 1332 4690 qvam
1363 4579 1519 4678 deserta
1542 4579 1793 4692 relinquitur,
1822 4577 1903 4660 vo·'

82 4692 228 4774 lumus
256 4708 297 4772 et
327 4687 565 4772 mandamus
594 4695 747 4802 itaque,
777 4685 976 4802 quatenus
1004 4719 1127 4802 super
1157 4693 1370 4800 praemissis
1406 4687 1587 4792 homines
1621 4688 1894 4810 'praedictosa

128 4863 161 4983 ‘i
185 4897 293 4964 stulte
313 4901 417 4964 kunnu
438 4907 513 4965 'rata
539 4890 616 4965 ‘1303
638 4893 696 4963 den
718 4885 734 4961 i
759 4873 841 4962 luni.
921 4888 958 4965 ’·’,
990 4878 995 4888 ’
1459 4979 1463 4988 Ι
1625 4940 1629 4951 ,
1749 4961 1752 4971 Α
1858 4931 1860 4936 ,

128 4987 135 4998 ’
221 4999 610 5075 Μωηη,»
766 4981 1491 5068 ,υωηχῐψωωη’
1586 4981 1883 5086 ¹‚p.„
