4317 5975
976 450 1034 487 -2
1145 413 1200 527 ‘a
1308 420 1451 485 -·

275 624 410 811 aab
558 674 595 691 ’·
802 640 824 807 ,s
874 584 1455 811 calceat-‚Apa
1577 630 1582 639 ’
1793 628 1839 778 ἦ
1891 649 2073 784 nom.

275 844 705 991 ‚raincurtqlinslfch'blagrsdsr
723 838 802 903 Brci
817 836 1183 915 tillvMinoriter-ordem
1217 804 1646 945 styrmenpfldlo'rdepnatt'
1663 791 1732 923 isle
1755 836 1805 901 tur
1831 790 2000 925 pendium
2025 840 2074 908 in,-

277 984 333 1077 ,ῳ
439 947 528 1011 8⁸9
582 946 732 1078 istm
862 1022 866 1031 ‚
937 1022 941 1031 ¹
1049 1000 1051 1007 Ι
1294 961 1315 975 ..
1660 995 1943 1075 ..A-ma·
2058 1028 2066 1037 ἢ

272 1109 340 1235 J‘53
383 1144 580 1227 Mamas
609 1142 864 1233 miseratione
892 1142 1030 1251 diuina
1046 1129 1198 1228 sancte
1224 1127 1350 1232 lllaric
1364 1140 1406 1224 in
1421 1138 1805 1225 Porticu'Diaconus
1833 1112 2074 1242 Cardinalis‘,

272 1254 430 1340 Dilecto
445 1256 487 1357 in
502 1254 655 1335 christo
670 1254 753 1334 filio
782 1316 791 1335 .
821 1315 846 1363 ·,
861 1249 1045 1363 Ministro
1060 1239 1302 1364 prouinciali
1327 1252 1511 1361 ,teatrum
1549 1253 1749 1334 minorum
1788 1252 1831 1331 in
1863 1253 2075 1381 prouincia

270 1367 395 1465 Dacie
423 1364 602 1448 Salutem
632 1366 678 1445 in
703 1364 877 1449 domino.
908 1352 1142 1475 Fragilitatc
1173 1394 1242 1448 scu
1272 1366 1500 1473 ignorantia
1529 1390 1648 1444 senus
1678 1362 1823 1443 femine
1859 1392 1902 1446 1n
1938 1365 2076 1445 Mona·

269 1474 585 1585 sterijsordinis
625 1493 763 1570 sancte
806 1474 924 1557 Clare
968 1474 1222 1587 receptiones
1255 1502 1521 1585 personarum
1555 1474 1598 1555 in
1635 1502 1793 1557 sorores
1807 1555 1812 1565 ,
1828 1474 2077 1586 quandoque

269 1589 375 1671 fiunt
404 1588 535 1668 minus
563 1589 775 1685 canonice,¹
794 1583 907 1698 quod
935 1616 986 1669 cx
1013 1613 1063 1667 eo
1091 1585 1330 1697 colligimus,
1358 1587 1456 1697 quia
1488 1614 1568 1669 non
1607 1615 1830 1699 numquam
1866 1613 1941 1695 pro
1978 1587 2079 1667 reci·

301 1700 477 1781 ientibus
529 1701 570 1778 &
612 1700 783 1808 receptis
829 1726 901 1806 per
943 1698 1213 1807 symoniacam
1256 1694 1499 1807 prauitatem
1543 1695 1790 1807 dispensatio
1834 1696 2078 1805 postulatur.

270 1728 378 1893 lluic
407 1809 533 1918 igitur
561 1810 705 1891 morbo
732 1826 816 1889 tarn
844 1810 1037 1921 pestifero
1066 1823 1107 1891 et
1134 1808 1324 1889 infestiuo
1349 1811 1587 1892 medicinam
1621 1810 1833 1916 cupientes
1869 1835 2077 1918 apponere

272 1936 314 2003 ct
331 1919 567 2023 'animarum
598 1917 823 2029 prouidere,
840 1919 961 2031 saluti
990 1917 1224 2001 ordinamus
1252 1936 1293 2001 et
1323 1921 1522 2018 uolumus,
1552 1937 1597 2000 nt
1624 1918 1856 2002 abbatissas
1884 1939 1925 2002 et
1952 1919 2078 1999 Soro-

211 2088 215 2097 .
271 2030 699 2133 reslMonasteriorum
727 2050 797 2113 tue
840 2033 1049 2139 prouincic
1091 2059 1142 2111 ex
1186 2049 1301 2138 parte
1345 2050 1483 2112 nostra
1527 2057 1691 2111 moneas
1719 2045 1760 2112 et
1790 2029 1958 2111 inducas
1999 2029 2077 2111 sub

271 2142 485 2227 amotionis
513 2139 817 2223 Abbatissarum
847 2170 868 2221 a
899 2144 1091 2253 regimine
1120 2160 1161 2224 et
1189 2142 1382 2230 Sororum
1410 2140 1686 2225 translationis
1721 2139 1772 2222 ad
1814 2142 1892 2222 alia
1935 2142 2076 2231 Mona,-

271 2254 392 2344 steria
415 2255 536 2361 ‘penis
568 2272 611 2335 ut
638 2254 690 2335 ab
719 2252 950 2335 huiusmodi
980 2252 1282 2362 receptionibus
1310 2251 1552 2358 symoniacis
1580 2250 1767 2334 decetero
1803 2280 1967 2361 prorsus
2003 2252 2079 2333 ab·

270 2367 458 2461 stimant,
486 2370 527 2446 &
553 2364 742 2445 ostendas
770 2366 827 2445 eis
855 2393 977 2475 quam
1007 2366 1058 2445 sit
1086 2391 1212 2473 graue
1241 2383 1449 2472 peccatum
1488 2380 1529 2444 et
1565 2364 1836 2472 periculosum
1873 2364 2077 2472 symonia·

272 2477 329 2558 cis
358 2476 658 2584 receptionibus
686 2494 866 2583 prestare
895 2502 1146 2557 consensum.
1176 2476 1328 2556 Verum
1357 2495 1556 2586 quantum
1585 2472 1636 2555 ad
1671 2478 1925 2583 receptiones
1962 2502 2078 2555 soro·

271 2614 361 2667 rum
392 2589 604 2695 preteritas
631 2588 861 2694 symoniace
891 2585 1017 2666 lactas
1046 2603 1127 2666 tem
1157 2614 1249 2667 cum
1278 2586 1503 2669 Abbatissis
1531 2604 1572 2667 et
1599 2586 1808 2666 sororibus
1845 2588 2077 2695 recipienti·

271 2696 349 2801 bus
376 2725 500 2807 quam
537 2726 628 2780 cum
674 2699 855 2808 personis
896 2699 1067 2804 receptis
1112 2726 1186 2807 per
1228 2696 1455 2781 huiusmodi
1498 2698 1667 2795 uitium,
1715 2714 1956 2807 potestatem
1999 2698 2078 2779 tibi

271 2805 532 2893 concedimus
556 2808 835 2919 dispensandi,
864 2810 918 2888 ita
950 2806 1062 2919 quod
1093 2836 1252 2891 sorores
1280 2826 1322 2889 et
1350 2837 1523 2918 persone
1552 2823 1712 2917 recepte
1742 2810 1899 2917 possint
1934 2810 1975 2889 in
2013 2812 2079 2923 ip-

270 2919 351 3003 sins
368 2918 585 3002 Monasteri
588 2920 622 3028 js
643 2948 848 3001 remanere
863 2920 1049 3029 primitus
1064 2936 1199 3002 tamen
1216 2919 1402 3004 absoluas
1417 2936 1497 3002 tam
1529 2948 1722 3030 personas
1750 2938 1930 3031 receptas
1950 2949 2076 3032 quam

270 3033 509 3139 recipientes
524 3059 604 3142 que
619 3031 861 3138 indigebunt
877 3026 927 3108 ab
943 3032 1368 3111 excommunicationis
1382 3033 1585 3112 sentencia
1601 3061 1723 3143 quam
1740 3032 1906 3114 forsitan
1940 3035 2079 3114 incur·

272 3159 370 3222 runt
387 3171 463 3250 pro
478 3169 527 3222 eo
540 3140 651 3252 quod
667 3144 709 3220 in
726 3169 817 3219 casu
836 3169 918 3220 non
937 3167 1141 3237 concesso,
1163 3142 1228 3221 uel
1253 3171 1328 3251 per
1351 3141 1512 3223 modum
1538 3172 1624 3224 non
1651 3144 1806 3223 licitum
1824 3172 1992 3252 persone
2007 3174 2080 3226 ex-

141 3281 143 3290 ’
271 3256 443 3338 ‚trinseoe
460 3251 563 3332 infra
580 3253 787 3332 Clasuram
804 3252 1139 3333 Monasteriorum
1154 3252 1384 3336 huiusmodi
1398 3270 1492 3335 sunt
1507 3253 1674 3336 admisse
1690 3273 1830 3335 contra
1856 3252 2098 3337 ordinatio*

161 3385 167 3410 ⁸
272 3393 365 3444 nem
401 3363 538 3444 forsan
570 3363 822 3446 inibitionem
843 3391 910 3444 seu
929 3381 1179 3474 preceptum.
1202 3364 1327 3445 felicis
1350 3365 1646 3448 recordacionis
1666 3367 1839 3474 Gregori
1842 3396 1857 3476 J
1873 3395 1988 3476 pape.
2004 3367 2078 3448 lX.

157 3547 162 3552 .
272 3475 472 3554 Volumus
494 3477 659 3583 insuper
680 3474 792 3587 quod
808 3472 1027 3556 secundum
1047 3474 1280 3587 qualitatem
1298 3485 1335 3558 &
1350 3480 1616 3588 quantitatem
1631 3505 1839 3558 excessus.
1857 3541 1866 3558 .
1882 3478 2078 3560 Abbatis·

273 3589 337 3683 sio,
359 3584 586 3684 Sororibus,
615 3593 654 3668 &
684 3589 876 3697 personis
906 3588 1241 3670 Monasteriorum
1270 3588 1448 3698 ipsorum
1464 3617 1586 3697 super
1602 3589 1679 3670 hoc
1695 3591 2081 3702 iniungaspeniten-

273 3702 371 3788 tiam
399 3696 635 3796 salutarem,
664 3704 728 3780 lta
757 3698 867 3809 quod
906 3727 989 3778 non
1027 3701 1191 3806 impune
1226 3727 1268 3780 se
1305 3698 1475 3781 credant
1517 3716 1673 3780 tantum
1713 3699 1867 3783 lacinus
1910 3705 2078 3782 commi-

272 3812 379 3922 sisse.
437 3811 584 3892 Datum
615 3811 740 3890 Rome
769 3811 825 3887 Vl
854 3809 947 3888 Kal.
978 3809 1071 3916 Maij
1101 3814 1220 3891 Anno
1263 3809 1418 3892 domini
1461 3810 1682 3892 Millesimo.
1711 3813 1826 3892 ·CC'.
1870 3814 2080 3923 Octuage-

272 3921 373 4002 simo
405 3923 523 4002 Nono
551 3923 815 4003 pontificatus
844 3918 997 4000 domini
1023 3920 1197 4001 ‘Nicolai
1226 3951 1343 4032 pape.
1372 3924 1495 4004 llll:ti
1523 3927 1643 4006 Anno
1665 3920 1864 4006 Secundo.

760 4061 894 4144 sigillet,
922 4065 931 4124 i
955 4062 1109 4146 tegelm'idt
1136 4083 1209 4144 vax,
1236 4073 1270 4124 tr
1299 4074 1403 4149 afletan
1424 4063 1585 4128 osladadt.
1718 4123 1722 4130 .

280 4471 412 4578 991.
551 4563 554 4570 .
920 4359 1090 4576 1589·
1138 4429 1188 4590 dt
1238 4469 1266 4576 7
1316 4431 1430 4576 Maj.
1580 4363 1584 4373 Ι
1799 4435 2081 4577 Wisingsb.

355 4622 528 4700 Kooungen
550 4622 680 4683 Maonus
703 4621 741 4682 l:s
762 4621 836 4685 bees
853 4623 892 4703 pe
914 4621 1100 4704 tredjedelen
1123 4621 1161 4681 af
1177 4620 1412 4703 Allmtnningen
1435 4619 1487 4681 vid
1509 4623 1646 4705 Arboga‚
1669 4623 1716 4685 till
1740 4603 1853 4706 Kongl.
1881 4622 1983 4690 Ridet
2014 4625 2079 4688 och

406 4697 643 4784 lule-Dielnen
665 4703 757 4784 Sigge
779 4705 788 4764 i
811 4705 992 4787 Lialriiping.
1190 4725 1193 4733 v
1333 4734 1336 4743 .
1374 4711 1379 4722 ·
1735 4699 1741 4708 ·

1716 4789 1937 4844 bimum

381 4885 557 4968 Macros
585 4885 652 4968 dei
679 4888 813 4996 gracia
840 4913 1040 4968 swcorum
1069 4887 1381 5001 Gothorumque
1409 4891 1496 4972 Rex
1531 4884 1734 4973 Omnibus
1750 4904 1974 5001 ¹‘presentes
2011 4895 2084 4976 lit·

272 5012 377 5077 teras
407 4999 550 5079 visuris
580 4997 643 5079 uel
673 4998 880 5094 audituris,
908 4997 1078 5081 salutem
1107 5001 1150 5082 in
1181 4999 1347 5084 domino
1380 5004 1675 5112 sempiternam.
1711 5002 1873 5086 Tenore
1909 5033 2080 5114 presen-
