4317 5975
833 456 896 484 ·-·-
1002 410 1086 501 ’113
1198 432 1251 487 -“-

157 650 317 757 1182.
399 696 405 708 ’
641 752 645 765 ,
772 650 1017 797 119611.
1073 581 1300 801 191011

228 870 517 955 Kooung'Braosns
539 872 728 957 slyddsbrel
738 874 793 936 ’161
816 872 913 935 Siara
937 838 1067 957 lllslops¹
1085 864 1171 955 gods.
1628 960 1653 1013 A
1681 961 1696 1013 3
1722 976 1737 1013 z
1860 943 1865 957 ,

280 1058 481 1141 Bmcnnus
510 1057 572 1139 dei
610 1062 743 1167 gracia
778 1086 980 1139 sweorum
1023 1058 1337 1171 Gothorumque
1370 1062 1475 1156 Rex,
1504 1061 1703 1143 Omnibus
1740 1051 1972 1173 presentes¹
2077 1135 2081 1154 .

140 1168 300 1249 litteras
328 1170 590 1279 jnspeoturis‚
619 1172 787 1251 salntem
818 1172 858 1248 in
875 1172 1070 1269 Domino,
1100 1170 1259 1251 Tenore
1288 1174 1537 1279 presencium
1554 1190 1738 1262 constare
1759 1176 1944 1258 volumus
2020 1172 2024 1181 ’

11 1306 15 1313 ’
138 1278 376 1377 euidenter,
406 1279 517 1390 quod
546 1282 630 1363 Nos
660 1280 927 1365 venerabilem
975 1299 1131 1391 patrem
1174 1283 1380 1385 dominum
1464 1284 1548 1365 .B.
1578 1286 1830 1397 Episcopum
1859 1315 1945 1369 sca·
2030 1321 2070 1378 ῃ

140 1419 311 1505 rensem¹
341 1422 431 1473 cum
475 1396 665 1477 omnibus
708 1395 826 1473 bonis
855 1396 936 1474 suis
965 1392 1201 1492 mobilibus,
1230 1410 1270 1474 et
1297 1394 1590 1495 immobilibus,
1630 1396 1795 1496 villicis,
1824 1399 1944 1480 Colo·

139 1508 229 1597 nis,
259 1504 420 1584 familiis
449 1520 489 1585 et
518 1508 701 1615 personis
730 1508 872 1605 ceteris
904 1507 945 1585 iu
974 1503 1124 1586 eisdem
1155 1508 1273 1587 bonis
1292 1508 1637 1593 commorantibus
1664 1508 1740 1589 sub
1769 1529 1946 1593 nostram

141 1618 438 1725 protectionem
467 1619 703 1726 recipimus,
732 1636 772 1697 et
799 1617 925 1696 tutele
967 1618 1141 1726 graciam
1188 1619 1399 1727 specialem
1437 1618 1667 1701 Reddentes
1696 1622 1827 1730 ipsum
1854 1648 1945 1703 cum
2067 1674 2071 1681 -

140 1728 344 1807 vniuersis
374 1728 510 1823 bonis,
538 1747 579 1809 et
610 1732 790 1837 personis
832 1732 1018 1837 superius
1059 1730 1198 1827 tactis,
1244 1729 1296 1809 ab
1326 1730 1515 1810 omnibus
1541 1730 1721 1838 juribus,
1749 1750 1791 1813 et
1818 1733 1968 1822 causis,

142 1840 362 1949 regalibus,
379 1840 604 1950 ceterisque
625 1840 934 1948 grauaminibus,
950 1841 1226 1921 solucionibus
1241 1842 1498 1949 Gengyaerdh
1521 1840 1718 1941 videlicet,
1740 1861 1781 1924 et
1795 1844 1946 1926 almen-

144 1952 333 2043 ninxetnae
372 1980 418 2031 ao
455 1952 778 2033 exhibicionibus
807 1950 1119 2061 quibuscunque
1147 1953 1228 2059 juri
1258 1972 1419 2053 nostru,
1469 1971 1509 2034 et
1538 1955 1692 2040 nomini
1722 1953 1868 2037 debitis
1897 1955 1945 2037 li·

144 2066 290 2145 berum
322 2062 483 2171 penitus
511 2082 550 2143 et
578 2079 807 2171 exemptum
838 2064 869 2142 si
901 2092 997 2142 vero
1040 2063 1550 2171 expedicionemanostram
1580 2069 1762 2162 euocari,
1790 2066 1853 2147 vel
1884 2068 1945 2147 iu·
2025 2118 2033 2124 -

145 2176 299 2256 dicium
351 2190 534 2258 nostrum
583 2202 653 2270 seu
696 2188 847 2254 corone
898 2174 1170 2282 juramentum
1214 2176 1402 2285 infringi,
1452 2192 1524 2257 aut
1565 2176 1806 2284 generaliter
1848 2177 1946 2259 sub·

143 2285 295 2369 sidium
330 2316 351 2365 a
382 2302 469 2367 toto
499 2315 622 2395 regno
659 2286 832 2397 requiri,
874 2307 954 2365 seu·
973 2315 1112 2367 causas
1145 2288 1187 2367 in
1216 2288 1386 2368 occultis
1415 2286 1658 2386 homicidiis,
1687 2284 1833 2369 Mordh
1861 2288 1947 2371 dio·

143 2403 218 2494 tis,
248 2416 370 2510 atque
411 2397 531 2477 furtis
559 2425 760 2505 emergere
798 2399 1033 2505 contigerit,
1075 2398 1153 2506 jsta
1189 2398 1268 2479 sibi
1311 2398 1539 2481 nullatenus
1581 2398 1707 2481 libera
1727 2398 1946 2511 reddimus

46 2556 48 2574 ι
97 2584 103 2593 .
142 2510 220 2605 sed
261 2539 308 2591 ca
352 2506 404 2589 ad
445 2509 744 2591 ordinacionem
789 2525 966 2591 nostram
1002 2529 1042 2592 et
1078 2508 1131 2590 ad
1178 2509 1316 2590 liscum
1354 2512 1509 2620 regium
1557 2510 1785 2621 specialiter
1829 2512 1946 2593 volu·

144 2652 239 2704 mus
270 2622 488 2731 pertinere,
518 2622 782 2703 Prohibcmus
816 2622 961 2728 igitur,
1003 2624 1064 2703 Ne
1109 2623 1201 2731 quis
1230 2641 1493 2725 memoratum
1523 2621 1732 2705 dominum
1781 2622 1947 2705 skaren·

143 2762 232 2831 sem
263 2738 303 2821 in
333 2733 453 2815 rebus
483 2749 554 2813 aut
583 2734 764 2841 personis
793 2733 1034 2839 prenotatis,
1063 2750 1205 2813 contra
1221 2736 1453 2840 premissam
1482 2735 1701 2817 tuicionem
1719 2750 1758 2815 et
1782 2734 1946 2816 liberta·

143 2864 210 2927 tes
239 2872 339 2956 quas
366 2843 445 2924 sibi
473 2843 751 2925 concedendas
781 2844 967 2924 duximus
982 2843 1132 2926 audeat
1160 2844 1390 2952 aliqualiter
1419 2847 1641 2943 molestare,
1670 2864 1796 2954 prout
1811 2846 1942 2954 graci-
2031 2937 2034 2942 ¹
2137 2896 2151 2917 ,

141 2988 211 3039 am
242 2973 417 3039 nostram
446 2955 579 3066 diligit
608 2954 866 3053 inoffensam,
895 2959 1044 3039 Datum
1082 2982 1192 3040 auno
1220 2956 1384 3039 domini.
1438 2958 1521 3056 Μ’,1
1542 2958 1642 3056 CC',
1669 2956 1777 3056 XC',
1805 2971 1949 3056 sexte,

141 3071 288 3150 Xllll⁰
321 3067 399 3148 kal.
430 3068 673 3150 nouembris.

613 3211 731 3294 Sigillet
755 3213 794 3297 pa
816 3212 875 3275 den
899 3223 971 3274 utur
987 3211 1114 3284 ¹brcfret
1134 3211 1255 3296 llippta
1277 3231 1396 3273 remsau
1419 3209 1558 3273 sladadt.

72 3743 76 3747 1
155 3580 332 3720 1183,
477 3605 478 3610 '
743 3580 892 3684 1²266
939 3579 986 3685 d.
1041 3579 1271 3686 12--18
1313 3582 1439 3687 Nor.

232 3767 304 3832 lton
324 3767 534 3834 Kncnonssons
565 3770 650 3851 iotyg
673 3778 717 3829 att
740 3770 801 3830 han
826 3767 871 3828 till
895 3775 975 3830 obsta
1011 3767 1212 3830 midsommer
1244 3779 1317 3852 ager
1347 3769 1406 3831 den
1429 3769 1518 3831 delen
1539 3768 1577 3829 af
1593 3768 1707 3830 Tcnsta
1731 3767 1942 3850 qvurnstriim,
1971 3806 1975 3817 ι

279 3863 289 3871 ’·
318 3872 381 3914 som
405 3853 525 3915 tillbbrt
545 3849 686 3913 Konilen
710 3852 802 3912 lsrael
825 3853 983 3912 Peterson
1007 3853 1015 3912 l
1037 3850 1164 3936 Uptalss·
1188 3918 1190 3921 v
1563 3931 1598 3986 Α.
1616 3935 1641 3988 s
1659 3949 1683 3993 a:
1700 3932 1742 3992 25·

166 4057 175 4068 “
288 4035 487 4116 Omnibus
518 4065 680 4145 presens
707 4039 902 4143 scriptum
931 4035 1209 4135 cernentibus,
1238 4037 1356 4129 11111111
1382 4036 1666 4119 Kmnnonsson
1695 4036 1864 4116 salutem
1899 4035 1943 4115 in

140 4147 347 4244 domino,¹
365 4149 556 4228 nouerint
587 4149 762 4228 uniuersi
794 4175 853 4226 me
883 4163 1035 4256 partem
1064 4176 1185 4256 quam
1216 4147 1402 4228 dominus
1431 4148 1547 4255 jsrael
1578 4165 1793 4256 paetersson
1822 4174 1945 4229 cano·
1977 4181 2010 4255 ¹·

143 4262 267 4342 nicus
297 4256 515 4367 vpsalensis
543 4259 721 4369 possidet
750 4261 792 4338 in
831 4266 1008 4338 torrente
1050 4274 1179 4340 tensta
1208 4261 1263 4367 111
1300 4286 1379 4369 qua
1417 4261 1538 4340 situm
1580 4276 1642 4339 est
1670 4247 1945 4340 molendinum

142 4402 284 4454 meum
315 4399 438 4482 vsque
467 4369 517 4451 ad
557 4371 814 4451 lestiuitatem
843 4369 1241 4479 lobannisbaptiste
1276 4372 1318 4449 in
1347 4373 1534 4478 proximo
1562 4388 1772 4451 venturam
1797 4369 1946 4452 babere

65 4554 69 4562 .
145 4489 225 4565 in.
251 4511 519 4565 ..concessu
577 4487 626 4563 ln
652 4485 769 4562 buius
799 4484 856 4561 rei
885 4482 1157 4562 testimonium
1188 4478 1362 4589 sigillum
1394 4509 1523 4562 meum
1549 4484 1803 4590 presentibus
1824 4483 1945 4589 assig-

144 4598 265 4694 naui,
311 4600 596 4678 Datumanno
628 4594 780 4674 domini
810 4595 881 4674 Μ’.
910 4595 1013 4675 CC‘.
1044 4593 1149 4673 XC’.
1179 4594 1254 4671 Vl'
1287 4592 1391 4692 infra
1418 4613 1605 4676 octauam
1635 4593 1741 4676 beati
1770 4593 1944 4676 martini.
2011 4653 2022 4660 -

498 4737 553 4800 Eu
573 4738 682 4822 111111ι
701 4739 737 4800 al
755 4738 864 4819 sigillet
886 4737 980 4801 finnes
1001 4739 1020 4800 ἃ
1041 4737 1101 4800 den
1124 4759 1161 4800 ur
1182 4737 1302 4805 bresrct
1323 4737 1444 4822 klippu
1464 4757 1594 4801 samson.

1448 4982 1571 5018 ,a
