4317 5975
786 424 1206 532 ...337-

99 658 177 729 tum
209 641 427 727 mobilibus
454 670 576 753 quam
593 642 879 729 immobilibus.
896 646 1091 756 [capitulo
1114 646 1319 731 lundensis
1347 640 1524 729 ecclesie.
1553 642 1619 728 do.
1651 640 1751 756 lego.
1781 665 1895 729 scoto

52 760 56 767 ’
97 775 137 839 et
167 754 407 837 manutrado
437 755 477 834 in
510 774 749 864 perpetuum
794 757 1079 865 possidendum
1109 759 1198 840 Tali
1219 758 1479 869 ⁵condicione
1522 755 1672 838 adiecta
1701 759 1812 868 quod
1842 757 1893 839 de

96 866 321 951 redditibus
347 887 397 947 ex
426 863 545 947 dictis
574 865 691 947 bonis
724 869 1062 977 prouenientibus
1092 888 1376 978 postmortem
1396 898 1521 949 menni
1544 866 1799 951 deducantur
1812 866 1893 950 due

95 981 255 1063 marche
284 978 556 1061 denariorum.
586 1006 663 1058 vna
694 981 852 1060 marcha
884 981 935 1061 ad
967 984 1204 1089 pictanciam
1248 982 1546 1062 canonicorum.
1594 980 1758 1061 dimidia
1789 1009 1894 1061 mar·

25 1108 63 1134 ⁸
95 1093 169 1175 cha
200 1091 454 1172 denariorum
486 1089 733 1197 pauperibus
760 1090 985 1171 scolaribus
1025 1091 1306 1176 distribuatur.
1334 1108 1374 1172 et
1402 1092 1479 1171 alia
1522 1092 1686 1174 dimidia
1731 1092 1893 1173 marcha
1955 1172 1965 1186 Α

94 1206 146 1287 de
171 1200 318 1285 eisdem
347 1200 576 1281 redditibus
605 1199 657 1281 ad
684 1201 916 1283 oblaciones
945 1204 986 1283 in
1018 1206 1145 1285 missis
1188 1209 1409 1286 animm-um
1440 1206 1481 1282 in
1514 1198 1578 1284 die
1621 1203 1891 1311 anniuersarij

55 1310 60 1317 ’
96 1322 170 1397 mei
199 1314 458 1421 deputentur.
487 1311 656 1423 Reliqua
685 1342 783 1393 vero
812 1314 919 1394 bona
946 1316 1094 1423 prelati
1122 1313 1239 1425 opidj
1267 1314 1412 1396 cedant
1443 1342 1574 1393 rnense
1602 1316 1889 1395 canonicorum

94 1428 415 1537 supradictorum
447 1424 488 1503 in
520 1440 773 1531 perpetuum.
814 1428 867 1505 ln
894 1427 1010 1506 cuius
1039 1430 1095 1507 rei
1124 1427 1411 1509 testimoninm.
1451 1424 1581 1532 sigilla
1625 1425 1892 1507 discretorum

94 1542 273 1620 virorum
302 1533 559 1615 dominorum
589 1533 745 1616 Nicolai
775 1563 1031 1645 magnusson.
1059 1541 1165 1648 petri
1196 1538 1374 1647 prefecti.
1402 1535 1588 1644 johannis
1630 1537 1791 1617 liarlson
1821 1565 1891 1616 an·

95 1651 190 1733 dree
217 1648 406 1729 nieleson.
446 1646 616 1726 militum
652 1646 788 1756 jacobi
830 1651 900 1756 jon
944 1648 1102 1729 litleson
1150 1650 1336 1757 armigeri
1364 1663 1405 1728 et
1435 1648 1580 1729 nicolai
1612 1667 1783 1729 twesson
1814 1676 1892 1728 rna

54 1785 57 1793 “
94 1792 183 1845 cum
212 1758 345 1867 sigillo
374 1784 474 1837 meo.
505 1758 760 1865 presentibus
787 1776 883 1839 sunt
911 1787 1101 1869 appensa.
1132 1759 1270 1841 datum
1298 1778 1340 1841 et
1367 1775 1501 1869 actmn
1532 1760 1667 1841 lundis
1693 1756 1890 1839 annodo-

95 1876 193 1956 mini
224 1869 365 1953 MCCC
396 1870 537 1979 primo.
567 1869 728 1952 kalend.
757 1870 953 1977 februarij
982 1871 1073 1951 ΧΠ.

93 2014 309 2100 dfaaerskriste
330 2012 376 2074 De
397 2008 513 2097 oppido
535 2010 697 2075 lrumbolt
727 2013 766 2075 de
797 2033 861 2095 quo
883 2011 917 2073 lit
938 2014 1057 2073 mencio
1089 2015 1177 2099 apud,
1205 2013 1367 2095 registrum
1389 2015 1419 2076 in
1443 2014 1544 2079 littere
1574 2013 1624 2077 .Κ.
1647 2012 1726 2077 uude
1749 2024 1891 2077 teneatur

578 2098 822 2159 anniuersarium
850 2096 971 2160 dominc
992 2094 1124 2178 johanne
1147 2098 1185 2161 de
1208 2094 1403 2183 stamstlrorp.

105 2326 313 2462 1336„
699 2301 861 2443 '1301
914 2323 962 2435 a
1014 2368 1088 2436 20
1137 2326 1285 2436 rear.
1393 2468 1399 2475 ,
1677 2326 1890 2434 sassa

174 2484 383 2591 Minotauri,
405 2514 544 2597 Lagman
566 2514 674 2595 llis-ger
700 2514 854 2577 Perssons·
874 2517 1112 2602 tjeusteqvinnes
1147 2526 1343 2595 testamento,
1376 2513 1576 2597 brerigenom
1599 2514 1745 2580 Werstad
1769 2515 1779 2575 i
1800 2512 1890 2574 Tunn

223 2596 335 2661 sochen
358 2596 500 2659 tillfeller
519 2596 647 2677 Sigtuna
669 2598 794 2677 kloster,
815 2600 905 2663 Tunc
927 2600 988 2664 och
1010 2603 1115 2685 Lagga
1138 2602 1266 2687 lyrlor.
1635 2680 1660 2734 Δ
1688 2682 1703 2733 3
1728 2695 1745 2733 e

202 2819 254 2895 Jn
282 2815 455 2895 Nomine
486 2816 613 2923 patris
641 2831 682 2895 et
710 2817 780 2898 filii
810 2834 851 2897 et
879 2820 1044 2927 spiritns
1083 2820 1211 2901 sancti
1241 2847 1375 2916 nmen,
1417 2818 1503 2923 Ego
1532 2818 1782 2900 utinensem
1814 2814 1887 2894 vil-
1995 2888 2008 2917 „

92 2929 171 3010 lica
199 2923 360 3010 Douiini
389 2927 557 3036 Byrgeri
587 2926 743 3037 legiferi
773 2930 980 3038 vplandie,
1014 2959 1110 3011 sana
1141 2958 1313 3040 corpore
1342 2956 1415 3038 per
1435 2928 1497 3011 dei
1527 2930 1701 3040 greciam
1723 2942 1763 3006 et
1778 2953 1886 3006 men·

37 3131 41 3136 ,
90 3044 145 3139 te,
172 3044 224 3122 de
253 3039 496 3150 patrimonio
526 3067 614 3118 meo
645 3057 926 3122 testamentum
944 3043 1080 3123 dilecti
1098 3045 1231 3124 mariti
1245 3045 1319 3122 mei
1336 3041 1510 3148 Ragneri
1539 3056 1578 3120 et
1608 3068 1735 3120 meum
1753 3038 1887 3120 condo

88 3169 131 3232 et
157 3152 305 3234 ordino
333 3152 374 3230 in
404 3149 511 3230 hunc
540 3148 724 3249 modum,
753 3153 803 3231 ln
834 3155 973 3260 primis
1002 3153 1197 3234 fratribus
1227 3151 1547 3264 predicatoribus
1562 3151 1744 3248 sictunie,
1777 3149 1887 3256 apud

89 3290 196 3375 quos
225 3279 401 3344 nostram
428 3262 615 3369 eligimus
643 3263 894 3372 sepulturam
924 3263 1037 3373 legox
1086 3283 1231 3346 natuor
1272 3265 1421 3345 solidos
1450 3283 1556 3344 terre
1586 3265 1626 3342 in
1656 3265 1888 3341 verstadum

87 3403 172 3487 que
199 3376 327 3455 estin
357 3370 518 3454 olandia
549 3375 739 3483 parochie
766 3374 950 3472 Tunum,
979 3295 1155 3480 Ecclesie
1184 3375 1346 3456 Tuuntn
1374 3369 1581 3504 ‹finidium
1604 3370 1774 3453 solidum
1806 3389 1888 3451 ter·

9 3495 16 3504 '
85 3516 133 3568 re
161 3485 311 3567 ibidem
342 3501 540 3594 perpetuo
570 3484 876 3595 possidendum,
921 3489 1098 3568 Ecclesic
1143 3491 1183 3570 in
1226 3483 1416 3598 lufgeredr
1460 3485 1668 3567 dimidium
1712 3483 1888 3564 solidum

84 3619 196 3683 terre
224 3596 373 3678 ibidem
402 3615 599 3705 perpetuo
637 3596 942 3706 possidendum,
985 3599 1185 3682 sacerdoti
1230 3601 1269 3679 in
1308 3600 1423 3680 cuius
1472 3595 1663 3706 parochia
1693 3595 1888 3675 memori

84 3711 325 3816 contigerit:
353 3724 570 3818 utrumque
599 3736 675 3817 pro
704 3711 813 3791 dono
835 3715 883 3790 ‘et
911 3712 1120 3821 sepultura
1144 3739 1261 3790 vnam
1284 3710 1483 3790 marcham
1499 3705 1753 3788 denariorum
1777 3735 1887 3786 nunc

83 3823 236 3906 usualis
265 3835 444 3918 monete,
477 3821 595 3902 huius
623 3818 896 3901 ordinacionis
934 3839 1053 3903 testes
1100 3838 1302 3930 presentes
1344 3820 1524 3912 fuerunt,
1563 3819 1733 3898 Domina
1772 3819 1884 3924 Jngia
2006 3907 2011 3912 ¹

83 3935 229 4043 burgis
257 3931 403 4013 dilecta
435 3958 537 4012 vxor
556 3932 717 4012 'domini
753 3934 916 4042 byrgeri
947 3934 1120 4042 legiferi,
1150 3953 1190 4014 et
1225 3933 1386 4012 domina
1417 3929 1626 4036 Ragnildis
1657 3956 1757 4009 vxor
1786 3929 1886 4008 dile-

84 4063 153 4130 eta
183 4046 334 4127 domini
366 4043 537 4151 Egardi,
565 4043 785 4124 Domicelle
813 4043 959 4125 Cecilia
989 4064 1028 4125 et
1057 4047 1294 4156 Margareta,
1322 4041 1483 4122 Fratres
1514 4041 1787 4149 predicatores
1814 4068 1883 4148 pe·

86 4176 177 4238 trns
206 4172 247 4236 et
275 4155 514 4250 solimanus,
556 4155 764 4264 Ragnerus
808 4157 974 4236 maritus
1018 4185 1129 4236 meus
1172 4153 1363 4251 dilectus,
1406 4152 1594 4234 Nicolaus
1626 4169 1884 4261 procurator,
1953 4149 1962 4168 '

87 4269 319 4353 laurencius
361 4267 544 4348 elinuson
575 4269 733 4347 uicinus
762 4286 917 4365 noster,
967 4268 1143 4348 lacobus
1179 4265 1421 4347 camerarius
1463 4265 1616 4348 domini
1648 4264 1740 4359 mei,
1785 4265 1883 4342 beru

85 4382 267 4489 dagson‚
296 4397 336 4460 et
365 4379 430 4458 alii
451 4377 599 4486 plures,
630 4381 881 4487 Exequtores
912 4378 1040 4460 huius*
1059 4381 1137 4459 mei
1152 4377 1376 4458 testamenti
1395 4394 1487 4484 peto
1516 4373 1723 4455 dominnm
1754 4402 1884 4454 uremn

84 4496 305 4602 byrgernm
336 4507 533 4598 petaerson
566 4490 772 4598 legiferum
803 4489 1013 4599 vplandie,
1043 4491 1247 4571 dominum
1266 4488 1468 4598 Egardum
1500 4507 1540 4566 et
1570 4504 1726 4595 petrum
1751 4485 1887 4582 strala,

81 4632 261 4718 quornm
291 4603 431 4711 sigillis
462 4617 502 4680 et
531 4621 734 4708 presentes
763 4600 949 4710 supplico
977 4603 1199 4698 Roborsri,
1228 4629 1304 4680 vna
1336 4628 1424 4680 eum
1455 4597 1585 4705 sigillo
1615 4598 1784 4677 Domine
1801 4603 1886 4677 mee
2012 4609 2022 4623 ‘

83 4715 324 4826 Jngibnrgis
352 4719 496 4794 Actum
527 4715 569 4795 in
599 4706 836 4794 Finstadn'm
874 4718 995 4794 Arane
1029 4712 1182 4794 domini
1228 4711 1451 4794 llI⁹C⁰C⁰C⁰
1487 4711 1629 4818 primo,
1658 4708 1708 4830 X.
1739 4707 1885 4792 kalend

82 4833 238 4911 maren·
343 4936 391 5002 Pi
414 4935 585 4998 inlusidcu:
611 4935 845 4998 Testamentum
867 4957 923 5018 ptr
944 4935 1073 4997 ftsslttm
1096 4933 1226 4996 Pelium
1249 4931 1394 5017 ll‘ndum
1416 4941 1628 5015 Pr⁰⁶¹¹ffl¹um⁸

434 5049 578 5134 sigillent
599 5051 659 5114 nto
680 5070 699 5111 2
721 5048 868 5129 skadadt,
889 5048 928 5112 dc
950 5050 1049 5130 dirige
1070 5046 1255 5128 bortlallna,
1277 5067 1432 5110 remsorna
1454 5065 1540 5129 qvas.
