4317 5975
888 277 1213 427 ..um
1325 286 1446 441 -

271 556 450 641 riostram
478 554 651 638 dilectus
679 552 1001 659 consanguineus
1030 526 1168 633 noster
1205 547 1438 633 domicellus
1478 546 1748 631 waldemarus
1783 552 1884 633 lilius
1910 553 2033 643 domiai

270 669 431 777 gerardi
460 669 617 750 comitis
646 668 822 751 bolzaeie
849 679 1095 773 conquestus
1124 680 1183 744 est
1212 690 1346 745 coram
1378 658 1496 743 nobis
1524 662 1634 771 quod
1665 662 1771 743 bona
1806 692 1875 743 sua
1906 686 1941 745 ct
1964 697 2033 776 pos·

94 762 98 769 ¹
160 785 164 793 ’
221 823 225 828 ·
270 783 464 862 sessiones
500 808 581 889 quc
611 794 701 888 post
731 795 897 857 matrem
926 794 1038 854 suam
1068 777 1110 854 ia
1143 774 1355 853 battmmnr
1401 773 1491 881 jure
1525 770 2032 886 lrereditario·acquisiuita

252 890 511 1002 ¹quibusdam
541 908 793 997 occupantur
823 890 953 968 minus
983 888 1105 983 iuste,
1136 887 1219 967 Nos
1247 913 1346 965 vero
1375 886 1525 965 nullius
1554 886 1617 963 ins
1646 888 1686 964 iu
1715 886 1854 997 aliquo
1875 888 2035 971 diminue-

267 1002 522 1083 recolentes
551 998 621 1082 sed
652 1001 844 1081 iusticiam
876 999 1068 1107 prosequi
1099 1000 1238 1107 pocius
1267 1014 1311 1078 ut
1340 1013 1543 1093 tenemur,
1573 997 1706 1075 taliter
1734 1001 1840 1079 inter
1862 1002 2034 1083 eeclesiam

266 1111 419 1195 ibidem
433 1129 473 1194 et
489 1115 620 1221 ipsum
650 1111 904 1193 domicellum
928 1108 1116 1190 duximus
1137 1108 1428 1206 ordinandum,
1461 1106 1572 1219 quod
1601 1108 1737 1189 eadem
1769 1112 1929 1193 ecclesia
1955 1112 2037 1195 bona

268 1239 308 1305 et
336 1226 625 1332 possessiones,
654 1252 734 1335 qne
762 1226 839 1305 sibi
867 1220 1069 1304 debentur
1096 1221 1243 1301 babeat
1288 1219 1492 1329 libereque
1537 1218 1738 1328 possideat
1779 1219 1952 1303 discretis
1976 1240 2038 1304 ter·

267 1335 385 1415 ruinis
414 1337 614 1445 certisque
643 1336 839 1419 limitibus
868 1328 1463 1440 wulgariterdictisliaellaland
1493 1332 1714 1439 antiquitus
1743 1332 1890 1413 habitis
1918 1350 1953 1412 et
1977 1362 2038 1416 ser·

162 1514 168 1520 ,
268 1447 371 1527 aratis
406 1447 496 1555 jure
525 1448 650 1554 ipsius
678 1444 878 1526 domicelli
908 1446 950 1523 in
979 1444 1093 1529 nullo
1124 1446 1284 1551 penitus
1310 1441 1527 1539 diminuto,
1558 1458 1679 1550 prout
1709 1445 1878 1525 dilectus
1905 1464 2038 1553 patrue·

267 1558 317 1637 lis
345 1576 480 1638 noster
508 1556 695 1639 dominus
729 1556 999 1637 waldemarus
1038 1555 1246 1664 quondam
1277 1584 1346 1634 rex
1387 1553 1542 1635 easdem
1573 1557 1840 1663 possessiones
1870 1573 1953 1664 post
1977 1586 2038 1637 ma·

229 1686 370 1749 'trem
398 1696 509 1749 suam
547 1670 807 1780 acquisiuisse
843 1668 1069 1747 dinoscitur
1111 1682 1150 1745 ct
1197 1666 1451 1773 postmodum
1494 1665 1657 1773 pacifice
1701 1670 1937 1775 possedisse,
1972 1669 2038 1749 Hoc

163 1863 175 1875 ,
266 1797 400 1861 autem
430 1780 598 1861 arbitrio
627 1780 781 1862 domini
809 1778 962 1886 birgeri
991 1776 1146 1883 legiferi
1177 1778 1367 1885 vplandie
1396 1796 1436 1858 et
1464 1776 1634 1859 aliorum
1670 1774 1930 1859 discretorum
1957 1808 2038 1887 quos

222 1907 228 1917 ‘
266 1897 400 1971 secum
430 1889 483 1971 ad
512 1891 590 1973 hoc
619 1882 897 2000 deputauer'it,
926 1888 1191 1996 relinquimus
1221 1916 1293 1998 per
1322 1891 1430 1997 ipsos
1460 1888 1539 1969 fine
1576 1888 1714 1969 debito
1750 1890 2037 1987 terminandum,

267 2004 373 2081 sicut
390 2027 533 2083 coram
564 2002 642 2084 deo
669 2018 710 2081 et
739 2000 1075 2105 nobisrolueriut
1100 2001 1357 2104 respondere,
1386 2002 1533 2079 Datum
1553 2027 1660 2079 anno
1676 1999 1829 2081 domiui
1860 2002 2050 2083 ,arecu-

268 2114 401 2222 primo
436 2111 638 2193 dominica
666 2114 849 2221 proxima
879 2129 971 2220 post
997 2112 1266 2191 assensionem
1293 2110 1458 2191 domini.

167 2303 171 2318 ι
350 2256 396 2319 Pd
418 2229 591 2319 lldnsidant
613 2255 757 2323 uctoritas
778 2253 876 2335 Regis
897 2255 1057 2314 commissa
1078 2250 1206 2312 domino
1228 2250 1350 2332 birgero
1373 2263 1527 2335 paetaerson
1556 2236 1712 2315 diuidendi
1737 2252 1846 2340 predia
1869 2256 1897 2314 in
1920 2250 2038 2313 lucturum

271 2333 289 2356 ”
739 2340 818 2399 inter
839 2337 999 2397 ecelesiam
1021 2338 1117 2418 ipsam
1141 2331 1174 2398 dr
1196 2334 1292 2395 lilium
1321 2338 1440 2397 comitis
1467 2338 1598 2418 gerardj.
2041 2364 2043 2372 ι

646 2483 649 2489 ·
679 2451 801 2537 sigillet
822 2452 984 2516 bort-fallet
1005 2452 1073 2512 lriu
1096 2449 1155 2512 den
1178 2470 1215 2511 ur
1239 2450 1361 2514 brelret
1383 2453 1503 2537 klippta
1526 2474 1657 2515 rerusnn.

218 2912 225 2921 ,
278 2820 447 2963 1341.
510 2867 514 2873 ’
899 2816 1039 2923 1301
1090 2814 1136 2919 d.
1188 2820 1258 2921 25
1306 2816 1441 2920 Juni.
1785 2868 1793 2886 ·
1912 2816 2036 2919 Fanll.

349 3043 459 3105 Futura
479 3039 620 3101 Joassorts
641 3037 829 3118 s‘orlrlariog,
860 3048 905 3099 stt
927 3036 988 3097 lrnn
1012 3036 1057 3097 till
1088 3037 1315 3120 lrlrebislopeu
1348 3036 1408 3098 orb
1441 3037 1557 3122 Upsala
1588 3037 1761 3120 donrlyrla
1796 3039 1898 3100 alstdlt
1930 3039 1979 3099 deu
2003 3037 2037 3095 so'r

284 3126 288 3137 '
400 3123 566 3206 lanfdngen
588 3120 767 3204 spannemdl
790 3131 941 3202 pantsotta
963 3120 1144 3199 leatigbetrn
1169 3123 1176 3181 i
1200 3121 1312 3199 Telge,
1335 3121 1366 3180 sal
1390 3120 1437 3180 vat
1459 3127 1503 3184 sin
1523 3143 1608 3200 egen,
1631 3141 1695 3183 som
1709 3121 1785 3182 bans
1807 3123 1944 3198 broders,
1969 3121 2038 3181 Peter

268 3260 290 3282 ,,
399 3209 601 3287 Magnessam
621 3203 729 3282 eudel,
751 3204 874 3266 hrillen
895 3204 1023 3266 sedum
1044 3203 1105 3264 bun
1129 3203 1229 3266 lofrar
1252 3203 1321 3264 med
1344 3224 1445 3266 annau
1467 3207 1536 3286 jord
1557 3215 1678 3266 eredita.
1796 3283 1867 3338 Bw
1886 3283 1916 3338 πε

378 3422 580 3503 Omnibus
609 3413 812 3528 presentes
855 3421 1008 3500 litteras
1044 3421 1285 3528 inspecturis
1327 3443 1455 3502 rucco
1485 3445 1677 3517 raasson,
1718 3421 1884 3513 salutem
1921 3424 1955 3500 ia
1981 3418 2035 3499 do·

176 3591 184 3604 -
267 3534 711 3642 mino'sempiternam,
742 3533 1012 3612 Notumlacio
1029 3559 1100 3638 per
1116 3547 1339 3638 presenteS,
1369 3529 1479 3640 quod
1509 3550 1656 3612 terram
1687 3536 1725 3612 in
1757 3535 1918 3638 telgium
1939 3558 2034 3640 quan

266 3643 488 3725 venerabili
527 3645 635 3750 patri
663 3641 829 3725 domino
868 3642 1067 3752 upsalensi
1097 3661 1135 3722 et
1165 3644 1248 3722 eius
1286 3641 1448 3724 ecclesie
1479 3671 1552 3751 pro
1582 3645 1715 3726 decem
1747 3644 1855 3725 lestis
1883 3671 2035 3735 aratione,

266 3755 496 3836 valentibus
525 3770 623 3834 tunc
652 3754 946 3861 quinquaginta
977 3756 1120 3834 marcis
1135 3755 1390 3840 denariorum
1416 3755 1694 3862 inpigneraui‚
1725 3774 1764 3836 et
1794 3774 1966 3864 tempore
1981 3751 2034 3832 de·

266 3867 357 3948 bito
385 3893 468 3947 non
497 3866 666 3961 resolui,
694 3865 855 3946 acideo
885 3865 1076 3972 legittime
1104 3863 1296 3945 deuolute
1326 3881 1385 3943 est
1416 3863 1466 3944 ad
1496 3864 1700 3946 ecclesiam
1733 3869 1967 3977 vpsalensrnr
1984 3865 2034 3943 ¹ei·

266 3977 356 4059 dem
386 3976 551 4057 ecclesie
580 3978 725 4056 iterato
755 3974 880 4055 libere
912 3977 1030 4085 pleno
1072 3977 1160 4055 iure
1189 3978 1348 4084 assigno
1378 3986 1455 4060 tam
1488 4005 1573 4056 eam
1602 4006 1682 4088 que
1712 4008 1798 4060 mea
1829 3999 1910 4059 erat
1936 4002 2031 4086 qrram

267 4092 392 4172 eciam
422 4089 530 4167 illam
558 4085 610 4167 de
640 4087 896 4193 beneplacito
924 4087 1076 4168 domini
1108 4088 1241 4194 magni
1271 4087 1445 4194 gregorii
1483 4116 1562 4198 que
1591 4109 1676 4170 erat
1707 4091 1898 4170 karissimi
1925 4088 2033 4168 fratris

267 4200 347 4308 mej
376 4201 480 4307 petri
512 4216 772 4304 megacosmo,
802 4201 1040 4305 promittens
1077 4227 1138 4277 me
1167 4200 1276 4281 dicto
1322 4199 1436 4279 fratri
1480 4227 1567 4278 meo
1605 4221 1722 4309 petro
1771 4202 2031 4312 equiualeaten

221 4330 231 4347 ”
266 4330 415 4394 terram
443 4308 664 4392 secundum
707 4308 894 4417 placitum
924 4328 965 4390 et
993 4309 1207 4390 arbitrium
1250 4307 1403 4390 domini
1432 4309 1484 4390 at.
1518 4311 1685 4417 predicti
1730 4313 1970 4398 redditurum
1994 4310 2030 4385 ln

267 4424 382 4504 cuius
409 4425 467 4502 rei
495 4419 624 4500 robur
652 4436 693 4500 et
721 4417 968 4500 euidenciam
1010 4420 1185 4528 sigillum
1215 4449 1343 4504 meum
1376 4425 1629 4530 presentibus
1672 4441 1730 4504 est
1768 4450 1976 4535 appensum
2001 4432 2031 4495 et

104 4534 106 4541 ’
184 4601 188 4610 .
253 4533 442 4641 ‚sigillum
473 4532 644 4639 predicti
672 4532 824 4613 domini
844 4535 974 4640 magni
1009 4534 1048 4610 iu
1080 4533 1328 4615 euidenciam
1358 4561 1420 4613 sur
1449 4561 1665 4616 consensus
1688 4551 1781 4644 peto
1812 4531 2029 4644 presentibus
2063 4575 2066 4586 ι

195 4737 200 4745 ‚
267 4646 432 4752 apponi.
463 4645 611 4724 Datum
640 4641 736 4736 sanet
764 4669 873 4724 anno
902 4644 1054 4726 domini
1085 4643 1267 4726 acccc·
1301 4645 1443 4754 primo.
1475 4648 1514 4726 in
1545 4648 1720 4728 crastino
1744 4648 1846 4728 beati
1875 4640 2030 4726 iohannis

262 4755 453 4865 baptiste.
