4317 5975
940 428 998 451 ..
1074 381 1189 491 ·196
1301 426 1420 455 ...
1635 490 1640 497 Ι

267 560 490 745 ΗΜ
893 617 1044 759 1295
1092 613 1142 719 d.
1193 612 1260 722 28
1311 610 1426 718 Ort.
1542 623 1546 630 '
1898 613 2051 719 Rom.

253 876 274 919 g
337 835 657 999 Plkfgergoggpggchs
677 832 778 898 Vltus
798 832 903 916 Bulla,
933 833 1003 896 med
1026 828 1162 897 rittutnd
1184 835 1234 898 fiir
1254 833 1466 919 irie-Bislcp
1486 834 1553 897 utu
1573 834 1583 895 i
1604 831 1721 918 Upsala
1743 805 1789 895 att
1808 852 1884 895 rena
1907 831 2054 895 ositrade

1673 996 1851 1065 &aaa

138 1223 142 1232 ¹
389 1133 632 1217 Boutrsrrus
668 1134 884 1243 episcopus
925 1144 1065 1215 seruus
1102 1160 1313 1229 seruorum
1354 1134 1431 1217 dei.
1467 1119 1694 1214 ¹venerabili
1730 1129 1845 1211 fratri
1885 1129 2054 1211 Nicolao

257 1243 572 1353 Archiepiscopo
601 1244 835 1342 Vasalensi,
868 1244 1034 1327 salutem
1065 1260 1107 1324 et
1134 1245 1394 1353 apostolicam
1426 1241 1760 1325 benedictionem.
1811 1241 2054 1322 Deuotionis

255 1354 423 1438 affectus
452 1384 571 1465 quem
600 1274 654 1435 ad
681 1383 755 1436 nos
790 1373 831 1436 et
866 1354 1128 1467 apostolicam
1166 1356 1299 1436 sedem
1330 1373 1371 1435 te
1400 1381 1540 1465 gerere
1575 1354 1764 1435 nouimus
1792 1380 1866 1432 uos
1898 1350 2053 1432 inducit
2154 1380 2156 1386 ¹

255 1483 303 1546 ut
331 1466 407 1545 tibi
434 1466 646 1574 specialem
675 1466 847 1573 gratiam
877 1466 1081 1547 faciamus.
1113 1467 1214 1546 Cum
1244 1468 1381 1576 itaque
1408 1468 1513 1546 siout
1540 1492 1590 1545 ex
1619 1482 1736 1574 parte
1764 1479 1834 1544 tua
1851 1464 1932 1545 fuit
1962 1489 2053 1569 pro-

256 1577 433 1687 positum
462 1604 597 1657 coram
627 1578 762 1657 nobis.
786 1576 1021 1687 frequenter
1061 1578 1269 1685 contingat
1310 1576 1496 1657 ecclesias
1525 1590 1566 1657 et
1592 1579 1729 1657 earum
1760 1575 1957 1655 cimiteria
1987 1589 2052 1652 tue

257 1688 443 1770 Ciuitatis
472 1686 710 1781 et‚diocesis
739 1716 813 1797 per
842 1688 1079 1769 effusionem
1109 1688 1317 1795 sanguinis
1344 1686 1410 1767 uel
1438 1688 1602 1769 seminis
1616 1686 1762 1767 uiolari
1790 1686 1953 1794 tibique
1980 1681 2052 1763 dif-

257 1798 362 1880 ficile'
389 1800 442 1879 sit
468 1814 510 1877 et
536 1825 662 1905 graue
696 1798 898 1881 interdurn
928 1798 979 1879 ad
1009 1826 1055 1879 ea
1074 1795 1387 1879 reconcilianda
1416 1798 1607 1879 accedere
1634 1826 1726 1878 cum
1750 1796 1893 1878 eadem
1922 1792 2052 1874 dioce-

256 1912 308 1989 sis
337 1910 389 1989 sit
416 1906 574 1989 diffusa.
625 1911 710 1990 Nos
737 1912 818 1990 tuis
859 1910 1224 2019 supplicationibus
1256 1909 1456 2005 inclinati,
1494 1927 1538 1989 ut
1564 1907 1752 2006 ecclesias
1790 1923 1831 1986 et
1861 1906 2049 1987 cimiteria

179 2084 182 2091 ,
258 2036 494 2115 memorata,
525 2021 717 2129 quociens
746 2048 790 2100 ea
822 2022 956 2102 taliter
979 2019 1124 2100 uiolari
1152 2021 1369 2127 contigerit
1398 2036 1439 2101 et
1463 2036 1511 2100 tu
1539 2048 1585 2099 ea
1616 2017 1885 2128 personaliter
1914 2043 2051 2098 recon-

223 2172 227 2183 ’
258 2132 395 2213 ciliare
425 2132 658 2241 nequiueris
685 2134 813 2238 possis
842 2162 916 2243 per
944 2132 1121 2241 aliquam
1151 2159 1364 2238 personam
1385 2128 1582 2239 ydoneam
1611 2138 1651 2211 in
1682 2130 1880 2237 dignitate
1909 2128 2050 2210 cousti-

257 2259 384 2323 tutam
414 2268 460 2320 ea
489 2241 739 2323 reconciliari
767 2242 918 2342 facere,
947 2272 969 2323 a
998 2270 1079 2351 qua
1110 2241 1222 2349 prius
1252 2258 1298 2321 ut
1326 2243 1449 2321 moris
1471 2257 1532 2322 est
1562 2268 1634 2349 per
1662 2256 1703 2321 te
1732 2239 1948 2322 benedicta
1978 2237 2048 2318 tibi

258 2343 495 2435 auctoritate
537 2354 782 2462 presentium
820 2351 1093 2461 indulgemus,
1122 2351 1308 2432 volumus
1344 2372 1478 2433 tamen
1513 2350 1625 2462 quod
1664 2352 1947 2433 constitutioni
1974 2375 2048 2459 que
2093 2438 2104 2457 ι

206 2526 208 2537 .
258 2464 433 2572 precipit
461 2460 504 2543 id
533 2491 606 2571 per
635 2464 972 2573 Archiepiscopos
1001 2460 1066 2543 uel
1084 2464 1318 2571 ,Episcopos
1345 2462 1432 2543 fieri
1470 2461 1628 2545 tantum
1660 2490 1732 2570 per
1759 2464 1836 2543 boc
1868 2464 2049 2571 imposte·

256 2603 346 2655 rum
377 2571 535 2652 nullum
566 2572 832 2682 preludicium
862 2590 1089 2680 generetur.
1118 2572 1378 2655 Presentibus
1408 2593 1500 2681 post
1527 2576 1866 2683 Quinquennium
1895 2574 2049 2653 minime

255 2683 453 2765 ualituria
481 2684 629 2764 Datum
660 2685 784 2766 Rome
813 2683 923 2795 apud
950 2700 1132 2766 sanctum
1160 2686 1324 2787 Petrum
1354 2687 1391 2764 V
1420 2685 1498 2767 kal.
1529 2683 1772 2767 Nouembris
1795 2684 2048 2765 Pontificatus

256 2794 387 2901 nostrj
414 2798 532 2876 Anno
561 2796 708 2878 Primo.
1963 2790 1966 2796 ’

672 2991 674 2996 ,
833 2935 946 2999 Bullan
968 2932 1153 3014 bortfallen,
1174 2933 1365 3018 eegelgarnet
1385 2954 1471 3018 qrar.

635 3051 685 3114 Pa
705 3053 891 3138 uppveclret:
912 3054 958 3118 .F.
977 3051 1015 3117 R·
1059 3051 1109 3114 Pa
1119 3051 1314 3134 frdnsidau:
1335 3051 1509 3140 Helyaede
1530 3051 1666 3136 Spoleto.

98 3477 102 3484 ·
204 3367 208 3385 .
269 3417 435 3543 1145.
591 3343 593 3348 Ι
675 3547 679 3558 .
742 3527 746 3537 ,
895 3417 1044 3559 1295
1089 3411 1140 3563 d.
1189 3419 1262 3528 28
1310 3414 1423 3551 Oct.
1912 3417 2046 3522 Rom.
2155 3378 2156 3383 Ν

339 3637 456 3780 milen
478 3635 659 3782 1¹³⁰ssn⁰i¹³⁸
669 3635 779 3780 lellzs
810 3636 916 3715 Bnlla,
948 3657 1000 3697 om
1022 3644 1067 3698 ett
1088 3633 1126 3695 dr
1148 3633 1209 3697 oc‘b
1229 3635 1270 3714 4ο
1291 3637 1403 3720 dagars
1434 3635 1506 3700 aflet
1537 3639 1590 3706 tta,
1618 3637 1810 3720 botftrdiga,
1841 3657 1913 3700 som
1944 3633 2047 3717 basilla

421 3739 505 3802 psaa
557 3739 736 3801 amyra..
1920 3736 1924 3746 ’
2022 3767 2027 3774 ,

1673 3807 1710 3858 s.
1730 3822 1751 3858 t.
1771 3821 1794 3856 a.
1811 3804 1854 3874 41.

390 3936 633 4016 Bormum
662 3937 873 4043 episcopus
905 3947 1046 4016 seruus
1073 3948 1284 4017 seruorum
1312 3934 1389 4017 dei.
1446 3937 1654 4018 Uniuersis
1689 3938 1840 4020 Christi
1871 3933 2045 4016 fidelibus

257 4067 461 4156 presentes
491 4046 643 4126 litteras
671 4049 923 4155 inspecturis.
954 4046 1120 4128 salutem
1143 4067 1182 4130 et
1205 4048 1468 4155 apostolicam
1486 4047 1819 4130 benedictionem.
1850 4049 2043 4152 Uiteper·

255 4161 374 4239 enuis
398 4159 526 4272 gloria
556 4183 636 4266 qua
666 4159 766 4236 mira
796 4157 1023 4264 benignitas
1051 4158 1274 4239 conditoris
1315 4159 1495 4241 omnium
1538 4159 1696 4242 beatam
1730 4176 1901 4251 coronat
1929 4157 2042 4236 aciem

256 4270 406 4348 ciuium
434 4295 703 4375 supernorum
733 4296 755 4346 a
783 4266 1000 4377 redemptis
1041 4272 1196 4376 pretio,
1238 4271 1444 4374 sanguinis
1476 4269 1555 4351 fusi
1583 4269 1842 4379 depretioso
1879 4288 2042 4375 corpote

254 4377 520 4486 redemptoris
558 4381 790 4458 meritorum
826 4375 945 4461 debet
973 4383 1128 4488 acquiri
1157 4383 1332 4475 uirtute,
1371 4383 1585 4490 interque
1615 4381 2043 4490 illudessepregrau·

121 4523 128 4540 “
255 4492 305 4573 de
334 4490 558 4570 dinoscitur
586 4488 697 4597 quod
727 4489 878 4598 ubique
907 4492 974 4573 sed
1007 4493 1198 4598 precipue
1228 4493 1272 4572 in
1299 4507 1529 4572 sanctorum
1570 4492 1750 4600 ecclesijs
1778 4497 1961 4574 maiestas
1986 4483 2038 4562 al·

253 4602 394 4681 tissimi
423 4599 686 4682 collaudetur.
717 4601 933 4708 Cupientes
963 4605 1088 4709 igitur
1116 4620 1162 4683 ut
1180 4587 1626 4709 'Cathedralisecclesia
1652 4605 1871 4712 upsalensis
1899 4596 2038 4713 quein
2150 4652 2152 4655 -

252 4713 406 4794 honore
435 4713 642 4792 beatorum
678 4711 888 4791 Martirum
926 4713 1139 4820 Laurentij
1168 4729 1208 4795 et
1237 4715 1344 4817 Erici
1382 4713 1532 4795 dicitur
1571 4740 1654 4795 esse
1690 4714 2039 4799 constructa'con·

252 4825 363 4932 gruis
396 4822 619 4904 bonoribus
647 4821 946 4932 frequentetur,
990 4825 1179 4907 omnibus
1222 4852 1316 4905 uere
1359 4826 1634 4934 penitentibus
1662 4845 1701 4907 et
1729 4829 1941 4916 confessis,
1972 4814 2036 4925 qul

251 4935 302 5016 ad
330 4935 493 5017 eandem
522 4934 726 5016 ecclesiam
758 4933 894 5018 indie
925 4937 1032 5018 Cene
1060 4935 1234 5034 domini,
1263 4952 1304 5018 et
1331 4937 1497 5046 singulis
1526 4933 1802 5047 predictorum
1820 4934 2034 5022 Martirum,
