4317 5975
175 429 178 437 .

41 446 42 517 l
151 499 156 512 ,
261 505 265 513 .

41 522 42 529 ,

40 590 43 679 t

2032 413 2037 448 l
2048 429 2050 436 .

812 420 815 426 ¹
916 459 1072 502 ·-‘
1135 435 1216 520 666
1327 481 1382 503 -··
1452 479 1461 490 ν

264 673 454 781 '·1612.
569 730 576 752 ν
725 697 736 714 “
879 625 1059 815 '1309
1108 667 1156 774 d.
1211 709 1272 774 11
1325 669 1475 771 Mars.
1841 663 2038 818 Wiborg.

356 858 646 941 Konung'Brnoaas
667 857 772 941 appell
796 856 842 918 till
865 857 994 931 Pdsvcn,
1016 869 1100 919 emat
1123 857 1311 940 Bisloparne
1335 855 1479 936 Brynolls
1502 853 1511 914 i
1532 852 1632 916 Siara
1658 854 1717 918 och
1751 854 1853 918 Knuts
1873 860 1882 918 i
1901 858 2039 944 Iinldping

275 996 278 1003 .
400 941 553 1006 tilltfinlrla
572 936 799 1022 bannlysniug,
821 940 860 1026 pt
881 941 984 1022 grund
1005 942 1043 1003 uf
1060 941 1247 1020 Konungens
1268 940 1412 1018 oenigbet
1434 938 1505 998 med
1532 939 1596 998 sina
1624 937 1739 1002 briider
1773 939 1960 1018 Hertigarne,
1986 953 2041 1005 eutr

396 1026 572 1105 Konbngen
597 1022 665 1085 ioke
697 1024 752 1085 vill
783 1026 917 1086 erlflnna
940 1022 1010 1112 dem
1032 1023 1081 1086 ldr
1103 1025 1167 1086 sina
1189 1024 1334 1101 domare,
1357 1021 1489 1083 enledan
1509 1021 1578 1084 han.
1595 1021 1777 1084 misstdnler
1797 1023 1868 1084 dem
1894 1045 1958 1086 rara
1981 1025 2043 1088 ller-

399 1111 518 1190 tigarce
541 1107 683 1188 tillgifne.
1782 1186 1809 1239 A
1835 1205 1850 1258 7
1877 1205 1891 1240 Ι
1912 1192 1939 1254 ,)

386 1295 438 1373 Jn
468 1292 629 1373 nomine
663 1289 816 1375 domini
853 1321 986 1390 amen,
1037 1319 1146 1374 auno
1182 1288 1354 1371 eiusdem
1396 1289 1627 1386 Millesimo,
1669 1289 1791 1372 CCC⁰
1812 1290 1902 1389 1Χο,
1927 1294 2045 1401 quinto

274 1403 375 1485 Jdus
403 1403 562 1499 Marcii,
592 1401 691 1482 Cum
730 1432 804 1484 nos
833 1405 889 1493 ,lt
926 1403 989 1485 dei
1019 1404 1152 1510 gracia
1193 1428 1394 1484 sweorum
1438 1401 1737 1512 gothorumque
1778 1401 1864 1480 Rex
1906 1432 2047 1486 essemus

273 1514 450 1622 vibergis
484 1515 528 1623 jn
563 1513 686 1622 juscia
730 1517 953 1609 constituti,
997 1542 1073 1623 pro
1118 1514 1248 1622 primo
1287 1512 1608 1620 jutelleximusa
1639 1512 1826 1622 pluribus
1855 1513 2049 1622 fidedignis,

272 1623 455 1708 discretis
482 1641 523 1704 et
548 1624 785 1704 reuerendis
813 1628 1014 1733 personis,
1043 1623 1155 1736 quod
1186 1623 1431 1704 venerabiles
1461 1641 1596 1732 patres
1612 1625 1778 1720 ,domini
1800 1625 1853 1707 .Β.
1874 1629 2048 1707 scarensis

272 1753 313 1816 et
342 1739 406 1818 .Κ.
433 1737 677 1844 'lincopensis
705 1737 904 1844 episcopi,
941 1755 1083 1817 contra
1120 1764 1194 1816 nos
1229 1734 1451 1842 intendunt
1478 1733 1720 1844 judicialiter
1756 1735 1987 1842 procedere,
2021 1755 2052 1820 et

271 1847 318 1959 jn
348 1874 422 1927 uos
450 1847 671 1927 sentencias
716 1851 910 1928 nescimus
951 1845 1178 1954 cuiusmodj
1221 1845 1454 1942 fulminare,
1498 1864 1719 1927 asserentes
1760 1875 1825 1950 se⁴
1845 1845 1988 1954 judices
2021 1864 2051 1928 et

168 1971 173 1978 '
271 1986 546 2057 concausam
587 1972 632 2035 vt
659 1985 818 2039 causam
861 1958 1079 2064 allegantes
1108 1957 1294 2037 videlicet
1323 1957 1434 2067 quod
1467 1985 1539 2038 nos
1568 1977 1707 2039 contra
1738 1955 1883 2040 fratres
1918 1953 2052 2040 nostros

273 2068 397 2148 duces
425 2066 710 2176 deliquerimus
747 2085 789 2147 et
817 2087 933 2178 pacta
976 2098 1066 2149 cum
1109 2069 1165 2150 eis
1211 2067 1313 2176 jnita
1357 2096 1437 2147 non
1481 2073 1777 2150 seruauerimus
1818 2098 2053 2180 usquequam.

132 2253 141 2260 .
272 2178 382 2259 vnde
411 2181 506 2289 quia
537 2178 615 2258 deo
644 2194 686 2258 et
714 2182 963 2259 consciencia
994 2198 1126 2260 nostra
1157 2179 1342 2276 testibus,
1362 2207 1435 2260 nos
1464 2208 1558 2288 erga
1582 2181 1727 2261 fratres
1743 2199 1902 2261 nostros
1916 2197 2053 2288 reputa-

272 2296 362 2369 mus
393 2307 432 2369 et
461 2292 606 2369 scimus
637 2317 801 2395 prorsus
816 2289 1026 2398 jnnoxios,
1054 2307 1095 2370 et
1124 2289 1276 2370 domini
1306 2292 1485 2399 episcopi
1518 2291 1739 2398 supradicti
1773 2293 1902 2372 nostri
1929 2290 1969 2398 jn
1993 2291 2053 2397 hijs

273 2400 430 2508 judices
459 2427 540 2479 non
570 2401 771 2496 existunt,
802 2402 865 2482 vel
895 2401 992 2480 dato
1034 2404 1120 2482 sine
1164 2419 1303 2480 nostro
1342 2402 1571 2509 preiudicio
1613 2400 1726 2512 quod
1771 2429 1840 2483 eos
1885 2418 2053 2510 appareat

2118 473 2121 642 Ι

272 2537 356 2591 esse
386 2505 541 2618 judice's
569 2539 738 2619 quoquo
768 2512 909 2606 modo,
938 2529 1032 2591 sunt
1062 2529 1192 2591 tamen
1223 2512 1341 2592 nobis
1372 2513 1557 2618 pluribus
1577 2512 1637 2600 ,dc
1661 2516 1792 2594 causis
1819 2529 1862 2592 et
1886 2531 1987 2593 certa
2006 2539 2055 2590 ra·
2120 2567 2121 2602 ,

173 2685 179 2691 .
272 2622 388 2701 cione
433 2623 628 2728 suspecti,
679 2624 934 2731 vtpotequi
965 2622 1158 2714 fratribus
1189 2621 1335 2704 nostris
1362 2622 1533 2706 ducibus
1553 2640 1593 2703 et
1623 2651 1704 2731 per.
1726 2624 1843 2705 fidem
1873 2641 1914 2704 et
1942 2619 2055 2716 homar

2119 2603 2121 2628 t

2119 2669 2121 2712 l

272 2732 382 2838 gium
413 2747 605 2811 tenentur
633 2735 804 2827 astricti,
834 2761 907 2814 uec
935 2734 979 2841 jn
1010 2734 1086 2842 hijs
1114 2735 1175 2812 vel
1207 2735 1297 2840 alijs
1327 2734 1548 2846 quidquam
1580 2733 1732 2814 faciunt
1757 2734 1872 2845 quod
1903 2736 2055 2844 ipsorun

271 2843 442 2922 fratrum
473 2837 701 2923 nostrorum
733 2842 912 2926 offendat
953 2845 998 2953 ju
1028 2845 1164 2955 aliquo
1209 2848 1474 2942 voluntatem,
1509 2863 1549 2926 ct
1585 2845 1631 2953 jn
1676 2848 1859 2954 ipsorum
1903 2843 2055 2948 consiliis

271 2970 312 3033 et
354 2954 593 3036 tractatibus
633 2972 727 3035 sunt
770 2959 973 3065 precipui,
1025 2986 1129 3067 quos
1172 2960 1296 3038 eciam
1342 2957 1485 3037 fratres
1528 2975 1686 3039 nostros
1730 2957 1855 3040 duces
1885 2957 2057 3039 ebulliens

271 3093 555 3173 peruersorum
585 3068 735 3147 malicia
767 3071 895 3149 nostri
923 3069 1087 3160 honoris
1118 3068 1213 3151 lecit
1242 3070 1392 3152 emulos
1421 3072 1523 3149 sicut
1562 3072 1841 3177 experimento
1887 3070 2056 3179 probaui·

272 3206 383 3272 mus,
412 3191 453 3257 et
480 3204 678 3257 venenose
709 3180 975 3287 suggestionis
1015 3181 1199 3288 jnductio
1229 3198 1364 3261 nostre
1406 3181 1562 3261 iusticie
1600 3182 1718 3261 simul
1762 3200 1802 3262 et
1845 3182 2058 3288 junocencie

273 3289 367 3368 fecit
394 3286 580 3391 jufestos,
609 3305 703 3367 sunt
732 3305 771 3367 et
800 3292 877 3369 alie
898 3293 1139 3398 suspicionis
1167 3320 1284 3373 cause
1323 3290 1372 3373 de
1415 3292 1564 3403 quibus
1611 3295 1800 3373 omnibus
1829 3310 1873 3373 et
1903 3296 2056 3401 ipsomn
2119 3336 2121 3395 t

89 3434 95 3441 ·
215 3472 222 3499 ,
271 3399 441 3505 singulis
470 3426 680 3505 possumus
709 3415 749 3477 et
778 3402 963 3481 volumus
990 3432 1036 3481 ao
1065 3402 1272 3481 ollerimus
1303 3398 1375 3481 nos'
1406 3432 1480 3510 pro
1510 3403 1601 3488 loco
1619 3420 1662 3483 et
1683 3420 1870 3513 tempore
1888 3404 2056 3513 legittime
2120 3436 2121 3487 t

2119 2998 2121 3085 Ι

271 3510 513 3617 perdocere,
541 3524 582 3586 et
610 3509 699 3615 jura
731 3511 905 3590 clamant
934 3514 1201 3619 periculosum
1232 3540 1318 3593 esse
1351 3543 1485 3593 coram
1521 3518 1715 3625 suspectis
1749 3516 1959 3624 judicibus
1997 3517 2057 3593 liti·

269 3646 387 3726 gare,
418 3619 479 3698 Ne
510 3622 716 3699 memorati
746 3622 926 3729 episcopi
967 3626 1301 3704 comminaciones
1330 3652 1422 3703 suas
1451 3626 1623 3733 prelatas
1659 3627 1813 3708 ducant
1852 3627 2058 3737 aliqualiter

272 3730 321 3809 ad
351 3728 561 3824 eflectum,
592 3748 734 3811 contra
765 3761 837 3811 nos
860 3734 1018 3842 aliquid
1048 3733 1099 3814 de
1128 3736 1235 3817 facto
1265 3765 1353 3815 cum
1385 3734 1434 3817 de
1463 3737 1553 3843 jure
1589 3764 1671 3818 non
1708 3738 1873 3819 valeant
1910 3756 2058 3843 attenp

271 3840 417 3935 tand0,
446 3868 496 3919 ex
524 3839 673 3950 quibus
690 3844 968 3925 'verisimiliter
997 3847 1180 3927 timemus
1208 3868 1249 3929 et
1279 3848 1542 3955 probabiliter
1570 3852 1822 3958 suspicamur
1854 3879 1931 3929 nos
1965 3873 2058 3958 possa

155 4018 168 4027 .
271 3951 454 4058 indebite
497 3957 752 4060 pregrauari,
796 3955 929 4035 sedem
966 3959 1226 4063 apostolicam
1264 3960 1512 4065 appellamus
1541 3976 1582 4040 et
1619 3988 1894 4068 prouocemus
1928 3961 1969 4069 jn
1997 3958 2058 4065 hijs

224 4084 234 4091 ·
271 4064 453 4169 scriptis,
488 4091 562 4143 nos
591 4081 632 4143 et
659 4064 748 4169 jura
778 4082 914 4145 nostra
945 4071 1076 4146 omnia
1107 4069 1149 4176 jn
1181 4073 1362 4177 personis
1392 4090 1432 4151 et
1460 4070 1581 4151 rebus
1608 4066 1891 4180 supponentes
1912 4092 1951 4153 et
1969 4098 2057 4151 com·

270 4176 475 4254 mittentes
503 4177 743 4282 protectioni
773 4174 877 4255 sedis
906 4178 1096 4259 eiusdem.
1137 4200 1176 4259 et
1213 4182 1416 4288 apostolos
1446 4182 1594 4289 jterum
1637 4203 1759 4292 atquc
1797 4186 1949 4292 jterum
1984 4206 2055 4262 cun

270 4284 465 4392 instancia
493 4303 677 4393 petentes
704 4290 736 4365 si
766 4290 924 4395 estqui
953 4317 1022 4368 eos
1051 4288 1147 4369 dare
1178 4295 1303 4399 possit
1331 4310 1371 4371 et
1400 4294 1544 4375 debeat
1574 4293 1623 4375 de
1651 4294 1740 4400 jure
1770 4298 1833 4377 vel
1866 4296 1919 4376 de
1947 4297 2057 4383 lacto,

272 4412 314 4474 et
342 4396 511 4475 vlterius
532 4398 658 4475 eciam
686 4414 821 4502 petere
849 4398 1105 4505 juteudentes
1136 4402 1224 4481 loco
1254 4424 1294 4485 et
1326 4421 1506 4511 tempore
1544 4408 1767 4512 bportunis.
1843 4408 2055 4488 Terminuu

272 4521 405 4587 autem
435 4507 529 4586 huic
559 4523 695 4585 nostre
723 4509 993 4614 appellacioni
1024 4514 1254 4619 prefigimus
1284 4544 1407 4595 vnum
1437 4544 1582 4597 annum
1615 4516 1878 4625 jucipientem
1918 4536 1957 4597 et
1983 4540 2056 4595 cur·

266 4618 493 4721 ¹rentemab
513 4618 650 4698 eodie
679 4635 719 4696 et
750 4635 931 4727 tempore
960 4651 1044 4730 quo
1073 4641 1216 4704 contra
1250 4629 1374 4733 ipsam
1405 4630 1618 4733 contigerit
1646 4629 1800 4741 aliquid
1829 4626 2053 4737 attemptari.

213 4769 216 4775 ·
272 4726 543 4808 Protestamur
572 4731 698 4809 eciam
726 4731 888 4837 publice
915 4732 961 4840 jn
990 4733 1067 4841 hijs
1085 4739 1256 4842 ¹scriptis
1284 4738 1394 4845 quod
1426 4739 1530 4825 hanc
1552 4756 1727 4820 nostram
1753 4742 2051 4849 appellacioueu

272 4838 480 4942 notificare
507 4838 760 4945 intendimus
789 4871 879 4923 cum
915 4847 1086 4953 primum
1127 4876 1338 4955 possumus
1375 4851 1573 4957 episcopis
1622 4855 1863 4933 memoratis.
1936 4854 2053 4931 Testes

233 4983 236 4988 '
271 4988 545 5009 n*-

310 5054 336 5131 *)
359 5048 486 5132 integen
508 5049 517 5110 i
540 5048 756 5113 meddelandet
778 5052 826 5114 till
846 5046 1072 5140 libebislo'pen
1095 5057 1104 5117 i
1127 5017 1262 5142 Upsala‚
1283 5078 1305 5119 s.
1326 5058 1354 5119 d.
1389 5060 1436 5126 Se
1457 5060 1523 5145 fdlj.
1543 5062 1602 5124 llto
1627 5060 1715 5126 1613.
1747 5068 1748 5073 ’
