4317 5975
750 371 882 503 '-,·.
980 414 1061 525 aas¹
1173 459 1232 481 .-

114 630 261 707 cantor
290 632 331 697 et
358 632 572 701 succentor
600 617 794 729 puniatur
822 620 864 703 in
904 618 1032 730 duplo
1059 633 1086 708 1
1113 627 1218 709 Jtem
1251 628 1500 737 quicumque
1526 624 1676 735 uigiliis
1703 627 1925 733 triumlecq

94 729 280 813 *tionum
308 756 392 810 non
420 728 649 814 interfuerit
677 730 810 813 soluat
839 730 1029 831 obulum,
1060 738 1136 845 qui
1164 763 1262 819 vero
1289 767 1318 836 a,
1343 738 1491 847 vigiliis
1517 736 1578 821 IX
1606 738 1825 835 lectionum
1845 735 1924 823 da⁴

116 838 244 921 suerit
271 838 406 923 soluat
433 840 661 941 denarium,
690 836 939 955 quicumque
960 871 1051 949 non
1086 848 1317 934 interfuerit
1351 852 1598 959 processioni
1632 842 1766 939 soluat
1799 849 1923 959 dona·

114 951 223 1033 rium
249 958 273 1031 1
298 948 649 1038 Ebbdomadarius
677 952 861 1037 officium
887 973 1099 1063 peractum
1127 959 1307 1044 absentes
1330 976 1449 1052 notat
1476 978 1517 1043 et
1544 961 1641 1044 false
1671 962 1847 1071 legentes
1880 981 1923 1057 et
1996 958 2004 972 ’

113 1077 329 1147 cantantes
358 1063 401 1143 in
437 1063 583 1145 officiis
623 1062 676 1145 ad
717 1092 799 1175 que
841 1068 1027 1175 asscripti
1054 1085 1151 1150 suut
1186 1071 1220 1151 si
1255 1082 1391 1154 autem
1428 1071 1739 1170 ebdomadarius
1774 1076 1819 1157 in
1842 1072 1922 1160 hiis

115 1199 164 1257 se
190 1172 461 1284 negligentem
491 1173 712 1277 ostenderit
739 1175 882 1259 fauore
910 1178 976 1259 vel
1006 1182 1144 1289 precio
1171 1208 1243 1263 seu
1270 1182 1478 1266 obliuione
1506 1211 1589 1272 non
1616 1174 1851 1268 recitauerit
1877 1185 1949 1269 et'

115 1285 163 1379 in
191 1284 373 1395 capitulo
408 1312 491 1368 non
520 1288 773 1379 accusauerit
810 1289 1005 1396 puniatur
1040 1291 1129 1401 jpse
1165 1293 1206 1373 in
1245 1308 1404 1378 tantum
1446 1292 1641 1401 soluendo
1668 1295 1792 1406 quam
1826 1323 1920 1381 reus
2045 1289 2052 1303 ’

10 1410 13 1413 ’
114 1412 179 1484 est
207 1396 414 1479 soluturus
443 1406 468 1479 1
495 1398 569 1508 qui
604 1398 780 1481 emiserit
809 1397 942 1483 dicere
970 1404 1159 1485 maiorem
1188 1405 1346 1487 missam
1373 1434 1465 1489 cum
1494 1408 1622 1515 ipsam
1658 1421 1818 1492 tenetur
1856 1406 1926 1488 dia
2151 1412 2155 1417 ’

114 1533 210 1591 cere
238 1536 290 1587 cx
317 1506 458 1588 officio
486 1515 680 1619 puniatur
707 1508 758 1591 ad
787 1511 999 1595 arbitrium
1028 1516 1246 1623 superioris
1274 1534 1315 1599 et
1343 1515 1605 1600 nihilominus
1633 1514 1694 1599 illi
1719 1518 1919 1629 quitunc

115 1618 210 1703 looo
238 1620 301 1699 sui
318 1620 488 1711 ¹missam
517 1618 666 1703 dixerit
693 1620 853 1704 soluere
881 1624 1148 1733 compellatur
1176 1628 1277 1709 duas
1304 1655 1409 1713 oras.
1445 1622 1449 1627 ’
1529 1624 1533 1629 ’

231 1740 258 1812 1
286 1730 388 1811 Cum
417 1732 642 1843 ¹sequencia
672 1730 843 1816 dicenda
872 1733 1066 1819 fueritin
1094 1736 1285 1821 choroet
1319 1740 1485 1849 propria
1497 1740 1712 1852 sequencia
1724 1739 1919 1849 asscripta

115 1869 199 1923 non
243 1841 386 1938 fuerit,
407 1842 649 1924 absentibus
676 1845 880 1926 canonicis
908 1874 1031 1955 super
1067 1848 1252 1934 habenda
1287 1848 1598 1953 ebdomadarius
1619 1850 1653 1964 *J
1682 1851 1918 1964 requiratur

114 1963 142 2038 1
174 1950 229 2033 ad
262 1954 455 2051 cantoris
481 1952 663 2037 officium
702 1969 857 2063 spectat
893 1958 1049 2038 missam
1084 1959 1219 2042 dicere
1255 1961 1532 2063 matutinalem
1568 1960 1758 2047 laudibus
1795 1960 1919 2045 finitis

115 2068 161 2145 in
212 2062 340 2144 choro
383 2080 423 2148 et
480 2084 697 2173 propterca
748 2091 831 2165 non
873 2066 1079 2175 obligatur
1129 2087 1173 2150 vt
1221 2072 1409 2158 laudibus
1451 2075 1656 2171 intersint,
1696 2073 1773 2155 sed
1826 2074 1920 2183 ipso.

114 2172 329 2259 recedente
357 2191 572 2262 succentor
602 2173 819 2286 precedens
848 2179 1055 2288 supplebit
1084 2180 1267 2266 officium
1301 2175 1420 2268 sunm
1448 2187 1501 2267 Jn
1527 2186 1777 2299 simplicibus
1805 2183 1934 2284 festia
2115 2267 2117 2270 ,

90 2288 177 2369 -tx
213 2286 431 2385 lectionum
460 2314 530 2369 seu
567 2316 697 2398 quum
739 2286 888 2371 chorus
931 2291 1088 2401 regitur
1110 2322 1200 2402 -per
1244 2294 1347 2398 duos
1383 2314 1569 2380 cantores
1605 2300 1659 2379 Jn
1697 2294 1918 2379 maioribus

116 2424 215 2482 vcro
244 2412 388 2477 cantor
416 2400 591 2490 ascribat
621 2400 711 2481 loco
739 2399 800 2482 sui
829 2427 949 2509 quem
992 2406 1245 2510 reputauerit
1284 2423 1437 2516 aptum.
1510 2408 1766 2491 Ceteruma
1811 2404 1918 2487 festo

118 2509 226 2593 beati
254 2511 416 2590 martini
443 2536 570 2621 usque
598 2510 649 2593 ad
681 2509 828 2620 pascha
856 2530 1000 2611 cantor
1028 2516 1107 2595 erit
1133 2515 1236 2600 liber
1272 2515 1322 2599 de
1364 2508 1501 2627 prima
1537 2537 1578 2601 ct
1620 2515 1699 2602 hoc
1735 2536 1917 2627 tempore

115 2621 222 2732 legat
247 2637 477 2707 *succentor
521 2619 743 2705 lectionem
787 2624 827 2703 in
871 2625 1001 2753 prima
1030 2634 1057 2706 1
1085 2627 1201 2725 Missa
1246 2617 1502 2737 matutinalis
1531 2634 1573 2713 in
1610 2631 1720 2716 feriis
1758 2624 1916 2738 legatur

111 2734 158 2815 in
189 2731 375 2815 omnibus
403 2750 537 2818 autem
566 2734 676 2829 festis
705 2734 764 2815 IX
794 2732 1011 2833 lectronurn
1048 2738 1160 2817 etin
1195 2739 1305 2820 feriis
1339 2760 1380 2823 ct
1412 2742 1589 2826 sabbatis
1623 2739 1784 2825 dicatur
1823 2766 1917 2821 cum
2035 2830 2038 2833 ,
2072 2817 2076 2823 ,

116 2861 214 2929 nota
242 2850 432 2925 omittens
461 2861 604 2941 cantor
632 2871 719 2945 earn
749 2846 879 2953 legere
906 2844 1040 2940 soluat
1068 2874 1179 2929 oram
1215 2842 1472 2955 denariorum
1510 2852 1561 2934 de
1596 2882 1677 2963 qua
1712 2848 1942 2962 'presbiter‘
2093 2850 2109 2950 .'

114 2954 427 3042 suumofficium
454 2943 660 3068 complens
675 2956 848 3049 solidum
866 2955 958 3038 den.
982 2960 1150 3068 ‚recipiat
1165 2961 1365 3073 reliquum
1380 2991 1478 3045 vcro
1493 2959 1915 3052 communitaschorm
2006 2997 2008 3006 ¹

115 3072 216 3154 lium
244 3077 270 3152 1
305 3068 495 3152 omittens
529 3096 616 3164 eam
644 3088 808 3152 cantare
836 3066 970 3152 soluat
996 3071 1036 3150 11
1065 3099 1156 3154 oras
1178 3071 1230 3156 de
1257 3075 1407 3186 quibus
1432 3075 1640 3184 supplens·
1663 3072 1832 3184 recipiat
1874 3071 1917 3154 Π

115 3180 270 3267 solidos
296 3177 553 3264 denariorum
585 3180 785 3292 reliquum
814 3206 912 3262 vero
940 3184 1205 3280 communitas
1236 3185 1517 3270 choraliums
1556 3185 1626 3283 Ad,
1666 3184 1915 3275 succentoris
2003 3201 2006 3205 ’

116 3309 274 3403 spectat
302 3289 483 3372 officium
539 3319 635 3374 uum
659 3292 780 3376 missa
792 3287 915 3372 fuerit
937 3290 1119 3379 dicenda,
1134 3297 1241 3391 inter
1258 3297 1433 3406 primam
1458 3315 1506 3394 et,
1520 3299 1684 3381 terciam
1704 3325 1792 3379 eam
1807 3292 1914 3376 dicat
1966 3290 1968 3299 ’

116 3407 192 3518 qui
220 3407 254 3486 si
283 3429 371 3484 enm
399 3429 483 3483 non
506 3321 653 3500 dixerit
673 3404 865 3513 puniatur
888 3403 931 3482 in
961 3403 1094 3487 tribus
1118 3409 1200 3488 oris
1213 3408 1472 3492 denariorum
1489 3406 1539 3491 de
1556 3409 1706 3521 quibus
1721 3405 1915 3520 supplens

115 3517 287 3624 recipiat
306 3503 417 3596 orarit
434 3513 634 3626 reliquum
649 3515 916 3598 communitas
930 3514 1171 3621 choralium=
1189 3530 1213 3603 1
1250 3519 1431 3618 officium
1458 3523 1585 3602 eciam
1613 3526 1699 3603 eius
1715 3536 1775 3606 est
1796 3515 1915 3619 tabu·¹

118 3629 200 3710 lam
228 3628 404 3708 scribere
431 3653 513 3735 quc
539 3627 573 3710 si
609 3629 758 3736 scripta
802 3652 884 3707 non
920 3623 1044 3710 fuerit
1077 3646 1172 3726 ante
1208 3639 1378 3741 primam
1416 3633 1689 3740 pulsacionem
1725 3656 1914 3740 vespera·

9 3810 14 3819 .
119 3767 210 3822 rum
239 3736 372 3818 soluat
400 3753 445 3818 vt
472 3737 514 3816 in
543 3735 653 3818 festis
681 3735 930 3846 simplicibus
960 3749 984 3822 1
1014 3743 1087 3850 qui
1120 3769 1218 3825 vcro
1246 3768 1329 3826 non
1353 3741 1493 3842 fecerit
1521 3743 1704 3824 officium
1732 3736 1784 3822 ad
1799 3737 1915 3869 quod
2058 3748 2063 3778 ⁸

117 3847 345 3958 asscriptus
366 3865 426 3930 est
454 3849 498 3928 in
526 3846 665 3930 tabula
696 3851 889 3959 puniatur
917 3848 960 3928 in
996 3851 1246 3962 simplicibus
1286 3852 1398 3934 festis
1433 3854 1477 3935 in
1512 3853 1638 3934 obulo
1672 3852 1717 3932 in
1751 3853 1914 3950 mareri·
1971 3861 1974 3865 ’

117 3963 196 4044 bus
225 3987 333 4042 vero.
350 3958 393 4040 in
421 3957 588 4050 denario
625 3976 665 4042 et
698 3960 892 4071 supplens
925 3987 1042 4046 suum
1078 3956 1260 4047 officium
1295 3965 1463 4073 recipiat
1505 3961 1795 4061 dimidietatem
1836 3960 1912 4075 ¹¹¹¹?

117 4071 410 4182 iussreliquum
439 4097 536 4152 vero
565 4071 830 4156 comnmnitas
858 4068 1080 4154 choralium
1110 4084 1135 4157 1
1171 4077 1417 4185 Quicunque
1451 4077 1578 4158 eciam
1615 4077 1705 4157 ocio
1738 4088 1913 4184 torpent
1966 4151 1980 4167 ,

74 4283 77 4288 ,
118 4178 421 4269 confabulando
449 4180 638 4281 sedendo,
666 4178 920 4278 dormiendo,
948 4185 1012 4266 ve'l
1042 4185 1140 4265 alias
1162 4213 1208 4277 se
1237 4188 1410 4292 inaniter
1435 4187 1784 4297 occupandonon
1806 4183 1913 4292 leges·
2052 4235 2055 4238 ·

115 4300 173 4376 rit
201 4296 266 4376 rel
293 4296 519 4378 cantauerit
552 4295 730 4388 monitus
764 4295 898 4379 soluat
916 4295 1103 4378 ,obulum
1139 4299 1181 4378 in
1215 4296 1342 4394 feriis,
1377 4299 1419 4380 in
1454 4297 1566 4394 festis
1591 4299 1659 4396 „tx
1694 4298 1914 4386 lectionum

119 4406 333 4490 denarium
360 4423 402 4486 et
429 4405 472 4506 in
499 4407 718 4490 maioribus
746 4404 849 4488 duos
884 4395 1070 4490 denarios
1099 4414 1124 4491 1
1159 4410 1406 4518 Quicunque
1435 4410 1477 4490 in
1494 4411 1638 4504 *choro
1674 4407 1913 4521 insolencias
1984 4444 1987 4451 ·
2093 4465 2096 4469 »

119 4513 262 4602 fecerit
290 4517 613 4628 quamuisleues
644 4517 700 4610 ad.
734 4521 1014 4612 testimonium
1038 4519 1221 4602 duorum·
1241 4522 1374 4602 soluat
1400 4519 1573 4622 solidum
1603 4520 1677 4636 “)‚
1697 4522 1778 4631 qm‘
1813 4545 1912 4604 uero
2053 4587 2057 4592 .
2151 4561 2155 4565 ·

120 4629 323 4710 notabiles
358 4627 499 4714 fecerit
529 4628 769 4718 insolencias
796 4632 859 4724 ita·
895 4627 1006 4744 quod
1040 4651 1120 4728 nox
1149 4631 1212 4722 vel
1239 4635 1433 4741 strepitus
1460 4637 1610 4742 poterit
1637 4633 1772 4717 audiri
1799 4649 1913 4717 extra
2040 4635 2043 4637 *
2098 4729 2102 4746 ι

16 4829 18 4834 ,
118 4741 289 4824 eborum
317 4739 450 4822 soluat
477 4764 590 4826 oram
608 4738 877 4826 denariorum
905 4739 1122 4828 leuandum
1161 4769 1234 4854 per
1263 4743 1432 4840 chorum
1460 4755 1487 4827 1
1513 4744 1577 4828 nd
1612 4771 1787 4829 summas
1815 4746 1914 4828 mis·

161 4931 189 5011 *)
211 4929 466 4994 Ebdcmadarius
486 4939 525 4995 ar
544 4933 732 5018 tillskrr'suet
752 4934 826 5000 med
844 4957 947 4999 onnon
969 4919 1063 5000 baad.
1106 4936 1150 5015 ’Ἴ
1166 4909 1311 5000 solidum
1333 4939 1371 4999 ἓν
1390 4935 1576 5021 tillrlrrr'fnct
1596 4934 1670 5001 mart
1688 4893 1793 5002 arr-nan
1812 4934 1915 5014 und,

201 5015 219 5076 ι’
237 5015 338 5078 stillet
349 5014 418 5097 fiir
437 5013 613 5094 denarium.
1866 5075 1869 5078 ,
