4317 5975
994 386 1242 482 *3480
1353 412 1408 447 ⁴

302 618 506 717 posterum
535 601 781 715 aliquatinus
809 598 1024 713 inpetatur.
1061 607 1117 687 Vt
1143 622 1274 684 autem
1307 602 1485 713 predicta
1518 590 1934 713 maiorcm'optineant
1957 614 2068 705 lirni-⁴

299 736 443 827 tatem,
475 735 680 827 presentes
722 717 876 797 litteras
915 716 1077 826 sigillis,
1122 716 1282 801 discreti
1312 717 1387 795 viri
1429 714 1580 795 domiui
1624 716 1727 807 niari
1756 718 1937 800 Canonici
1960 752 2048 833 vpsa·

299 831 431 911 lensis.
469 827 718 911 accinitatis
751 824 1056 909 stocholmeusis
1092 830 1265 936 petimus
1296 827 1491 906 roborari.
1550 827 1697 905 Datum
1727 830 1923 911 stocholm.
1960 838 2051 917 Anno

299 937 464 1032 domiui.
495 942 569 1023 Μ’.
598 938 732 1020 CCC⁰.
763 939 898 1021 Sexto.
929 941 1139 1019 Dominica
1168 938 1299 1019 Prima
1330 938 1530 1019 aduentus
1559 936 1725 1020 domini.
2046 966 2050 975 ⁴

918 1080 922 1085 ’
993 1082 1120 1164 Sigillen
1144 1080 1238 1163 negot
1259 1078 1402 1144 sladade.

306 1534 477 1649 1521.
938 1518 1079 1634 1306
1128 1522 1177 1635 d.
1233 1532 1298 1647 13
1345 1524 1467 1635 Dec.
1516 1546 1536 1588 ²
1906 1526 2052 1643 Nessia.

376 1753 463 1813 oeta
484 1753 716 1813 Tnnrsnorruas
738 1750 915 1812 Gdlvobref
931 1751 971 1834 pi
993 1750 1137 1811 Jersslt'isa
1160 1750 1248 1830 gurd,
1272 1750 1318 1811 till
1341 1750 1413 1810 lb'da
1441 1748 1499 1809 och
1523 1748 1631 1811 lltder
1652 1750 1702 1813 l'o'r
1724 1745 1839 1813 henues
1860 1752 1869 1813 i
1890 1754 1985 1817 Wrela
2002 1754 2052 1819 llo·

428 1847 490 1901 ster
510 1836 607 1895 sdsorn
630 1839 740 1897 llunna
762 1836 914 1913 iogdngna
937 1835 1039 1895 dotter
1058 1833 1228 1911 christina,
1251 1834 1311 1893 och
1334 1843 1379 1893 ott
1399 1832 1475 1895 etrer
1498 1832 1611 1893 bennes
1644 1834 1707 1894 dud
1738 1833 1861 1896 tilllalla
1889 1838 1997 1901 llostret
2021 1842 2053 1903 tu

419 1918 523 1999 ,artiga
544 1918 730 1998 sja'tlamltssor
751 1919 838 1980 lilter
858 1917 1051 1999 giluauiouau
1073 1929 1152 1977 sarnt
1174 1917 1289 1979 lrennes
1309 1916 1469 1995 miringat·
1491 1916 1550 1977 och
1573 1916 1718 1978 liirlbder.

1819 2038 1957 2115 ¹nat.

403 2172 611 2252 Vniuersis
639 2194 804 2279 presens
844 2170 1037 2277 scriptum
1080 2168 1245 2265 visuris,
1289 2169 1351 2249 vel
1381 2170 1599 2266 audituris,
1642 2172 1757 2251 Otos
1785 2195 1920 2253 rauna
1945 2200 2051 2256 norun

293 2283 485 2375 salutem,
513 2299 555 2359 et
583 2285 639 2361 rei
666 2298 779 2384 geste
808 2307 1050 2386 cognoscere
1088 2283 1294 2360 veritatem
1338 2281 1443 2382 Quia
1489 2282 1592 2363 ordo
1635 2280 1830 2363 naturalis
1871 2286 2004 2393 subigit
2022 2303 2052 2365 rt

290 2410 420 2471 urater
449 2393 540 2471 liliis
570 2407 611 2472 et
639 2392 797 2472 filiabus
826 2394 906 2470 suis
935 2388 1132 2499 inpendat
1163 2390 1355 2471 beneficia
1401 2412 1579 2473 materne
1608 2392 1806 2489 caritatiS,
1850 2396 1932 2485 Jllis
1958 2400 2052 2503 preci·

292 2532 371 2609 pue
400 2504 470 2612 qui
501 2506 644 2583 merito
674 2504 847 2581 melioris
876 2503 956 2581 vite
985 2502 1210 2582 fulciuntur
1247 2503 1350 2582 Hinc
1379 2520 1438 2581 est
1468 2503 1578 2612 quod
1610 2504 1698 2583 luce
1728 2504 1877 2585 clarius
1905 2506 2052 2588 omnibus

241 2685 245 2694 .
291 2616 414 2723 cupio
443 2613 601 2695 elucere
629 2610 742 2724 qnod
770 2613 915 2693 dilecte
945 2612 1034 2701 filie,
1056 2641 1141 2692 mee
1170 2616 1332 2693 cristine
1346 2613 1641 2695 sanctimoniali
1656 2616 1812 2695 Wretis
1827 2644 1943 2725 quam
1964 2646 2051 2725 prop

289 2744 352 2805 ter
380 2726 604 2831 religiosam
639 2728 760 2805 vitam
789 2752 921 2818 suam,
950 2725 1104 2803 sincere
1131 2740 1173 2802 ct
1201 2741 1340 2805 tenere
1366 2724 1511 2832 diligo,
1541 2745 1580 2807 et
1607 2727 1852 2833 amplector,
1882 2728 2051 2809 duximu-

289 2835 502 2917 ferendum
530 2838 683 2915 curiam
714 2862 839 2913 meam
870 2834 910 2913 in
941 2836 1191 2927 Jaerunzloso
1219 2838 1514 2935 cumomnibus
1542 2838 1624 2916 suis
1652 2839 1989 2933 attinenciis-infra
2011 2866 2052 2919 se·

289 2976 360 3056 pes
389 2962 429 3027 et
457 2964 568 3028 extra
604 2945 654 3026 ad
683 2946 974 3027 meliorandum
1005 2947 1153 3026 victum
1183 2964 1225 3026 et
1252 2952 1440 3028 vestitum
1483 2947 1598 3028 su'um
1627 2947 1670 3026 in
1699 2951 1782 3028 vita
1812 2978 1904 3046 sua,
1931 2952 2051 3031 rolens·

288 3089 368 3168 que
397 3076 442 3140 vt
472 3075 563 3168 post
592 3061 677 3138 eius
706 3061 861 3140 obitum
896 3054 1031 3137 eadem
1076 3060 1188 3138 curia
1230 3057 1348 3153 cedat
1387 3057 1437 3138 ad
1470 3087 1562 3140 usus
1592 3076 1813 3168 perpetuos
1858 3063 2051 3143 monialium

185 3228 196 3242 .
287 3173 521 3250 monasterii
549 3167 772 3277 supradicti
808 3171 851 3248 in
893 3187 1120 3249 nostrarum
1159 3171 1382 3250 animarum
1428 3171 1682 3278 refrigerium
1711 3188 1753 3250 et
1782 3176 2052 3280 progenitorum

287 3299 518 3361 nostrornm
549 3309 594 3360 ac
620 3281 951 3386 consanguinium
992 3280 1231 3390 beneficium
1274 3284 1585 3388 sempiternum,
1628 3285 1692 3388 Jta
1723 3283 1836 3392 quod
1868 3301 2052 3393 prouentu

288 3391 393 3472 dicte
422 3395 533 3472 curie
563 3421 634 3497 per
649 3392 949 3472 ordinacionem
972 3389 1135 3469 domine
1152 3391 1350 3473 abbatisse
1365 3393 1415 3472 ud
1433 3394 1653 3499 pitanciam
1682 3413 1909 3474 conuentus
1935 3421 2052 3474 annua·

286 3508 359 3580 tim
389 3503 431 3581 iu
460 3504 639 3582 crastino
677 3502 952 3609 apostolorum
981 3501 1156 3608 philippi
1185 3518 1224 3580 ct
1253 3505 1384 3583 iacobi
1415 3502 1586 3583 fideliter
1600 3507 1642 3586 in
1667 3523 1908 3614 perpetuum
1936 3531 2052 3614 expen-

288 3613 457 3709 dantur,
490 3614 584 3722 quia
612 3610 751 3708 eodem
779 3612 845 3693 die
878 3639 954 3718 pro
983 3639 1045 3691 me
1074 3628 1115 3690 et
1143 3614 1241 3692 meis
1277 3612 1492 3694 heredibus
1522 3633 1563 3694 et
1592 3617 1922 3724 progenitoribus
1949 3619 2052 3697 missu

286 3741 327 3803 et
357 3727 567 3804 oraciones
594 3725 786 3832 speciales
813 3720 1011 3829 deprecor
1039 3752 1062 3802 a
1091 3725 1432 3805 conuentualibus
1461 3730 1691 3807 monasterii
1734 3727 1954 3838 supradicti
1978 3727 2053 3807 celc

232 3896 236 3900 -
285 3836 396 3915 brari
426 3838 475 3916 ln
505 3838 622 3915 huius
652 3837 708 3915 rei
738 3835 1086 3916 confirmacionem
1116 3835 1288 3939 sigillum
1341 3837 1582 3934 venerabilis
1625 3841 1749 3946 patris
1778 3835 2053 3922 dominiLdei

154 3943 158 3949 ’
284 3951 420 4054 gracia
451 3949 631 4055 episcopi
662 3947 902 4056 lincopensis
932 3955 1102 4024 vna‘cum
1127 3947 1265 4053 sigillis
1294 3946 1534 4028 dilectorum
1564 3953 1892 4060 propinquorum
1909 3974 2052 4031 meorum

284 4055 470 4139 videlicet
499 4057 652 4136 domini
682 4059 736 4136 .Β.
767 4057 961 4165 prepositi
992 4056 1192 4135 skarensis
1234 4059 1367 4140 fratris
1397 4062 1472 4138 mei
1503 4089 1549 4142 ac
1577 4088 1763 4141 sororum
1805 4074 1975 4145 mearum
1999 4057 2051 4144 do·

174 4257 177 4260 ⁴
282 4169 389 4250 mine
424 4167 659 4275 ingiburgis
687 4184 728 4248 et
757 4168 918 4248 domine
946 4165 1089 4247 helene
1120 4185 1160 4248 et
1188 4169 1341 4249 domini
1371 4172 1505 4275 Magni
1534 4173 1805 4271 cristinaeson',
1842 4173 1979 4254 mathei
2003 4170 2051 4248 ha·

283 4281 535 4361 conason'ac
566 4307 654 4359 meo
691 4281 860 4388 proprio
888 4305 972 4388 quo
1015 4296 1108 4358 vtor
1152 4296 1193 4359 et
1227 4281 1372 4369 ‚dilecti
1414 4282 1485 4362 lilii
1528 4287 1605 4364 mei
1649 4287 1785 4391 magni
1830 4283 2049 4394 presentibus

283 4411 598 4502 sunt‘uppensa·
626 4394 774 4491 Datum
804 4408 845 4470 et
871 4407 1005 4471 actum
1049 4392 1235 4472 ncissium
1279 4420 1387 4474 anno
1416 4394 1569 4476 domiui
1613 4396 1671 4476 M⁰
1703 4399 1869 4478 G⁰C⁰C⁰
1900 4393 2049 4478 sextoin

285 4501 348 4581 die
377 4520 515 4585 sancte
543 4503 648 4583 lucie
677 4503 844 4610 virginis
872 4517 912 4582 et
939 4503 1127 4586 martiris.

461 4662 489 4748 ἱ·
573 4645 700 4729 Sigilleo
722 4655 775 4709 tro
796 4647 859 4709 alla
882 4645 1068 4726 bortlallna‚
1097 4643 1204 4709 eudast
1224 4646 1301 4708 alter
1322 4645 1381 4711 Nto
1402 4595 1680 4714 tifinnesremsan
1704 4609 1792 4732 qvir.
