4317 5975
951 387 1009 402 ..
1119 262 1223 440 ψ
1312 383 1367 406 ..

562 540 827 729 ’ΤιἸΙᾶςςτ
871 576 1232 723 Fdrbrgrdngne
1272 563 1361 682 och
1407 573 1714 684 Odatercde.
1798 657 1803 668 .

271 816 440 966 1706·
496 930 500 935 ,
976 813 1387 958 moa-1241.

343 1006 486 1085 ,Kooung
507 999 705 1065 wlmare
724 998 910 1085 privilegiet
931 999 983 1066 nir
1002 999 1211 1085 Lybeekarue
1233 1002 1276 1088 pa
1294 1000 1435 1066 Skuudrs
1455 994 1518 1060 och
1538 993 1708 1062 Felsterho
1727 992 1919 1056 metando.

1793 1075 1916 1132 L-cra

374 1190 460 1274 Rex
488 1187 787 1266 Wsummmnnus
815 1187 993 1295 antiquis
1020 1171 1272 1294 temporibus
1301 1184 1475 1267 contulit
1503 1183 1670 1293 Civitati
1698 1178 1909 1276 lubicensi,
1933 1182 2021 1292 quod

262 1305 304 1395 in
336 1297 526 1381 nundinis
553 1322 723 1376 sconore
751 1312 792 1376 ct
821 1295 1077 1377 valsterbode
1113 1324 1251 1377 eorum
1295 1297 1404 1378 ciues
1441 1295 1597 1405 possint
1624 1309 1665 1374 et
1694 1291 1868 1376 debeant
1906 1291 2023 1376 ibidem

262 1411 437 1494 vendere
467 1409 574 1490 hona
605 1408 765 1487 minima
794 1436 883 1490 curn
916 1411 1091 1514 maguis,
1128 1424 1168 1488 et
1197 1435 1326 1488 emere
1368 1434 1612 1518 quecunque
1652 1404 1804 1486 ibidem
1846 1403 2025 1488 vendenda

262 1529 429 1606 inuenta
478 1519 651 1616 fuerint,
692 1535 733 1600 et
773 1521 885 1629 quod
927 1517 1078 1598 ibidem
1127 1536 1226 1600 tuuc
1270 1519 1478 1629 proficiant
1520 1517 1784 1608 advocatum,
1833 1542 1943 1624 quem
1973 1543 2025 1594 ro

265 1636 438 1729 luerint,
492 1629 606 1741 quod
654 1631 721 1711 illc
769 1631 923 1739 judicet
979 1658 1117 1712 omnes
1171 1655 1354 1712 excessus
1396 1649 1438 1712 et
1485 1629 1627 1739 culpas
1686 1644 1822 1736 preter
1873 1653 2027 1710 excessus

266 1773 406 1827 mamus
435 1760 476 1823 et
503 1742 618 1839 colli,
662 1759 702 1821 at
737 1745 794 1821 sic
830 1742 1018 1822 omuibus
1045 1770 1183 1850 regum
1213 1741 1465 1852 temporibus
1493 1761 1552 1824 est
1595 1739 1792 1850 usquein
1821 1734 2027 1822 hodiernum

265 1860 369 1940 diem
400 1853 599 1934 stabiliter
627 1854 884 1933 obseruatum
915 1848 956 1933 et
985 1872 1123 1961 preter
1160 1854 1224 1934 bla
1260 1871 1304 1934 et
1339 1853 1446 1947 blot,
1489 1871 1529 1934 et
1559 1851 1635 1934 hoc
1677 1851 1781 1932 vltra
1823 1875 1914 1930 suos
1946 1850 2028 1930 cives

265 1989 307 2050 et
336 1968 440 2045 vltra
469 1991 554 2059 eos,
584 1967 654 2074 qui
685 1965 809 2071 ipsius
837 1966 1013 2044 ciuitatis
1041 1963 1123 2073 juri
1152 1965 1358 2046 adherent.
1396 1961 1473 2044 Sed
1500 1993 1618 2045 suum
1647 1963 1798 2071 justum
1828 1959 2029 2048 theloneum

265 2078 419 2163 domini
448 2078 553 2185 regis
580 2075 818 2157 officialibus
846 2074 966 2156 debet
993 2077 1166 2186 quilibet
1203 2078 1451 2177 urinistrare3
1497 2103 1651 2184 pannos
1693 2101 1784 2154 cum
1830 2070 1929 2162 vlnis
1959 2098 2029 2179 pos·

265 2206 360 2272 sunt
390 2186 579 2284 vendere,
609 2205 777 2297 possunt
805 2190 929 2270 ceiam
959 2187 1035 2268 alia
1066 2187 1239 2270 vendere
1269 2216 1359 2268 cum
1393 2187 1570 2296 pondere
1598 2203 1638 2267 et
1668 2184 1872 2266 besemere
1900 2197 1936 2262 et
1960 2209 2030 2261 cum

266 2300 425 2411 ponder
453 2319 493 2380 et
520 2297 598 2380 hoc
627 2296 738 2394 ideo,
766 2301 861 2409 quia
890 2297 1023 2380 dictus
1051 2300 1137 2380 Rex
1165 2299 1266 2382 talcs
1294 2299 1504 2382 libertates
1524 2296 1699 2382 contulit
1729 2298 1769 2377 in
1800 2295 1895 2408 ipsis
1922 2293 2030 2374 liberis

188 2463 192 2467 ὴ
267 2410 460 2516 nundinis
487 2408 770 2491 observandas.
1873 2401 1879 2416 '

377 2522 487 2601 Boua
517 2537 652 2600 nostra
682 2522 843 2603 racione
887 2520 1064 2602 thelonei
1109 2535 1205 2602 suut
1253 2531 1528 2619 vnvorraren,
1556 2517 1685 2604 donec
1715 2519 1871 2627 primus
1897 2543 2031 2610 currus,

267 2633 418 2717 ducens
449 2632 555 2712 bona
584 2631 634 2713 ad
666 2660 806 2727 naves,
835 2635 887 2712 sit
916 2634 956 2712 iu
985 2660 1103 2742 aqua.
1783 2715 1789 2724 ,

206 2760 208 2767 “
379 2743 639 2838 Siolficiales
667 2745 787 2851 Regis
814 2742 912 2823 daut
940 2745 1099 2852 culpuur
1130 2743 1251 2824 alicui
1285 2743 1364 2824 ciui
1396 2760 1554 2839 nostro,
1591 2741 1657 2822 ille
1686 2766 1916 2854 expurgare
1941 2735 2033 2819 debet

268 2883 310 2936 se
339 2883 430 2935 cum
462 2857 607 2935 nostris
635 2856 811 2951 ciuibus,
840 2872 881 2934 et
909 2883 991 2933 non
1021 2884 1110 2935 curu
1142 2855 1240 2935 aliis.

376 2967 486 3061 Ciuis
517 2968 664 3062 nostri,
693 2965 749 3046 ihi
781 2968 1005 3064 morientis,
1035 2966 1141 3047 bona
1175 2967 1373 3075 recipient
1407 2967 1468 3046 sui
1505 2967 1698 3078 proximi,
1739 2965 1775 3047 si
1803 2961 1867 3045 ibi
1894 2960 2034 3058 fueriut;

265 3081 297 3159 si
328 3105 430 3174 non,
461 3094 595 3158 noster
623 3077 843 3160 aduocatus
870 3096 911 3159 et
941 3080 1072 3158 nostri
1097 3078 1215 3185 probi
1244 3082 1352 3159 ciues
1379 3107 1424 3159 ea
1455 3077 1675 3175 deducent,
1710 3092 1751 3159 et
1784 3103 1835 3156 ea
1875 3074 2036 3184 proximis
2113 3090 2114 3181 ζ

197 3208 202 3217 ’
266 3187 484 3270 heredibus
513 3189 830 3297 presentabunt3.
852 3192 893 3269 in
924 3219 1006 3300 quo
1035 3190 1221 3271 advocati
1251 3188 1356 3296 regis
1387 3189 1508 3271 nichil
1538 3190 1687 3272 habent
1716 3188 1832 3299 juris.

377 3300 419 3380 Si
447 3304 660 3411 quisquam
691 3297 837 3380 ibidem
868 3300 981 3381 ducit
1009 3300 1143 3412 aliqua
1175 3300 1279 3381 hona
1310 3304 1352 3380 in
1382 3318 1552 3397 terram,
1580 3299 1630 3381 ad
1659 3296 1922 3383 vendendum
1943 3292 2037 3394 cade
2112 3254 2114 3307 ⁴

196 3488 200 3493 .
267 3411 415 3492 talibus
445 3414 559 3493 bonis
589 3412 820 3491 theloneum
850 3411 946 3493 dare
977 3440 1060 3492 nou
1090 3411 1229 3508 debet,
1257 3414 1291 3493 si
1318 3412 1375 3493 ibi
1404 3413 1525 3494 habet
1563 3411 1729 3509 bodam,
1779 3438 1947 3506 nauem,
1985 3409 2037 3488 hu·

266 3522 407 3617 deuat,
437 3523 499 3601 vel
530 3539 682 3601 mattam
710 3526 752 3601 iu
783 3522 982 3603 nundinis.

252 3722 259 3737 Ι
381 3633 442 3711 Ibi
474 3661 552 3712 non
584 3631 706 3712 dehet
734 3660 820 3713 esse
854 3632 1000 3742 aliquis
1041 3630 1364 3739 Woltloringhe,
1403 3635 1477 3714 uisi
1513 3632 1731 3741 rioleucia,
1774 3662 1860 3745 quo
1896 3634 1940 3713 lit
1974 3658 2036 3709 mu·

126 3822 130 3827 .
190 3827 193 3833 ,
268 3743 452 3839 lienibus,
482 3742 621 3851 ligatio
652 3772 840 3825 manuum
867 3771 990 3854 supra
1025 3745 1189 3835 dorsum
1221 3743 1291 3824 ubi
1322 3743 1469 3825 furtum
1502 3773 1582 3827 non
1612 3762 1690 3844 est,
1714 3764 1755 3827 et
1771 3742 2038 3855 compedicatiu

268 3857 456 3949 alicuius,
484 3856 630 3935 clausis
659 3855 812 3962 januis,
841 3859 926 3935 sine
954 3884 1120 3936 excessu
1148 3870 1189 3935 et
1215 3854 1304 3963 jure
1333 3872 1373 3933 et
1401 3857 1575 3939 racione.

379 3968 633 4077 Quecunque
675 3967 789 4046 nauis
832 3969 943 4047 venit
989 3968 1039 4049 ad
1084 3982 1254 4063 terram,
1306 3965 1413 4046 illam
1457 3986 1682 4049 exonerant
1723 3967 1834 4049 licite
1887 3966 2038 4048 homiues

268 4075 433 4189 quaudo
464 4080 641 4157 veniunt.
1557 4086 1561 4091 ’
1825 4106 1833 4117 ·
1907 4158 1915 4167 ,

379 4188 660 4297 Quiccumque
688 4188 745 4267 ibi
772 4190 865 4298 quis
894 4188 1009 4286 emit,
1040 4190 1115 4269 hoc
1154 4186 1277 4273 debet
1310 4187 1482 4270 educere
1526 4190 1651 4272 libere
1679 4206 1720 4268 et
1748 4188 1791 4269 in
1821 4189 1902 4270 hoc
1930 4186 2040 4298 prohi-

270 4301 355 4382 beri
388 4311 468 4378 non
498 4298 630 4380 debet.

380 4412 456 4490 Die
484 4410 687 4492 dominico
716 4425 809 4490 ante
838 4409 1016 4490 michael.
1053 4404 1204 4490 dantur
1241 4412 1337 4491 noui
1381 4409 1536 4492 denarii
1574 4436 1663 4521 pro,
1693 4412 1886 4493 theloneo
1915 4427 1953 4491 et
1978 4433 2040 4487 oon

270 4525 393 4631 prius.

384 4635 430 4714 ln
462 4648 595 4711 nostra
629 4633 748 4728 vitta,
777 4662 895 4714 nermo
928 4633 1063 4743 jacere
1091 4628 1234 4725 debet,
1264 4634 1338 4713 uisi
1368 4649 1466 4717 tunc
1486 4628 2044 4727 nosteraduocatusetnostri

272 4746 380 4828 ciues
407 4745 443 4823 ei
473 4742 621 4824 fauent.
1466 4808 1472 4818 .

384 4854 544 4934 Nullam
575 4857 778 4935 tuheruam
815 4855 992 4935 venalem
1024 4855 1217 4936 habemus
1252 4856 1294 4937 iu
1325 4859 1440 4955 vitta,
1469 4854 1537 4937 sed
1565 4858 1794 4939 cerevisiam
1836 4856 1933 4940 dara
1970 4879 2044 4963 pot·

216 5072 219 5076 ¹
270 4994 408 5051 sumus
438 4992 510 5075 per
539 4968 751 5073 amphoras
781 4993 857 5075 pro
885 4966 1068 5049 denariis.
1210 5028 1211 5033 ,
1675 5002 1680 5007 ·

2111 3794 2114 3929 l
