4317 5975
842 492 901 511 —
1015 447 1091 529 133
1191 384 1258 510 ⁸-

126 691 256 759 ·nam,
285 663 480 745 Constare
507 665 694 747 volumus
721 668 929 763 uniuersis,
959 663 1073 775 quod
1101 693 1176 747 nos
1204 726 1214 745 .
1244 726 1254 746 .
1286 667 1324 746 ti'
1353 681 1594 774 exequtores
1627 663 1856 743 testamenti
1891 661 1955 743 fc·

141 774 238 857 licis
266 773 562 857 recordacionis
590 779 752 858 Domini
789 776 991 858 Benedicti
1027 780 1291 884 Lineopensis
1329 777 1534 886 quondam
1571 776 1774 883 Episcopi,
1811 791 1950 853 aucto·

141 890 269 967 ritatc
296 914 376 995 que
407 947 416 965 .
447 948 455 966 .
484 886 558 969 hae
589 905 703 997 parte
732 891 938 998 competit,
968 891 1121 969 curiam
1149 886 1299 969 dictam
1324 888 1409 967 staf
1432 890 1546 967 sitam
1574 889 1621 972 iu
1647 884 1817 994 faeringrt
1828 910 1951 993 quam

143 997 257 1078 idem
288 998 529 1077 venerabilis
558 1016 672 1106 pater
701 1000 743 1079 in
772 1000 914 1081 eodem
942 1010 1185 1080 testamento
1214 997 1386 1079 contulit
1421 996 1586 1077 ecclesie
1627 996 1827 1105 vpsalensi
1856 1021 1951 1074 cum

140 1109 340 1189 omnibus
367 1111 596 1218 attinencijs
626 1112 707 1190 suis
739 1114 816 1219 ipsi
844 1109 1044 1221 upsalensi
1074 1110 1238 1192 ecclesie
1273 1136 1348 1217 per
1390 1107 1628 1191 difinitiuam
1675 1103 1956 1189 adiudicatum·

7 1265 12 1303 ,r
137 1222 402 1317 sentenciam,
431 1222 682 1329 presencium
711 1238 864 1319 tenore,
894 1240 1097 1331 ponentes·
1125 1250 1210 1301 eam
1247 1249 1291 1301 rn
1311 1217 1526 1328 corporali
1568 1219 1816 1326 possessione
1858 1242 1951 1324 pre·
2043 1260 2047 1266 ,
2149 1264 2156 1275 =

139 1331 258 1413 dicte
288 1333 421 1428 Curie,
450 1336 491 1412 8(
518 1334 698 1413 omnium
727 1334 804 1415 sibi
832 1336 1108 1430 attinencium,
1138 1338 1177 1411 8(
1207 1332 1336 1440 parati
1365 1346 1489 1439 prout
1516 1358 1621 1440 opus
1657 1326 1779 1409 fuerit
1815 1324 1957 1406 defen‘
1992 1394 1999 1413 ,

139 1442 246 1525 dere
274 1443 408 1523 taliter
436 1444 722 1540 introductam,
751 1448 799 1525 Jn
829 1447 943 1525 euius
978 1448 1037 1525 rei
1080 1443 1339 1539 euidenciam,
1368 1441 1526 1522 Secreta
1571 1456 1710 1531 nostra
1753 1439 1950 1545 presenti·

138 1555 224 1637 bns
254 1552 494 1663 apponenda
527 1553 715 1635 duximus
743 1584 791 1636 eo
820 1556 932 1665 quod
962 1556 1209 1664 pontificalia
1239 1551 1421 1634 nondum
1449 1552 1670 1631 habeamus
1698 1548 1826 1661 sigilla
1855 1574 1951 1655 pro·
2069 1594 2074 1601 ·

139 1685 240 1773 pter
255 1664 498 1773 pontificalis
514 1666 636 1774 officij
652 1668 871 1747 nouitatem
896 1670 1044 1751 Datum
1069 1666 1177 1778 apud
1193 1665 1347 1760 crabro
1363 1691 1473 1745 anno
1486 1661 1658 1745 domini.
1666 1658 1949 1743 M⁰.CC⁰.XC''.

136 1777 333 1859 Se'cundo
357 1779 517 1880 Quarto
534 1775 739 1861 delendas
767 1777 973 1886 februarij.

837 1918 986 2003 sigillent·
1009 1940 1034 2001 r,
1055 1941 1084 1983 2.
1104 1921 1264 2003 Andeliga.

152 2148 330 2257 1058.
474 2102 478 2107 Ι
775 2191 944 2298 1292.
999 2154 1050 2313 d.
1096 2153 1130 2257 3⁴
1175 2147 1326 2256 Febr.
1709 2151 1947 2297 Byarum.

230 2337 399 2421 thnarne
419 2338 523 2399 Giirsr
545 2337 694 2401 Hananus
712 2358 797 2415 sous,
819 2340 927 2401 Grmrs
949 2340 1143 2402 Bronnnsors
1168 2338 1229 2401 och
1256 2338 1383 2401 Hessos
1410 2340 1511 2402 llocrs
1536 2338 1622 2419 intyg
1648 2354 1700 2398 om
1728 2310 1852 2419 Nydala
1876 2335 1950 2398 llo·

282 2432 358 2482 stcrs
378 2441 419 2481 nu
440 2420 597 2483 bestamda
620 2424 698 2483 vissa
720 2421 811 2484 endcl
834 2424 844 2483 i
864 2421 1072 2504 Krangshults
1104 2423 1192 2504 slog,
1223 2420 1295 2488 med
1327 2422 1494 2485 laststfllldc
1526 2419 1755 2505 grinsmarlen.

1653 2534 1690 2588 A.
1707 2533 1732 2587 3.
1748 2547 1775 2588 x.
1793 2550 1823 2585 ι.-

261 2635 470 2713 Vniuersis
499 2662 663 2743 presens
692 2640 887 2745 scriptum
923 2635 1183 2717 cernentibus
1218 2638 1362 2731 Garun
1391 2659 1629 2717 sanatusou
1655 2656 1796 2715 sunno
1824 2654 1951 2712 anuu-

145 2770 307 2827 nsssou
338 2752 376 2824 8(
406 2770 637 2826 uernacuus
666 2770 767 2825 sucu
804 2748 990 2853 armigeri
1020 2748 1198 2826 Salutem
1228 2751 1270 2827 in
1299 2747 1464 2828 domino
1493 2750 1644 2828 Notum
1672 2747 1724 2825 sit
1751 2744 1955 2828 vniuersis.

143 2884 223 2966 per
254 2874 458 2965 presentes
486 2884 560 2937 nos
589 2858 814 2939 interfuisse
844 2856 1010 2968 quando
1038 2858 1225 2939 dominus
1257 2857 1383 2938 abbas
1412 2855 1949 2961 noueuallis&oinnespos·

143 2997 321 3051 sessores
351 2969 450 3050 silue
479 2967 716 3078 krengshult
744 2995 825 3050 vno
853 2996 1050 3068 consensu
1078 2974 1118 3049 8(
1156 2998 1234 3049 vna
1271 2969 1483 3050 voluntate
1516 2968 1624 3048 bona
1661 2979 1950 3048 consenserunt

146 3079 265 3192 quod
293 3077 481 3160 dominus
510 3079 636 3161 abbas
666 3107 742 3191 pro
772 3081 957 3161 omnibus
994 3082 1178 3189 partibus
1221 3082 1301 3161 suis
1343 3082 1383 3161 in
1432 3080 1612 3190 predicta
1654 3078 1755 3158 silua
1796 3079 1951 3184 recepit

111 3191 356 3302 ‚quandam
400 3192 634 3300 porcionem
689 3190 739 3272 ad
794 3192 1094 3272 meridionalem
1142 3191 1302 3299 plagam
1361 3191 1468 3270 dicte
1509 3192 1608 3271 silue
1650 3190 1736 3289 hiis¹
1768 3187 1951 3268 terminis
2028 3229 2055 3251 s

145 3301 469 3384 circumclusam.
500 3302 653 3410 primus
676 3304 871 3390 terminus
900 3300 952 3382 ad
982 3302 1214 3412 aquilonem
1227 3302 1460 3411 grimshdgh
1476 3299 1571 3412 jnde
1586 3302 1738 3383 directe
1753 3302 1795 3379 in
1809 3299 1950 3406 grims·

142 3413 271 3494 lreldo
301 3410 399 3520 jnde
429 3411 582 3492 directe
611 3412 652 3492 in
681 3410 860 3494 sandsi0:
889 3411 986 3521 jude
1015 3413 1058 3492 iu
1088 3415 1219 3494 albam
1251 3443 1392 3521 rupem
1420 3413 1519 3522 jnde
1548 3416 1590 3494 in
1619 3411 1826 3493 stalabech
1855 3409 1951 3518 jude

145 3529 189 3606 in
226 3521 457 3634 grimsrydh
485 3521 580 3630 jude
609 3525 651 3602 in
682 3540 858 3604 erectum
889 3521 1064 3632 lapidem
1093 3523 1192 3630 jude
1236 3527 1275 3603 in
1296 3540 1454 3633 'rupem
1500 3515 1687 3608 mobilem
1725 3553 1804 3634 que
1839 3522 1951 3632 wlgo

144 3635 301 3718 dicitur
323 3633 521 3743 cupurhel
550 3639 591 3714 8(
619 3635 676 3714 sic
706 3633 864 3716 demum
895 3637 950 3715 in·
965 3635 1202 3744 grimshogh
1231 3637 1318 3715 Hiis
1345 3638 1525 3715 terminis
1552 3637 1665 3717 stetit
1692 3636 1818 3716 abbas
1854 3660 1974 3714 con·=

144 3763 287 3828 tentus
323 3751 363 3826 8(
391 3773 531 3826 omnes
560 3773 807 3854 possessores
834 3746 935 3828 silue
963 3763 1009 3826 vt
1036 3745 1188 3828 dictum
1218 3762 1278 3826 est
1304 3748 1453 3827 Datum
1484 3748 1592 3855 apud
1621 3746 1827 3827 ecclesiam
1851 3747 1951 3844 bia-

136 3885 240 3941 rum
269 3883 377 3939 auno
404 3856 569 3965 Dominj
603 3855 826 3937 MCCXCII
853 3858 1063 3939 Dominica
1094 3863 1383 3967 septuagesima
1413 3861 1562 3937 nostris
1589 3855 1666 3937 sub
1693 3857 1852 3965 sigillis.

488 3997 561 4063 Atta
582 3998 705 4082 sigilles
724 3997 923 4084 bortlomnra
943 3999 1080 4086 brelvets
1101 3997 1197 4063 cedre
1215 4001 1292 4062 lant
1309 4001 1438 4083 myolet
1459 3998 1616 4062 multnad.
1709 4029 1716 4044 ·

153 4235 352 4378 1059:
622 4367 626 4378 ¹
781 4271 929 4380 1292
978 4234 1311 4342 d.5Febr.
1683 4168 1726 4295 ΔΙ
1803 4233 1955 4340 Rom..
2069 4222 2074 4234 ’

231 4415 530 4561 Pdlkvenkllroonaus
556 4415 627 4484 Νι(
647 4417 738 4483 Bulla
760 4419 919 4503 cupiendo
944 4443 955 4484 1
980 4423 1017 4485 dr
1037 4422 1099 4488 och
1118 4423 1161 4502 do
1182 4421 1303 4504 dagans
1323 4421 1397 4485 ellat
1418 4424 1467 4485 liir
1488 4419 1675 4487 botsiilande
1696 4417 1749 4483 vid
1769 4411 1951 4485 lboDcm-

310 4519 348 4582 yr
370 4520 397 4561 a

1681 4583 1712 4641 r.
1730 4585 1754 4638 5.
1771 4585 1813 4640 ss.

348 4685 782 4819 Saponiudulgeocios
808 4694 931 4772 onius
957 4692 1061 4800 onnj
1087 4695 1129 4772 8(
1154 4695 1235 4775 XL
1262 4694 1417 4774 dierum
1449 4689 1507 4798 jn
1534 4692 1660 4794 sestis
1701 4691 1815 4772 beate
1858 4698 1948 4772 oir-

264 4825 737 5018 Niconiil'smlspiscopus
779 4933 919 4992 servus
959 4938 1169 4992 servorum
1210 4911 1293 5018 Dejj
1327 4911 1535 4991 Vniuersis
1576 4910 1720 4992 christi
1758 4912 1950 4995 fidelibus.

144 5021 364 5104 Presentes
403 5019 558 5102 litteras
597 5020 838 5134 inspecturis
879 5020 1058 5106 Salutem
1100 5029 1142 5106 8(
1179 5022 1442 5135 apostolicam
1485 5019 1808 5107 benedictionem
1846 5023 1948 5106 Vite
