4317 5975
825 432 1244 513 -251—

23 698 25 701 ·
135 656 260 737 colao'
286 650 545 733 miseracione
563 648 717 749 diuina,
735 651 1039 764 archiepiscopo
1060 652 1279 762 upsalensi,
1304 648 1661 732 determiuauimus
1681 657 1721 734 &
1743 645 1938 761 diffiniui·
1994 659 2001 665 ’
2108 755 2111 761 ¹

138 795 229 845 mus
259 764 366 844 infra
397 762 558 869 scripta,
587 761 970 872 queratavolumus
999 763 1288 846 inuiolabiliter
1315 790 1571 871 permanere,
1597 767 1650 847 ,Jn
1681 765 1819 873 primis
1847 762 1938 871 jux-

135 895 180 958 ta
205 875 511 957 ordinacionem
542 871 714 983 predicti
738 872 892 956 domini
921 876 1075 973 Karoli,
1097 874 1335 955 dimittimus
1360 874 1527 957 ecclesie
1556 876 1777 983 upsalensi,
1813 875 1939 956 medi·

137 1017 203 1068 am
242 987 378 1067 villam
417 980 776 1091 Baldingstadhum
826 1014 917 1066 oum
955 986 1168 1068 medietate
1210 987 1410 1066 bonorum
1440 987 1618 1068 omnium
1647 988 1855 1067 mobilium
1898 993 1939 1067 8(
2074 988 2079 995 ’

137 1096 406 1179 immobilium
437 1094 598 1192 ibidem,
626 1101 667 1175 &
695 1096 973 1178 molendinum
1003 1102 1044 1179 in
1067 1096 1333 1192 adhelustum,
1360 1095 1579 1201 secundum
1609 1099 1771 1180 modum
1793 1097 1939 1178 &rsur-

136 1238 267 1310 mam,
299 1209 580 1319 prememorati
605 1210 832 1289 testamenti
860 1211 950 1317 jure
977 1227 1183 1321 perpetuo¹
1205 1208 1329 1291 libere
1360 1205 1619 1315 possidenda,
1645 1213 1750 1289 item
1772 1210 1939 1290 ecclesie

136 1320 434 1415 simbatunnm,
463 1315 671 1401 dimidiam
684 1320 1030 1418 Marchamterre,
1059 1324 1102 1402 in
1132 1318 1442 1427 villaThigbili,
1472 1319 1515 1399 in
1544 1321 1735 1429 parochia
1753 1319 1940 1429 balding-
1985 1352 1990 1361 ·

136 1450 264 1525 stum,
293 1458 414 1539 quam
443 1427 670 1538 sepedictus
698 1428 886 1513 dominus
912 1430 1093 1535 Karolus
1130 1431 1261 1513 eidem
1295 1428 1461 1510 ecclesie
1498 1432 1674 1511 restituit
1701 1438 1740 1511 &
1785 1430 1941 1539 persol-

138 1546 216 1639 uit,
245 1546 350 1623 Jtem
381 1538 520 1622 domui
550 1566 773 1649 pauperum
805 1540 974 1651 vpsalie,
1002 1534 1243 1627 dimittimus
1270 1569 1390 1620 unam
1418 1532 1764 1638 Marchamterre,
1793 1546 1834 1621 in
1857 1543 1939 1649 ter'·

137 1648 196 1736 ris
229 1652 414 1748 minutis,
443 1652 560 1735 dictis
589 1652 796 1749 vmiordh,
832 1678 913 1764 que
958 1654 1123 1737 fuerunt
1158 1653 1257 1735 dicti
1292 1650 1445 1733 domini
1473 1654 1616 1733 Karoli
1653 1655 1694 1733 in
1730 1652 1968 1760 haghundi

136 1774 180 1847 8<
210 1760 426 1873 laghundi,
454 1764 496 1843 Si
525 1790 621 1846 vero
648 1762 756 1845 dicte
784 1782 890 1845 terre
920 1764 971 1848 ad
1000 1768 1269 1877 quantitatem
1299 1760 1416 1843 v'nius
1437 1761 1599 1845 Marche
1629 1781 1736 1844 terre
1769 1764 1849 1846 illic
1878 1769 1939 1847 in-

138 1894 263 1959 uente
294 1902 376 1965 non
406 1874 574 1970 luerint,
603 1872 789 1957 volumus
819 1872 932 1986 quod
968 1874 1149 1959 defectus
1177 1871 1408 1957 huiusmodi
1443 1874 1680 1985 suppleatur
1709 1902 1783 1984 per
1810 1893 1940 1983 terras

137 1988 238 2071 alias
267 1987 441 2065 minutas
477 1981 673 2082 eiusdem,
713 1988 755 2069 in
789 1986 878 2098 alijs
918 1987 1038 2086 locis,
1084 1988 1144 2097 jta
1182 2004 1316 2068 tamen
1353 1985 1465 2097 quod
1503 1983 1536 2065 si
1589 1984 1738 2067 dictam
1775 1984 1940 2068 domum

138 2098 208 2183 dei
254 2094 492 2197 adnichilari
536 2098 772 2205 contigerit,
812 2116 921 2179 terra
965 2096 1148 2208 predicta
1192 2125 1270 2179 vna
1314 2124 1405 2177 cum
1449 2096 1569 2177 terris
1609 2126 1711 2209 quas
1754 2093 1940 2179 dominus
2144 2113 2146 2116 ’

138 2208 312 2319 Magnus
340 2208 530 2316 joansson
560 2236 638 2317 pro
652 2206 1150 2320 dicta'domo'deputauit‚
1172 2206 1222 2289 ad
1251 2236 1324 2291 nos
1354 2208 1420 2289 vel
1450 2208 1616 2297 heredes
1643 2226 1819 2304 nostros,
1847 2205 1939 2291 abs·
2045 2202 2065 2269 ἕ

137 2350 222 2434 quc
244 2316 572 2401 contradiccione
596 2317 780 2430 qualibet
799 2337 1070 2419 reuertentur,
1086 2324 1189 2403 Jtem
1203 2320 1465 2401 conuenimus
1479 2348 1569 2399 cum
1601 2318 1784 2428 predicto
1801 2336 1938 2429 patre,
1968 2320 1978 2333 “

139 2429 266 2544 quod
281 2430 444 2521 racione
482 2429 707 2539 legatorum
744 2430 916 2514 aliorum
952 2434 995 2513 in
1032 2431 1173 2513 eodem
1209 2446 1468 2527 testamcutO,
1502 2424 1775 2538 monasterijs,
1811 2432 1938 2513 eccle·
2002 2522 2008 2529 Q

140 2544 234 2653 sijs,
262 2540 327 2625 vel
362 2538 451 2647 aliJ’s
519 2540 568 2648 ijs
596 2540 696 2623 locis
724 2558 796 2623 aut
825 2544 1007 2653 personis
1036 2544 1380 2657 quibuscumque,
1408 2535 1650 2651 deputamus
1679 2544 1850 2622 Centum
1878 2542 1944 2623 viss·
2062 2624 2065 2634 .

137 2656 244 2767 giuti
273 2654 457 2736 Marchas
485 2568 577 2733 den.
606 2650 753 2736 vsualis
782 2671 954 2755 monete,
983 2651 1295 2751 distribuendas,
1324 2669 1449 2762 prout
1477 2655 1515 2733 ei
1543 2652 1938 2734 &dominoAndree
2025 2744 2029 2749 ¹
2132 2740 2139 2751 ¹

139 2766 350 2875 preposito
378 2762 547 2858 ibidem,
578 2761 728 2870 justum
767 2764 992 2862 videbitur,
1022 2767 1221 2848 &anime
1250 2762 1431 2851 defuncti
1467 2760 1745 2845 Judicaueriut
1774 2762 1938 2873 expedi·

136 2907 209 2974 re,
237 2904 314 2988 pro
342 2903 422 3004 qua
455 2876 632 2983 pecunie,
658 2902 812 2955 summa
848 2874 925 2957 sibi
961 2876 1122 2959 Curiam
1161 2875 1371 2981 bierghar,
1407 2875 1449 2956 in
1483 2874 1745 2982 faeringnunt,
1783 2873 1939 2982 obliga-

140 3018 232 3072 mus
261 2993 301 3072 &
327 2989 631 3096 inpignoramus
659 2983 929 3074 redimendam
959 2984 1015 3070 ad
1041 2990 1223 3071 ultimum
1253 3015 1326 3095 per
1370 3012 1444 3066 nos
1485 2983 1549 3065 vel
1591 3003 1824 3068 nostrorum
1866 2987 1937 3066 ali·
1996 3033 1999 3036 ·

136 3128 281 3214 quem,
309 3100 351 3178 in
381 3095 630 3180 nundiuibus
652 3096 1082 3210 dictisKyndelthing,
1113 3127 1222 3180 nunc
1250 3097 1444 3206 proximis
1471 3125 1552 3208 que
1578 3099 1614 3178 si
1642 3095 1939 3208 tancredemp·

137 3233 182 3294 ta
213 3239 297 3292 non
326 3207 468 3308 fuerit,
496 3207 683 3291 volumus
711 3209 822 3318 quod
852 3208 959 3292 dicte
987 3212 1109 3293 Curie
1145 3209 1343 3319 possessio
1375 3209 1562 3289 simul&
1600 3209 1844 3318 proprietas,
1886 3207 1940 3290 ad

140 3321 421 3433 supradictum
453 3318 659 3401 dominum
689 3320 1056 3430 archiepiscopum,
1086 3340 1235 3403 extunc
1264 3318 1528 3414 deuoluatur,
1555 3316 1614 3426 jta
1641 3339 1797 3416 tamen,
1825 3315 1939 3428 quod
2015 3422 2018 3425 ι

139 3451 343 3548 quantum
374 3429 481 3513 dieta
499 3431 621 3512 Curia
651 3427 868 3512 secundum
899 3433 1196 3516 estimacionem
1225 3429 1426 3519 bonorum
1453 3429 1663 3512 hominum
1691 3430 1797 3510 vltra
1825 3431 1940 3510 valu-

141 3547 241 3644 erit,
268 3543 446 3625 Tantum
475 3543 594 3626 nobis
623 3568 697 3670 per
724 3537 897 3626 eundem
925 3541 1133 3629 domiuum
1162 3531 1798 3652 archiepiscopumrefundatur,
1823 3535 1938 3648 jnsuss

140 3661 286 3770 per&
315 3655 490 3751 fructus,
519 3651 569 3736 de
597 3651 706 3736 drcta
735 3653 847 3735 curie
874 3655 1007 3739 medio
1035 3672 1220 3763 tempore
1240 3654 1543 3761 prouenientes,
1575 3655 1618 3732 in
1645 3669 1800 3762 partem
1829 3652 1940 3732 solu·

139 3770 271 3852 cionis
299 3770 338 3847 8(
366 3763 630 3850 redemcionis
671 3766 757 3845 eius
786 3763 972 3850 volumus
1008 3762 1254 3874 computari,
1283 3766 1338 3857 Jn
1365 3760 1519 3870 ‘horum
1557 3780 1692 3844 autem
1733 3761 1863 3868 robur
1899 3767 1939 3844 &
1990 3863 1994 3867 ,

57 3908 60 3914 ’
140 3877 310 3964 euidens
339 3877 611 3959 testimouium
639 3874 769 3986 sigilla
797 3893 952 3972 nostra,
981 3905 1028 3958 ac
1058 3873 1271 3963 reuerendi
1300 3876 1377 3954 viri
1404 3874 1585 3983 Magistri
1614 3873 1763 3955 andree
1790 3902 1939 3982 prepo-

137 3993 209 4074 siti
238 3989 477 4098 upsalensis,
514 4014 674 4082 necnon
701 3991 741 4066 &
769 3985 901 4068 fratris
928 3987 1084 4096 jsraelis
1112 3988 1259 4098 prioris
1274 3985 1546 4079 sidoniensis,
1574 3988 1646 4095 qui
1675 3985 1769 4067 huic
1799 3999 1938 4066 nostre

137 4101 399 4186 ordinacioni
437 4114 640 4208 presentes
668 4095 838 4178 fuerunt
866 4101 1243 4207 presentibussunt
1279 4123 1478 4205 appensa,
1513 4096 1653 4180 datum
1691 4094 1798 4205 apud
1835 4113 1939 4209 arne

139 4241 253 4297 anno
269 4209 436 4320 ‚domini
465 4209 539 4292 Μ’.
556 4207 765 4292 CC'.XC·
778 4208 910 4291 V111·.
940 4227 1053 4292 sexto
1074 4209 1169 4291 Kal.
1206 4207 1356 4339 aprilis,
1588 4231 1596 4236 ·
1784 4216 1790 4224 ¹
2025 4206 2028 4212 ·

584 4383 713 4469 Sigillen
735 4385 794 4448 Neo
819 4406 845 4466 r,
868 4387 897 4467 3,
919 4383 939 4450 5
960 4383 1230 4464 borthllam‘llto
1251 4404 1281 4465 a,
1301 4385 1324 4462 4
1344 4381 1500 4445 emanue
