4317 5975
958 454 1015 473 ...
1127 410 1209 509 304
1313 450 1368 473 .-

208 648 212 665 “
273 620 348 718 tlos
376 620 510 730 terre,
530 634 608 713 Pro
644 632 794 741 quibus'
829 622 1016 711 omnibus
1053 630 1149 711 mihi
1183 638 1222 711 &
1246 630 1604 726 meis-heredibus,
1634 610 1926 711 dimisit'vnam
1954 632 2046 712 llar·
2137 617 2138 706 l

244 748 389 827 'cham
419 764 524 825 terre
555 749 595 827 in
626 743 826 850 hierghbir
856 744 1043 853 parochie
1072 744 1281 838 Giristum,
1309 742 1405 850 jtem
1437 744 1477 821 in
1507 744 1641 821 lenum
1671 747 1711 821 in
1744 746 1826 850 ipsa
1857 743 1959 836 villa,
1982 746 2049 829 De÷

274 884 361 937 cem
391 856 539 936 solidos
574 870 682 935 terre
718 883 809 933 curn
839 854 1024 949 dimidie,
1053 855 1149 962 jtem
1185 856 1227 932 in
1256 856 1550 961 somerengium
1582 849 1770 961 parochie
1806 856 2046 935 winstathnn
2138 903 2139 906 =

275 968 375 1049 Tres
403 995 495 1046 oras
522 982 641 1061 terre,
669 967 849 1075 quinque
878 966 1051 1047 denariis
1082 967 1224 1057 minus,
1253 966 1348 1072 jtem
1380 967 1420 1043 in
1449 965 1672 1065 Gsl'thaek
1704 966 1894 1071 parochie
1906 964 2052 1061 Tenstu,
2138 1051 2139 1060 ,

275 1104 396 1158 vnam
423 1106 536 1159 oram
566 1095 691 1173 terre,
720 1077 763 1183 jn
793 1079 1043 1171 liniuestum‚
1072 1077 1264 1184 parochie
1303 1078 1458 1172 lenum,
1495 1075 1598 1157 duos
1627 1076 1778 1157 solidos
1805 1092 1929 1171 terre,
1956 1082 1993 1154 St
2018 1079 2052 1155 in
2138 1089 2139 1164 1

276 1188 517 1297 Diupuwijk
547 1189 736 1297 parochie
771 1190 884 1285 aher,
914 1216 1035 1267 vnum
1073 1186 1245 1267 solidum
1277 1207 1402 1283 terre,
1431 1190 1563 1269 Huius
1597 1207 1728 1269 autern
1761 1192 2054 1295 permutacionis
2138 1215 2139 1282 3

278 1302 456 1383 lastones
490 1300 576 1379 siue
621 1300 804 1407 firmarij,
843 1298 1120 1405 suerunthij,
1157 1298 1343 1379 videlicet
1379 1300 1504 1407 vlpho
1541 1300 1842 1407 laghmansson,
1876 1298 2054 1417 johannes
2136 1323 2139 1390 ἢ

153 1426 158 1435 ’
278 1415 557 1519 ingimarsson,
585 1412 822 1509 stirbernus
851 1412 1129 1505 thorstenson,
1155 1411 1345 1517 jaderius
1373 1410 1424 1491 de
1451 1412 1615 1509 vesthir,
1654 1427 1793 1519 petrus
1829 1410 1880 1489 de
1903 1408 2055 1506 heslibi
2137 1431 2138 1486 ἕ

278 1522 393 1605 Gislo
412 1522 461 1603 de
477 1523 717 1629 goluastum‚
731 1521 973 1629 sighuardus
989 1520 1039 1601 de
1056 1520 1247 1620 karlehir,
1263 1521 1466 1601 lohannes
1486 1520 1536 1603 de
1553 1522 1713 1630 baeliug,
1729 1523 1829 1600 llero
1844 1521 1893 1600 de
1911 1510 2055 1619 silton,
2137 1527 2138 1530 ’

271 1636 503 1743 'Gregorius
533 1630 583 1713 de
612 1630 802 1729 hodhum,
831 1630 1187 1711 Ketilmundusde
1218 1633 1377 1741 hae'ling,
1407 1634 1596 1712 Nicolaus
1625 1636 1781 1711 vicinus
1810 1660 1925 1728 suus,
1954 1635 2057 1711 hene·

192 1750 195 1762 '
281 1744 413 1827 dictus
441 1740 491 1823 de
520 1744 879 1844 littum,Olauus
908 1744 958 1825 de
987 1743 1111 1840 arbi,
1137 1744 1245 1823 'Bero
1274 1743 1325 1823 de
1365 1744 1574 1839 Maiarum,
1606 1733 1756 1824 lllanne
1792 1741 1843 1823 de
1870 1742 2057 1822 thorlrale·

284 1857 359 1955 hir,
389 1854 626 1951 haluardus,
659 1854 904 1965 Bingvidus,
939 1855 1130 1933 haraldus
1157 1853 1207 1933 de
1237 1853 1502 1951 luldrethum,
1540 1856 1789 1935 Laurencius
1828 1854 2057 1961 haghthorn,
2135 1864 2138 1905 ἱ

275 1970 386 2049 ’Βενο
416 1966 467 2047 de
495 1968 704 2073 skutungi,
733 1966 962 2075 sighuastus
991 1966 1042 2047 de
1070 1964 1264 2060 bodhum,
1292 1966 1489 2072 johannes
1520 1966 1639 2061 linos,
1667 1972 1707 2047 &
1735 1968 1905 2044 istorum
1933 1966 2058 2072 prolo-
2133 1914 2139 2114 1

149 2152 151 2160 .
276 2095 401 2161 ηυῐοι*
429 2078 505 2158 luit
534 2080 780 2159 Laureneius
807 2075 937 2157 dictus
967 2075 1114 2170 bruun,
1144 2083 1288 2157 Actum
1315 2079 1463 2185 vpsalie
1480 2078 1752 2158 nnnodomiui
1772 2077 1850 2157 Mt
1871 2074 2056 2155 CC⁰.XC'

219 2240 226 2249 ·
284 2192 422 2283 Nono,
450 2189 493 2295 jn
523 2189 658 2295 vigilia
679 2190 793 2269 'beati
824 2187 980 2267 Nicolai
1010 2190 1202 2295 Episcopi
1230 2195 1269 2269 &
1297 2190 1547 2285 confessoris,
1575 2191 1681 2293 Quia
1719 2215 1819 2269 vero
1846 2186 2057 2295 supradicte

285 2300 795 2410 prediorumpermutacio
826 2300 986 2395 nomine
1024 2301 1160 2379 vxoris
1196 2328 1281 2380 mee
1317 2300 1576 2408 Rangburgis
1611 2302 1717 2381 facta
1755 2316 1837 2395 est,
1875 2327 1947 2377 vna
1982 2324 2091 2389 oum·

275 2412 416 2519 sigillo
445 2412 627 2515 Magistri
655 2412 803 2491 andree
832 2410 1013 2489 canonici
1044 2410 1208 2491 ecclesie
1238 2412 1479 2518 vpsalensis,
1509 2414 1644 2521 patrui
1679 2410 1785 2491 dicte
1826 2438 1910 2489 mee
1946 2408 2090 2489 erroris·

285 2525 356 2633 qui
388 2523 479 2607 hnic
509 2522 618 2601 lacto
638 2548 809 2629 ,presens
839 2520 913 2600 fuit
949 2526 987 2599 &
1023 2524 1246 2617 consensit,
1284 2524 1459 2630 sigillum
1497 2552 1627 2603 meum
1668 2524 1883 2630 proprioru
1920 2546 2061 2629 presen-
2130 2612 2134 2619 ¹

278 2634 394 2713 tibus
422 2648 482 2713 est
511 2660 747 2741 appensum.
2134 2641 2141 2756 Ι

552 2808 556 2815 ·
619 2776 720 2858 Btgge
741 2775 861 2858 sigilles
884 2774 1055 2837 bertlallnu
1068 2775 1148 2837 ἠδη
1170 2776 1209 2837 de
1232 2798 1272 2837 ur
1292 2724 1417 2839 hrel'ret
1439 2775 1562 2861 llippta
1584 2796 1753 2837 remsornn.
2135 2849 2141 2876 Ι

2136 2931 2142 2986 l

285 3161 465 3302 '1294
949 3183 1100 3287 1299
1147 3143 1195 3248 d.
1257 3186 1284 3287 7
1344 3058 1465 3248 Dec
1886 3133 2062 3286 Upsala
2120 3074 2140 3271 ’ρ

371 3332 508 3406 sturme,
532 3298 703 3407 ln'gevelds
723 3329 833 3407 colas,
856 3328 1010 3392 Salubref
1026 3331 1067 3414 pa
1091 3330 1261 3392 semland
1283 3331 1351 3414 jord
1375 3334 1384 3390 i
1406 3327 1596 3407 Werdedhi,
1612 3281 2006 3410 'hrilluvarlt-pdntsattn
2020 3319 2064 3387 till
2135 3282 2141 3361 l

422 3411 543 3496 Upspla
564 3411 751 3494 Domlyrla
772 3413 823 3476 sot·
848 3433 883 3476 12
907 3414 995 3488 merl
1018 3417 1203 3498 penningnr·,
1224 3435 1295 3476 men
1317 3414 1386 3478 icke
1405 3416 1491 3476 inem
1515 3413 1721 3476 ldreskrifven
1743 3410 1791 3471 tid
1811 3408 2065 3475 bttfvitttertttu
2135 3414 2141 3463 ἓ

1781 3527 1818 3580 Α.
1839 3527 1864 3580 8.
1885 3525 1948 3592 nl„

401 3629 601 3710 Omnibus
630 3647 837 3736 presentes
865 3633 1017 3712 litteras
1047 3631 1506 3740 jnspecturis,Sren1ors
1543 3632 1681 3711 relicta
1716 3625 1871 3708 domini
1906 3619 2065 3730 Jngiual·
2141 3662 2142 3665 ¹

131 3768 139 3782 ·
243 3813 246 3824 ,
289 3741 395 3825 dide
411 3743 675 3838 brumasteni,
705 3743 870 3824 salntem
890 3746 929 3824 in
946 3743 1112 3826 domino
1139 3745 1436 3851 sempiternam,
1465 3742 1624 3822 Tenore
1655 3743 1907 3848 presencium
1926 3749 2064 3816 constr·

290 3863 333 3934 r'e
370 3854 464 3933 volo
487 3843 708 3932 ‘euidenter
738 3861 799 3933 me
836 3855 887 3934 ab
921 3856 1083 3934 ecclesia
1120 3855 1317 3961 vpsaleosi
1347 3853 1570 3936 Duodecim
1601 3851 1784 3931 marchas
1822 3849 2066 3931 denuntio

289 3967 500 4072 recepisse,
532 3990 607 4070 pro
635 3960 795 4074 quibus
812 3965 1086 4074 obligaueram
1117 3965 1301 4072 predium
1331 3993 1475 4060 meum,
1506 3963 1693 4044 videlicet
1721 3961 1823 4044 duas
1852 3988 1943 4044 oras
1965 3976 2066 4047 terre,

204 4147 206 4154 Α
290 4076 454 4158 invilla
486 4071 624 4153 wardh
655 4073 745 4154 edhi
775 4077 967 4183 parochie
995 4076 1279 4184 shiepthamer
1316 4073 1644 4174 sitas,datis,a‘d
1683 4073 1758 4152 hec
1800 4071 1985 4177 firmarijs
2008 4063 2068 4145 wl-

224 4192 228 4202 '
289 4189 441 4298 gariter
478 4183 595 4264 dictis
633 4183 754 4281 fasta,
786 4189 971 4266 terminis
1018 4190 1221 4295 legittimis
1249 4185 1524 4282 redimendas,
1561 4213 1701 4266 verum
1729 4187 1824 4294 quia
1862 4182 2068 4293 predictum

214 4367 218 4376 .
289 4290 495 4409 predium,
524 4296 705 4375 terminis
740 4297 858 4377 michi
895 4298 1045 4406 pluries
1084 4297 1133 4377 ad
1168 4297 1243 4378 hec
1272 4299 1393 4394 datis,
1431 4297 1625 4378 redimere
1668 4321 1748 4374 non
1780 4298 1917 4404 potui,
1945 4313 2067 4398 supra·

157 4435 159 4446 ·
230 4488 233 4496 ,
290 4411 415 4492 dictas
443 4408 542 4488 duas
571 4431 661 4486 oras
690 4424 815 4504 terre,
846 4409 966 4516 pleno
993 4409 1083 4516 jure
1112 4410 1229 4488 soluo
1258 4415 1297 4489 8<
1332 4414 1493 4515 assigno
1529 4408 1657 4489 eidem
1696 4409 1864 4488 ecclesie
1903 4402 2068 4512 vpsalen«

290 4522 344 4614 si,
372 4517 560 4599 dansad
596 4516 670 4596 hec
708 4520 902 4599 firmarios
931 4521 1138 4625 wlgariter
1171 4517 1300 4601 dictos
1335 4523 1454 4613 fasta,
1498 4521 1540 4598 in
1576 4523 1779 4600 communi
1827 4517 1975 4627 placito
2009 4535 2068 4616 rp-

291 4633 384 4712 salic
420 4628 638 4710 secundum
683 4645 790 4710 terre
833 4631 1008 4736 leges&
1043 4632 1175 4737 patrie
1214 4633 1543 4711 consuetudinem
1589 4630 1882 4737 approbatam,
1925 4626 2072 4732 jnsuper

291 4761 335 4822 vt
364 4737 413 4820 de
440 4740 660 4819 situacione
689 4739 809 4822 huius
848 4741 998 4850 predij,
1029 4742 1159 4820 ornnis
1193 4769 1308 4822 error
1339 4760 1618 4836 remoueatur,
1647 4738 1962 4846 specificoduas
1995 4751 2071 4807 ortt

288 4855 397 4938 'terre
426 4849 644 4963 predictas,
680 4853 723 4934 iu
751 4853 828 4938 fine
858 4853 950 4934 ville
978 4851 1209 4966 supradicte
1239 4854 1396 4952 Wardh
1426 4854 1521 4950 ethi,
1550 4852 1812 4934 adorientem
1841 4851 1972 5036 jurispr
1993 4863 2070 4948 pte·
2128 4920 2135 4926 .

1954 4979 2026 5036 rum
