4317 5975
808 333 1223 414 ..701-

114 555 189 621 stro
216 551 314 647 aput
341 561 443 646 quos
469 534 599 615 locum
626 527 825 660 sepulnrre
860 553 945 616 mee
972 516 1165 638 elegeram
1194 509 1478 611 dimidietatem
1506 529 1685 611 omnium
1713 525 1909 614 bonorm

113 677 299 745 meorum,
328 669 586 757 quocumque
615 668 779 723 nomine
811 660 1052 723 censeantur
1079 670 1175 724 sana
1205 659 1338 723 mente
1366 659 1406 724 et
1434 667 1608 751 corpore
1630 639 1907 746 conferoabs·

112 788 185 872 que
215 758 461 868 inpeticiooe
490 751 787 865 possidendam.
845 749 888 833 Si
917 769 1048 834 antem
1087 753 1213 834 filium
1253 754 1337 835 filie
1381 781 1466 836 mee
1506 769 1599 834 ante
1639 769 1703 833 tne'
1736 749 1787 832 de
1825 752 1906 834 hoc

113 867 259 959 mundo
288 870 425 951 vocari
454 866 691 970 contigerit,
720 881 871 946 extunc
899 865 1033 945 omnia
1063 863 1173 947 bona
1208 893 1280 947 sua
1323 893 1403 976 quc
1445 865 1482 945 ei
1525 863 1615 972 jure
1662 861 1908 945 hereditario

113 1002 187 1077 tam
219 996 310 1091 post
339 997 494 1090 patrem
523 1003 639 1057 suum
669 976 712 1054 in
741 974 1015 1083 ygxstadhum
1043 1004 1166 1086 quam
1184 993 1275 1088 post
1301 1005 1363 1060 me
1378 975 1685 1088 competebant,
1715 972 1907 1082 predictis

113 1095 231 1174 eciam
262 1090 469 1179 monachis
496 1089 551 1168 ob
568 1085 839 1168 remissionem
871 1088 1003 1167 anime
1031 1115 1102 1168 sue
1131 1103 1172 1169 et
1200 1115 1285 1170 mee
1315 1089 1466 1186 tribuo,
1495 1090 1580 1174 siue
1612 1083 1927 1168 lueriotmobi··
2003 1185 2006 1192 ‚

114 1203 163 1284 lia
189 1204 275 1284 siue
291 1199 509 1286 immobilia
538 1224 797 1308 quocumque
833 1195 954 1278 modo
983 1199 1202 1297 nominata,
1230 1199 1282 1280 Jn
1310 1201 1426 1282 cuius
1442 1199 1504 1310 rej
1524 1194 1773 1312 euidenciam
1796 1194 1906 1308 sigil-

113 1315 187 1420 lunt
217 1314 312 1396 ville
341 1328 479 1394 nostre
508 1307 763 1420 presentibus
791 1322 853 1389 est
880 1334 1115 1416 appensam.

112 1415 116 1423 ’
215 1427 304 1536 Ego
333 1445 491 1504 ossuus
519 1420 626 1504 lilius
654 1420 821 1500 sunonis
849 1418 946 1501 dieti
976 1419 1063 1500 slaet
1092 1417 1261 1502 confero
1290 1421 1546 1502 monasterio.
1563 1423 1604 1502 in
1633 1417 1814 1502 aluastro
1831 1446 1902 1527 pa·

179 1539 182 1546 ’
271 1535 503 1618 trimonium
533 1558 665 1612 meum
693 1529 846 1614 scilicet
874 1526 1084 1612 dimidium
1120 1547 1333 1638 attungum
1378 1560 1469 1616 cum
1515 1547 1660 1630 octaua
1703 1539 1818 1642 parte
1860 1531 1905 1616 ia

270 1645 461 1756 parochia
490 1641 671 1736 rooslpsa
699 1643 777 1726 sub
804 1638 938 1750 sigillo
967 1641 1060 1723 ville
1088 1640 1324 1727 hestholma.

184 1786 234 1854 Pl
251 1785 439 1866 lrdnsidan:
458 1785 595 1850 Doaucio
614 1781 722 1844 helene
747 1778 866 1844 Relicte
885 1779 1058 1864 gudhberni
1091 1780 1185 1845 Swno
1216 1783 1305 1848 slcaet
1336 1782 1423 1848 dedit
1454 1782 1617 1848 dimidium
1641 1791 1804 1866 attengunt
1835 1801 1906 1842 curn
1936 1739 1945 1748 ’

227 1879 338 1954 pmrte
358 1878 446 1951 parte
467 1869 498 1929 in
517 1867 664 1950 parochia
684 1864 823 1928 Roslbso.
867 1863 948 1954 Med
966 1886 1068 1946 nyare
1088 1865 1191 1928 hand:
1211 1865 1349 1952 yxstada.

270 1983 397 2068 Sigilleu
418 1982 585 2046 bestialius
606 1981 705 2044 tilliha
726 1981 796 2044 med
817 1979 855 2044 de
878 2003 918 2044 ur
937 1979 1058 2043 hrefvet
1079 1975 1199 2066 hlippta
1220 2004 1385 2048 remsorna·
1408 1985 1532 2049 Brelvct
1551 1993 1586 2047 br
1607 1981 1645 2044 af
1660 1981 1730 2043 sulit
1751 1979 1903 2065 betydligt

312 2066 443 2130 ahadadt
463 2067 523 2130 och
543 2063 592 2128 till
616 2086 654 2128 en
674 2064 725 2128 del
748 2074 853 2128 nestun
875 2063 1000 2127 alldeles
1020 2063 1193 2149 utpldnadt.
1825 2089 1828 2098 ·

119 2664 264 2811 1766.
764 2626 768 2630 Α
796 2664 1239 2811 '1300—1310.

188 2853 294 2915 Brror
315 2849 502 2914 Patanssotts
524 2849 599 2912 bras
614 2870 665 2911 om
686 2849 854 2912 liirrttttadt
873 2849 1014 2912 arfshilte
1035 2850 1054 2912 b
1075 2848 1214 2912 erhdllne
1234 2848 1443 2933 lhdcrnegods,
1464 2849 1596 2914 hvarvid
1617 2847 1904 2912 hansbroderErik

229 2933 405 3017 Philipsson
426 2933 557 2997 tillfallit
577 2933 772 3016 Sigwalstad‚
792 2933 862 2995 med
889 2935 1042 3014 Bensttter,
1072 2932 1281 3014 Svtrteslalla,
1312 2934 1420 2999 Sdthsa
1453 2936 1512 2997 och
1544 2937 1616 3013 Nes,
1635 2946 1714 2998 sumt
1744 2933 1860 2997 hsttten
1892 2935 1904 2996 i

229 3017 412 3118 jernberget,
432 3018 493 3079 och
514 3018 575 3080 han
596 3016 667 3101 sjell
677 3015 818 3095 'erhhllin
838 3017 948 3080 Kruka
968 3017 1039 3080 med
1059 3016 1220 3105 Laudasjb‘,
1240 3016 1420 3103 Falhsberg,
1440 3019 1498 3099 nt,
1513 3016 1678 3103 Fogelhem
1688 3018 1903 3103 osheuqvaro

227 3124 239 3163 r
259 3100 410 3185 Mollaby‚
430 3112 510 3163 samt
531 3100 648 3164 heluco
668 3101 705 3162 af
719 3101 899 3185 jernherget
1740 3212 1745 3223 ,
1756 3180 1781 3239 Α
1806 3182 1826 3236 3

120 3348 124 3353 ’
218 3318 420 3401 Omnibus
447 3332 654 3428 presentes
668 3318 825 3397 litteras
840 3317 1081 3425 inspecturis
1106 3317 1170 3400 vel
1188 3314 1405 3414 audituris,
1432 3340 1672 3401 trusorcrus
1703 3340 1902 3401 susurrus

104 3454 177 3510 son
205 3429 371 3511 salutem
403 3430 443 3507 in
474 3429 652 3508 omnium
682 3430 894 3525 saluatum,
923 3426 1126 3510 Nouerint
1154 3430 1330 3511 vniuersi
1373 3448 1454 3512 tam
1490 3431 1640 3540 posteri
1667 3456 1788 3539 quam
1816 3456 1903 3509 mo·

105 3539 222 3621 derni
251 3568 313 3619 me
336 3539 621 3647 patrimonium
652 3568 743 3620 cum
772 3538 922 3620 dilecto
950 3539 1075 3621 fratre
1100 3569 1188 3622 meo
1217 3542 1338 3621 Erico
1367 3538 1576 3649 philippus
1604 3568 1676 3620 son
1693 3542 1799 3623 inter
1828 3564 1903 3619 nos

106 3650 288 3735 diuisisse
317 3650 358 3730 in
388 3649 497 3728 hunc
528 3650 688 3729 modum
719 3667 760 3729 et
789 3649 935 3745 fecisse,
964 3650 1086 3731 Erico
1116 3650 1321 3757 philippus
1350 3678 1436 3747 son,
1481 3649 1768 3760 sigwalstadha
1809 3678 1900 3730 cum

105 3758 295 3843 omnibus
322 3761 405 3841 suis
433 3760 693 3869 pertinenciis
720 3759 821 3839 infra
852 3786 966 3866 sepes
993 3775 1034 3839 et
1062 3766 1176 3841 extra
1207 3761 1312 3841 sicco
1340 3779 1380 3844 et
1408 3764 1451 3842 iu
1480 3760 1645 3841 humido
1689 3787 1818 3869 prope
1860 3778 1902 3841 et

103 3871 273 3953 Remote
303 3872 444 3982 positis
472 3872 614 3951 Cetera
645 3886 685 3950 et
714 3870 810 3950 alias
839 3871 972 3950 curias
1000 3899 1089 3951 cum
1119 3869 1287 3981 singulis
1315 3872 1395 3953 suis
1424 3869 1663 3953 adiacenciis
1699 3898 1829 3980 prope
1860 3886 1901 3951 et

101 3982 270 4065 Remote
300 3999 344 4064 vt
372 4011 506 4090 supra,
536 3980 601 4062 hic
629 3995 799 4077 notatas,
837 3979 1086 4079 benaesaeter,
1113 3978 1396 4081 swaertislalla,
1426 3996 1595 4078 saetosa,
1625 4009 1705 4062 naes
1739 3980 1900 4062 dimidi-

100 4124 172 4175 um
199 4112 375 4199 montem
423 4094 562 4175 calibis
598 4094 763 4203 eiusque
805 4090 1022 4173 heredibus
1064 4111 1258 4203 perpetue
1302 4092 1525 4205 possidere,
1549 4092 1759 4205 michique
1802 4092 1899 4172 meis

97 4201 330 4301 heredibus,
358 4200 488 4285 kruka
519 4232 609 4285 cum
639 4203 828 4287 omnibus
855 4204 937 4283 suis
980 4204 1206 4287 attinenciis
1236 4234 1364 4315 prope
1393 4223 1433 4287 ct
1459 4206 1639 4301 Remote,
1666 4207 1827 4303 siccoet
1855 4204 1898 4283 in

96 4314 268 4397 humido
296 4316 402 4395 inira
432 4343 546 4423 sepes
561 4333 601 4395 ct
628 4330 743 4396 extra
772 4314 926 4424 positis,
955 4314 1098 4396 Cetera
1127 4314 1279 4397 etalias
1309 4318 1442 4398 curias
1470 4334 1662 4426 utsupra
1692 4343 1784 4396 cunt
1813 4340 1899 4394 orn·

97 4426 224 4509 nibus
251 4429 333 4508 suis
362 4426 622 4535 pertinenciis
649 4442 691 4508 et
713 4447 857 4522 cetera,
888 4423 1084 4523 videlicet,
1113 4427 1314 4525 landasia,
1344 4427 1594 4534 falshiaergh
1622 4426 1721 4523 Raa,
1757 4426 1899 4534 inghe-

97 4538 219 4634 leem,
251 4565 371 4617 vnam
404 4537 675 4619 molendinam
705 4538 747 4616 in
779 4535 956 4643 mpllaby
985 4554 1026 4618 ct
1063 4537 1267 4622 dimidiam
1284 4540 1327 4653 (¹)
1357 4560 1528 4622 montem
1544 4536 1685 4619 calibis
1702 4552 1898 4646 perpetue

95 4647 323 4730 Reseruare
351 4652 403 4731 ln
432 4650 548 4731 cuius
575 4649 884 4757 Recognicionis
912 4646 1165 4731 euidcnciam
1194 4652 1368 4760 sigillum
1387 4677 1515 4732 meum
1546 4648 1801 4758 presentibus
1837 4665 1898 4731 est

94 4786 336 4869 appensum.
1048 4819 1051 4822 -

515 4867 635 4951 sigillet
655 4867 813 4931 bortfallet
835 4868 904 4934 lrdo
930 4868 988 4932 den
1009 4890 1048 4931 ur
1067 4868 1189 4933 brefret
1208 4870 1327 4954 hlippta
1347 4890 1475 4932 retusam
