4317 5975
803 321 1218 430 ..671-

113 566 242 633 temen
266 542 370 627 ordo
398 544 440 626 in
469 556 711 655 paupertate
746 538 941 624 fundatur
967 566 1123 655 vosque
1154 541 1381 628 voluntarie
1409 570 1607 658 pauperes
1635 547 1788 632 christo
1816 577 1916 662 pau·

113 661 199 772 peri
235 657 467 755 deseratis,
509 657 650 737 vestris
677 654 1048 764 supplicacionibus
1076 655 1260 737 inclinati
1287 669 1333 738 vt
1360 683 1433 738 vos
1460 683 1530 739 seu
1558 674 1735 742 restrum
1763 662 1916 777 alique,

113 769 164 855 ad
191 765 460 853 exhibendum
489 768 803 877 procuraciones
831 766 988 879 aliquas
1018 765 1159 874 legatis
1186 768 1251 849 vel
1284 767 1443 852 nunciis
1472 771 1694 879 apostolice
1710 774 1815 858 sedis
1831 777 1916 860 siue

113 879 163 966 ad
191 879 453 991 prestandum
483 877 797 960 subucncionem
863 892 1130 988 uamcumque
1170 879 1234 962 vel
1277 878 1330 961 ad
1358 879 1697 966 contribuendum
1727 886 1771 965 in
1797 902 1915 970 exaci

114 994 301 1093 cionibus
329 990 392 1072 tel
421 990 602 1072 collectis
628 1015 699 1070 seu
727 905 915 1070 subsidiis
949 990 1154 1100 aliquibus
1182 1018 1257 1100 per
1293 991 1446 1072 litteras
1488 991 1596 1074 dicte
1623 994 1729 1077 sedis
1757 1010 1827 1079 a‘ut
1860 999 1916 1082 le·

115 1121 305 1216 gatorum
333 1103 397 1184 vel
427 1103 669 1182 nunciorum
699 1101 877 1208 ipsorum
907 1127 979 1180 seu
1008 1115 1211 1180 rectorum
1239 1116 1439 1183 terrarum
1467 1104 1531 1184 vel
1563 1107 1772 1216 regionum
1797 1137 1916 1220 quas·
2001 1191 2004 1196 ,

30 1251 37 1260 ·
114 1242 288 1326 cumque
306 1215 550 1323 impetratas
577 1212 640 1293 vel
670 1214 796 1293 eciam
823 1209 1096 1320 impetrandas
1125 1212 1289 1293 minime
1317 1215 1533 1297 teneamini
1561 1243 1637 1299 nec
1673 1216 1724 1301 ad
1754 1219 1796 1302 id
1825 1225 1916 1332 cogi
1942 1309 1948 1316 ,

114 1329 276 1440 possitis
315 1326 441 1407 eciam
469 1326 503 1406 si
544 1323 588 1406 iu
625 1321 858 1405 huiusmodi
885 1320 990 1408 sedis
1030 1320 1207 1404 eiusdem
1250 1325 1508 1406 contineatur
1550 1325 1693 1410 litteris
1720 1330 1834 1441 quod
1864 1329 1917 1416 a'd

114 1441 258 1552 queuis
286 1451 472 1546 exempta
502 1434 565 1516 vel
595 1461 677 1526 non
705 1449 891 1544 exempta
920 1433 1009 1514 loca
1037 1451 1078 1516 et
1104 1436 1347 1516 monasteria
1376 1461 1418 1516 se
1448 1436 1681 1541 extendant,
1710 1456 1751 1521 et
1780 1425 1915 1633 alipua
1985 1525 1996 1532 ,
2133 1433 2144 1452 ”

68 1578 76 1591 ’
114 1555 172 1635 eis
198 1550 488 1658 cuiuscumque
510 1548 663 1629 tenoris
689 1547 835 1626 existat
862 1545 989 1654 ipsius
1016 1543 1123 1626 aedis
1150 1543 1405 1654 indulgencia
1434 1573 1519 1628 non
1547 1547 1717 1632 obsistat
1735 1554 1811 1634 nisi
1850 1582 1915 1635 or·

114 1677 207 1761 suu,
240 1662 374 1742 littere
402 1665 488 1768 ipsc
516 1656 623 1740 dicte
648 1654 756 1739 sedis
783 1655 835 1738 de
864 1655 1023 1738 indulto
1051 1654 1281 1738 huiusmodi
1309 1672 1350 1740 et
1378 1655 1520 1739 ordine
1548 1677 1683 1742 vestro
1712 1690 1759 1743 ac
1786 1667 1916 1747 nomi-

113 1803 167 1856 nc
206 1769 441 1868 cardinalis,
480 1772 546 1850 cui
588 1768 852 1876 gubernaclo,
897 1767 1097 1878 protectio
1135 1785 1175 1850 et
1209 1769 1407 1850 correctio
1441 1767 1609 1851 fratrum
1640 1773 1842 1856 minorum
1861 1791 1916 1860 'ac

15 1887 16 1892 ‘
115 1887 240 1970 eciam
270 1909 366 1964 cura
397 1881 730 1962 monasteriorum
759 1879 1054 1973 abbatissarum.
1086 1893 1128 1959 et
1163 1879 1396 1961 monialium
1425 1896 1562 1963 sancte
1590 1881 1699 1967 clare
1727 1886 1944 1970 ordinum¹

116 1996 369 2107 presencium
398 2009 440 2073 et
467 1991 697 2075 futurorum
731 2017 810 2100 pro
844 2007 1027 2098 tempore
1061 1991 1270 2073 commisse
1306 1991 1458 2074 fuerint
1516 1993 1645 2075 lenam
1687 2008 1728 2077 et
1756 2025 1917 2106 expres·

115 2133 199 2191 sam
228 2105 401 2188 fecerint
429 2106 697 2199 mencionem,
726 2102 969 2182 auctoritate
997 2101 1114 2182 vobis
1144 2105 1398 2213 presencium
1422 2021 1691 2215 indblgemus,
1721 2110 1918 2190 nosenim¹

117 2219 371 2305 desecuimus
407 2214 538 2296 irritas
582 2230 624 2296 et
666 2212 822 2311 inanes,
867 2211 1075 2294 interdicti
1114 2214 1387 2323 suspensionis
1423 2234 1463 2298 et
1490 2219 1918 2302 excommunicacionis

116 2330 342 2414 sentencias
382 2327 417 2409 si
450 2352 552 2437 quas
580 2326 622 2406 in
665 2351 739 2406 vos
766 2325 830 2405 vel
873 2323 1048 2435 aliquam
1078 2341 1255 2406 vestrum
1292 2343 1363 2408 aut
1397 2324 1554 2438 aliquid
1583 2331 1917 2413 monasteriorum

117 2456 344 2525 vestrorum
373 2463 750 2548 seu-quoscumque
779 2436 878 2518 alios
894 2437 1116 2519 *occasione
1145 2436 1268 2518 vestri
1297 2439 1582 2548 premissorum
1604 2453 1794 2548 pretextu
1823 2459 1919 2522 con·
2031 2509 2038 2518 .
2114 2415 2118 2426 ¹

117 2568 182 2634 tra
209 2547 443 2633 huiusmodi
469 2549 738 2631 concessionis
766 2563 902 2630 nostre
936 2564 1118 2630 tenorem
1146 2575 1220 2659 per
1246 2570 1543 2660 quemcumque
1570 2547 1757 2633 decetero
1787 2557 1918 2634 conti·

117 2664 225 2775 gerit
254 2661 524 2770 promulgari,
566 2659 679 2742 Nulli
713 2687 811 2766 ergo
846 2659 1012 2741 omnino
1047 2659 1256 2740 hominum
1285 2657 1404 2740 liceat
1431 2661 1753 2790 haucpaginam
1781 2681 1919 2746 nostre

117 2774 388 2860 concessionis
421 2791 462 2854 et
489 2772 794 2854 constitucionis
821 2769 1044 2878 intringere
1071 2770 1135 2853 vel
1164 2771 1202 2851 ei
1239 2797 1340 2852 ausu
1375 2784 1588 2854 tem'erarro
1623 2776 1844 2872 contraire,
1886 2775 1920 2858 si
2031 2841 2034 2846 .

18 2941 22 2949 -
117 2886 211 3001 quis
238 2901 372 2966 autem
400 2882 479 2966 boc
506 2899 745 2995 attemptare
775 2883 1063 2993 presumpserit
1098 2881 1421 2991 indignacionem
1450 2883 1740 2995 omnipotentis
1775 2885 1845 2996 dej
1880 2904 1920 2968 et

45 3063 57 3071 .
118 3000 327 3083 beatorum
357 2997 463 3107 petri
497 3011 538 3076 et
567 2996 686 3107 pauli,
720 2994 997 3105 apostolorum
1039 2994 1125 3077 eius
1170 3020 1212 3074 se
1254 2994 1416 3077 nouerit
1451 2996 1726 3095 incursurum,
1771 3000 1918 3080 Datum

117 3109 231 3223 apud
259 3108 403 3193 vrbem
430 3123 606 3191 ueterem
634 3104 940 3219 quintodecimo
967 3103 1047 3189 kal.
1075 3102 1176 3189 febr.
1206 3105 1463 3216 pontificatus
1486 3110 1615 3190 nostri
1644 3135 1752 3229 anno
1781 3110 1918 3194 tercio.
2022 3139 2030 3163 ¹

132 3534 294 3686 1734.
784 3566 924 3676 1291
975 3528 1025 3636 d.
1078 3568 1101 3636 1
1154 3530 1284 3677 Aug.
1775 3534 1920 3645 Rom.

202 3709 323 3785 Psilren
346 3716 500 3784 Nicotaus
521 3718 593 3784 [Vas
612 3716 704 3781 Bulla
724 3736 776 3777 orn
799 3700 874 3778 assat
895 3716 1054 3793 idedun,
1078 3736 1146 3779 sona
1174 3716 1249 3797 vilja
1274 3726 1389 3799 antaga
1410 3716 1531 3798 ior-set,
1550 3719 1601 3783 mr
1622 3729 1669 3781 att
1690 3721 1762 3785 med
1783 3721 1921 3807 Kouuug

242 3798 375 3864 Eduard
396 3803 407 3863 i
428 3799 693 3883 Englaud‘draga
715 3798 763 3861 till
785 3796 978 3861 Fdrlofrade
999 3797 1104 3862 landet
1125 3794 1178 3861 uid
1200 3796 1502 3919 midwrnmarstiden
1524 3802 1562 3865 ir
1587 3800 1690 3938 κωφὰ
1710 3898 1735 3937 ἰ
1752 3885 1787 3951 η.

232 3935 443 4067 Nrcotaus
470 3983 698 4175 Episcopus
725 4004 868 4063 seruus
896 4006 1108 4062 seruorum
1140 3976 1229 4079 dei,
1256 3980 1454 4064 vuluersis
1487 3980 1626 4066 christi
1654 3982 1840 4067 fidelibus
1869 3984 1921 4071 ad

118 4122 226 4209 quos
266 4112 469 4206 presentes
525 4096 641 4176 ittere
676 4092 959 4202 peccauerint,
1002 4087 1181 4173 Salutem
1219 4108 1260 4174 et
1293 4092 1555 4202 apostolicam
1584 4094 1919 4179 benedictionem.

118 4209 331 4291 illuminet
371 4234 495 4317 super
537 4233 609 4288 vos
649 4204 839 4287 dominus
867 4203 1027 4284 uultum
1064 4230 1202 4298 suum,
1244 4206 1369 4286 etita
1397 4231 1472 4286 suo
1501 4206 1673 4305 lumine,
1703 4206 1754 4289 ad
1782 4237 1920 4291 recen·

119 4316 289 4403 sendum
319 4320 533 4415 attentius,
561 4316 738 4428 qualiter
763 4314 997 4425 redemptor
1023 4332 1163 4399 noster
1185 4312 1529 4400 salutembumani
1558 4318 1715 4429 generis
1743 4322 1785 4401 in
1814 4339 1922 4403 terra

119 4442 260 4515 saneta
290 4428 480 4541 dignatus
506 4445 567 4511 est
594 4424 905 4510 misericorditer
931 4428 1106 4537 operari,
1134 4424 1274 4507 oculos
1302 4428 1345 4509 in
1373 4426 1491 4510 vobis
1519 4427 1692 4511 hominis
1719 4431 1921 4514 interioris
1993 4448 1998 4459 ‘

119 4542 316 4640 illustret,
344 4539 459 4654 quod
486 4540 735 4624 accendatur
760 4552 808 4623 ut
835 4538 947 4648 iguis
966 4537 1019 4621 ad
1046 4536 1368 4622 subueniendum
1397 4550 1506 4625 terre
1539 4540 1647 4625 illius
1675 4544 1921 4627 necessitati·

46 4740 52 4760 .
119 4756 394 4794 ffl-

164 4859 191 4939 *)
211 4852 263 4943 Ur
281 4874 320 4917 en
341 4852 379 4917 al*
395 4850 623 4939 Ordenspriorn
643 4851 654 4913 i
675 4848 837 4915 Danuui
857 4848 898 4915 0.
917 4848 973 4937 titt,
994 4846 1306 4919 Preddmbrodrer
1333 4848 1429 4919 tanet
1454 4850 1467 4916 i
1484 4798 1641 4943 digium,
1672 4854 1838 4921 meddelcd
1869 4855 1922 4919 al-

247 4935 352 5017 rbriss,
373 4935 437 5000 dat.
456 4934 548 5001 Luud
570 4938 607 5000 ir
631 4954 718 5025 1292.
