4317 5975
526 332 537 341 ·
755 420 852 459 ·-
960 398 1040 481 313
1118 442 1206 463 --

98 630 159 694 tes
175 611 209 725 ⁷)
236 630 279 695 et
306 612 398 702 odia
427 615 657 712 suscitarit,
675 614 825 695 illicitis
853 616 1028 697 motibus
1056 612 1196 700 ausum
1229 617 1411 729 prebent,
1442 618 1769 731 Olimzsiquidem
1787 596 1897 732 juter

95 724 274 834 prelatos
302 740 343 804 et
373 740 550 805 rectores
585 754 653 805 seu
685 742 902 825 sacertotcs
926 727 960 840 8)
989 756 1036 809 ac
1077 732 1243 812 clericos
1289 730 1575 840 parochialium
1617 731 1894 833 ecclesiarum,

94 864 168 944 per
201 834 381 915 diuersas
411 836 547 918 mundi
583 838 815 946 prouincias
843 841 1087 919 constitutos
1108 866 1164 922 'ex
1195 859 1310 949 parte
1339 870 1418 921 vna
1447 859 1488 923 et
1517 842 1818 952 predicatorum
1848 876 1894 929 ac

91 948 294 1027 minorum
325 946 511 1027 ordinum
543 948 686 1027 fratres
714 974 764 1029 ex
793 948 938 1055 altera,
968 951 1078 1057 pacis
1107 953 1259 1049 amulo,
1291 970 1426 1038 satore
1454 954 1604 1033 zizanie
1634 974 1894 1062 procurante,
1978 1036 1980 1043 ,
2047 974 2052 987 “

91 1060 231 1169 grauis
259 1077 298 1139 et
328 1057 551 1167 periculosa
581 1048 781 1141 discordia
811 1062 946 1140 extitit
975 1062 1185 1160 suscitata,
1206 1091 1329 1173 super
1349 1061 1701 1172 predicacionibus
1718 1063 1918 1149 fidelium.

91 1170 256 1280 populis
284 1167 495 1265 faciendis,
525 1168 734 1251 audiendis
761 1197 903 1250 eorum
918 1172 1252 1271 confessionibus,
1282 1177 1520 1283 penitencils
1548 1175 1896 1287 iniungendiseis·
1941 1188 1946 1195 '

91 1281 203 1375 dem,
232 1307 279 1361 ac
301 1280 336 1393 t)
364 1279 612 1361 tumulandis
638 1282 921 1363 defunctorum
961 1286 1227 1393 corporibus,
1257 1288 1328 1396 qui
1358 1285 1467 1394 apud
1492 1274 1675 1367 ‘fratrum
1713 1290 1901 1397 ipsorum·

91 1391 277 1475 ecclesias
308 1407 534 1473 noscuntur
562 1392 609 1504 ιο)
652 1393 801 1500 eligere
828 1393 1100 1500 sepulturam,
1142 1424 1215 1479 nos
1244 1412 1378 1477 autem
1409 1398 1467 1507 pii
1497 1400 1624 1505 patris
1668 1427 1778 1479 more
1807 1400 1900 1481 lau-

92 1503 219 1612 dabilj
257 1502 422 1586 moleste
463 1503 627 1584 ferentis
668 1503 924 1612 jnoommoda
963 1505 1137 1588 filiorum
1183 1506 1423 1589 reducentes
1451 1508 1501 1588 ad
1532 1526 1669 1589 exacte
1710 1510 1894 1593 conside·
1980 1592 1982 1595 .

90 1615 266 1697 racionis
301 1640 471 1694 examen
499 1642 548 1695 ae
588 1615 691 1695 iufra
734 1632 943 1723 pectorum
980 1618 1153 1701 claustra
1196 1618 1368 1699 sollicite
1409 1618 1664 1699 reuoluentes
1692 1624 1894 1730 quamsit

88 1726 210 1837 plena
240 1723 436 1835 periculis,
465 1754 587 1835 quam
633 1743 779 1807 onusta
807 1724 1047 1834 dispendiis,
1082 1758 1285 1841 quamque
1313 1730 1354 1810 in
1382 1729 1524 1810 diuine
1552 1732 1767 1811 maiestatis
1795 1760 1892 1813 con·
2002 1714 2007 1731 ’

87 1854 228 1947 spectu
259 1835 454 1917 reddatur
486 1863 605 1917 exosa
628 1834 828 1919 discordia
856 1833 1100 1945 supradicta,
1130 1856 1172 1919 et
1203 1856 1421 1949 propterea
1437 1837 1694 1921 intendentes
1724 1858 1892 1949 paterne

87 1947 372 2029 sollicitudinis
407 1950 544 2032 studio
585 1948 695 2028 illam
732 1974 899 2057 prorsus
938 1949 1114 2031 euellere·
1141 1978 1188 2031 ac
1215 1947 1445 2031 omnimode
1487 1949 1728 2031 submouere
1771 1952 1892 2049 nullis
1943 1970 1947 1977 '

86 2086 267 2169 unquam
296 2058 445 2139 futuris
473 2060 727 2169 temporibus
756 2076 893 2139 actore
920 2058 1086 2142 domino
1117 2060 1407 2156 suscitandam,
1443 2059 1589 2171 grandi
1625 2088 1790 2173 quoque
1819 2062 1889 2151 de·

88 2169 239 2252 siderio
267 2171 494 2278 cupientes,
523 2188 567 2254 vt
595 2168 826 2250 huiusmodi
855 2170 1087 2280 negocium,
1116 2171 1227 2283 quod
1258 2173 1465 2280 potissime
1502 2171 1648 2252 insidet
1676 2170 1796 2255 cordi.
1819 2200 1892 2254 no·

86 2299 174 2363 stro
202 2283 321 2362 finem
349 2282 549 2363 salubrem
573 2297 616 2361 et
639 2282 832 2362 scelerem
865 2282 912 2394 Ιι)
948 2309 1023 2391 per
1049 2283 1271 2390 apostolice
1312 2283 1508 2381 solleroie·
1532 2280 1707 2365 studium
1743 2312 1890 2387 vconse·

8 2441 9 2448 x
86 2409 259 2505 quatur,
287 2408 329 2471 et
359 2393 405 2509 Ι’)
434 2392 618 2497 diligenti
647 2420 739 2473 cum
767 2390 964 2474 fratribus
1005 2395 1153 2473 nostris
1189 2394 1486 2477 deliberacione
1529 2394 1739 2501 prehabita
1767 2424 1891 2505 super

8 2525 10 2533 “
86 2531 158 2601 eo,
188 2504 239 2585 ad
270 2503 464 2585 honorem
494 2502 579 2599 dei,
621 2502 913 2585 exaltacionem
943 2504 1035 2585 fidei
1072 2506 1255 2615 qpietum
1283 2524 1431 2587 statum
1472 2506 1650 2613 parcium
1688 2504 1891 2616 predicta-

7 2691 9 2702 ,
88 2642 199 2711 rum,
227 2642 276 2695 ac
306 2612 352 2725 ¹³)
396 2616 623 2697 animarum
666 2612 844 2697 fidelium
886 2618 1180 2706 incrementum
1218 2616 1268 2697 de
1298 2619 1474 2727 ipsorum
1520 2616 1690 2697 fratrum
1720 2618 1892 2701 consilio

88 2726 309 2836 apostoliea
339 2729 581 2807 auctoritate
607 2728 823 2806 statuimus
848 2743 890 2808 et
907 2724 955 2839 ι4)
983 2727 1110 2807 eciam
1138 2726 1383 2825 ordinamus,
1408 2727 1668 2809 vtdictorum
1697 2724 1888 2811 ordinum

89 2838 254 2934 fratres,
283 2839 323 2918 in
354 2832 530 2918 ecclesiis
559 2855 599 2917 et
628 2836 727 2917 locis
754 2862 914 2933 eorum,
941 2864 989 2919 ao
1016 2840 1059 2920 in
1090 2836 1232 2947 plateis
1260 2838 1541 2921 communibus
1571 2838 1696 2945 libere
1726 2838 1888 2921 valeant

8 2951 10 3045 Ϊ
86 2950 196 3032 clero
224 2966 264 3030 et
296 2948 448 3058 populo
478 2945 685 3058 predicare
712 2974 1020 3058 acpropouere
1047 2948 1215 3031 verbum
1246 2948 1331 3050 dei,
1359 2949 1460 3032 hora
1490 2948 1558 3031 illa
1581 2949 1887 3050 dumtaxatex·
1961 2979 1966 2990 ·

87 3078 225 3170 cepta,
255 3064 405 3170 inqua
437 3060 615 3140 locorum
648 3059 793 3166 prelati
823 3058 1032 3166 predicare
1060 3061 1266 3142 voluerint
1310 3063 1372 3143 vel
1414 3090 1549 3143 coram
1577 3089 1619 3140 se
1649 3060 1778 3143 facere
1804 3062 1887 3143 sol*
2016 3078 2019 3084 ’

8 3282 11 3294 μ
87 3171 301 3280 lempniter
328 3169 550 3279 predicari,
577 3171 620 3279 jn
642 3189 730 3280 'qua
758 3168 968 3277 predicare
996 3172 1229 3270 cessabunt,
1258 3191 1518 3282 preterquam
1546 3174 1580 3252 si
1602 3171 1712 3254 aliud
1727 3169 1778 3252 de
1793 3200 1886 3280 pre-

87 3282 263 3363 latorum
293 3284 473 3390 ipsorum
502 3281 709 3362 voluntate
739 3282 992 3390 processerit,
1022 3312 1068 3363 ac
1098 3285 1262 3364 licencia
1277 3285 1439 3392 speciali
1469 3288 1518 3364 Jn
1549 3283 1693 3364 studiis
1720 3310 1819 3363 vero
1838 3283 1887 3396 15)
1938 3289 1947 3302 ’
2062 3271 2068 3284 ’

8 3396 10 3403 ’
87 3386 366 3504 generalibus,
395 3392 465 3474 vbi
493 3417 696 3473 sermones
724 3390 775 3472 ad
803 3391 955 3473 elerum
987 3390 1034 3505 16)
1063 3395 1150 3474 lieri
1177 3394 1311 3475 solent
1338 3394 1483 3476 diebus
1511 3394 1609 3490 illis,
1639 3395 1680 3472 in
1711 3393 1760 3505 ,¹7)
1796 3395 1890 3504 qui-

7 3507 10 3517 ’
85 3507 165 3586 hus
193 3505 394 3616 predicari
410 3503 699 3612 ¹sollempniter
734 3507 958 3585 consweuit
986 3503 1038 3584 ad
1064 3504 1207 3586 funera
1241 3507 1365 3586 eciam
1408 3526 1660 3587 mortuorum
1689 3523 1730 3586 et
1758 3507 1798 3586 in
1829 3502 1888 3586 fe·

8 3644 9 3647 ’
85 3617 159 3698 stis
187 3616 430 3725 specialibus
456 3641 526 3696 seu
549 3613 821 3723 peculiaribus
850 3616 1072 3697 eorundem
1104 3616 1294 3712 fratrum,
1330 3618 1485 3725 possint
1513 3615 1633 3697 iidem
1672 3615 1817 3706 fratres
1847 3632 1889 3696 et

85 3727 288 3809 liceat-eis
318 3725 445 3808 libere
473 3725 683 3835 predicare
713 3727 790 3806 nisi
829 3726 963 3809 forsan
988 3725 1035 3840 18)
1064 3725 1131 3808 illa
1161 3727 1282 3824 hora,
1311 3757 1391 3836 qua
1421 3729 1523 3808 solet
1566 3726 1617 3807 ad
1659 3727 1812 3806 clerum
1834 3724 1888 3834 jn

12 3921 21 3929 ,
87 3836 283 3949 predictis
313 3839 490 3948 proponi
519 3837 616 3918 locis
643 3865 715 3917 seu
743 3836 885 3917 studiis
915 3837 1083 3918 verbum
1127 3834 1212 3934 del,
1255 3839 1469 3948 episcopus
1508 3839 1568 3916 vel
1610 3837 1787 3944 prelatus
1820 3863 1887 3916 su·

87 3951 227 4060 perior
255 3951 407 4033 clerum
431 3948 483 4030 ad
513 3977 554 4029 se
580 3946 821 4054 generaliter
835 3965 1094 4046 conuocaret,
1123 3964 1194 4030 aut
1215 3949 1416 4058 exaliqua
1432 3950 1593 4030 racione
1612 3946 1805 4030 veleausa
1821 3975 1888 4026 vr·
1943 3941 1948 3953 “

84 4079 207 4170 gente
234 4061 547 4167 elerumipsum
577 4060 744 4139 duceret
771 4058 1102 4167 congregandum
1134 4063 1189 4140 'ln
1223 4059 1399 4140 ecclesiis
1427 4085 1524 4141 vero
1568 4048 1887 4167 parochialibus,

85 4173 235 4252 fratres
263 4173 340 4281 ipsi
370 4169 801 4262 nullatenusaudeant
829 4170 892 4251 vel
919 4169 966 4280 Ι9)
994 4168 1167 4253 debeant
1195 4169 1507 4279 predicare,.vel
1537 4181 1767 4281 proponere
1797 4196 1887 4248 ver-

84 4284 186 4364 bum
214 4279 311 4381 dei,
334 4282 413 4362 nisi
437 4281 580 4363 fratres
621 4278 794 4389 predicti
823 4309 847 4360 a
876 4280 1177 4390 parochialibus
1207 4280 1494 4364 vsacerdotibus
1534 4280 1693 4362 inuitati
1724 4279 1786 4360 vel
1815 4305 1886 4358 vo·

70 4395 167 4477 cari
197 4394 375 4476 fortassis
403 4395 623 4485 extiterint,
652 4409 723 4471 aut
747 4389 800 4473 de
829 4391 1284 4501 ipsorum'beueplacito
1311 4408 1353 4472 et
1381 4419 1554 4490 assensu,
1584 4419 1654 4471 seu
1682 4391 1808 4499 petita
1838 4389 1888 4469 li·
1948 4457 1955 4468 .

82 4505 225 4587 cencia
254 4505 376 4588 fuerit
403 4521 445 4584 et
473 4521 663 4615 optenta,
705 4504 791 4584 siue
830 4505 1045 4612 episcopus
1073 4503 1136 4583 vel
1167 4504 1346 4612 prelatus
1388 4504 1574 4612 superior
1608 4530 1683 4610 per
1725 4501 1885 4586 eosdem
1918 4545 1921 4552 ι

81 4615 232 4715 fratres
260 4612 460 4726 predicari
505 4611 730 4712 mandaret,
765 4612 987 4695 Statuimus
1028 4615 1154 4696 eciam
1182 4628 1223 4696 et
1251 4612 1485 4695 ordinamus
1527 4613 1768 4695 auctoritate
1797 4639 1888 4722 pre·

128 4865 161 4946 7)
183 4880 329 4922 rancores
348 4857 381 4937 8)
401 4858 573 4923 καιάοιει
592 4866 624 4943 9)
645 4869 677 4923 et
707 4865 755 4932 ιο)
774 4859 921 4922 eccclesia
943 4860 1008 4921 siue
1030 4857 1100 4921 loca
1122 4869 1294 4943 nascamur
1323 4861 1370 4936 ιι)
1390 4856 1523 4919 celerem
1555 4861 1603 4934 ra)
1624 4867 1656 4918 et
1677 4863 1715 4920 tir
1735 4857 1888 4920 uteslutet.

177 4943 226 5022 13)
247 4944 352 5007 salutis
371 4949 412 5007 lir
431 4945 556 5008 uttsau.
576 4941 630 5023 14)
649 4963 688 5006 se
712 4943 760 5024 15)
779 4953 884 5007 amem
910 4938 957 5022 16)
978 4961 1015 5004 ex
1035 4961 1124 5005 more
1145 4945 1268 5008 tillsalt·
1294 4949 1341 5025 17)
1362 4943 1393 5002 in
1415 4941 1503 5004 uteri·
1539 4937 1586 5019 18)
1609 4940 1735 5002 forsitan
1760 4942 1807 5023 19)
1829 4955 1886 5000 ure
