4317 5975
796 391 865 412 ⁴...
973 289 1063 453 647⁸
1165 393 1223 418 .-

109 643 114 650 ,
218 567 398 669 5anctus
419 581 567 676 petrus
584 581 635 647 et
660 579 824 648 sanctus
851 565 1087 678 Nycholaus
1114 569 1157 652 in
1185 566 1403 671 aldachen,
1436 571 1658 658 secundum
1692 578 1783 661 iura
1813 583 1920 666 antl-

61 685 70 711 ‘
113 708 219 797 (qna,
248 679 443 762 rehabere
469 677 621 759 dehent
646 705 719 760 sua
742 693 878 787 prata.
941 746 946 752 .
1652 747 1658 754 .

29 850 36 869 .
125 847 130 858 ,
228 794 327 874 Item
357 791 391 872 si
420 792 557 902 aliqua
584 790 778 874 dissensio
798 792 975 899 emergit
1001 795 1107 874 inter
1136 791 1315 903 hospites
1342 811 1383 876 et
1410 796 1605 880 ruthenos
1633 799 1676 882 in
1700 803 1919 911 angardis,

89 905 186 990 illa
214 903 409 987 dissensio
431 905 495 983 -ita
521 900 644 983 dehet
672 903 919 1012 complanari
940 920 989 998 et
1018 906 1245 1006 terminari,
1272 921 1318 987 ut
1345 935 1437 989 cum
1456 907 1637 1020 hospites
1659 915 1776 994 estiui
1799 943 1920 998 uene·

19 1043 23 1050 ·
121 1020 222 1114 rint,
250 1044 341 1097 eum
369 1013 616 1096 dissensione
644 1013 858 1123 prehabita
887 1015 1010 1096 nichil
1037 1015 1216 1096 habeant
1245 1018 1482 1126 disponere,
1509 1026 1594 1104 siue
1623 1027 1839 1109 terminata
1866 1029 1921 1112 sit
2026 1119 2027 1124 Ν
2121 1048 2126 1054 ’

114 1128 255 1212 eadem
284 1127 478 1208 dissensio
505 1128 592 1208 siue
612 1152 715 1208 inom
764 1125 815 1206 st
843 1128 962 1209 etiam
991 1125 1056 1232 ali·
1075 1153 1128 1207 ua
1157 1128 1349 1210 dissensio
1377 1149 1467 1213 orta
1500 1133 1624 1216 fuerit
1652 1138 1759 1217 inter
1780 1140 1919 1250 hospi·

53 1297 59 1303 -
115 1259 197 1328 ten
225 1255 268 1322 et
288 1238 513 1320 ruthenum
542 1235 674 1319 sedari
701 1253 742 1320 et
760 1237 1019 1347 complanari
1046 1155 1169 1321 dehet
1196 1239 1416 1322 secuudum
1445 1244 1552 1343 iura,
1581 1263 1628 1327 ut
1653 1275 1744 1330 eum
1771 1247 1919 1361 hospes

113 1353 228 1436 abire
256 1351 501 1460 disposuerit
527 1350 689 1430 racione
721 1347 980 1432 dissensionis
1015 1349 1247 1456 nallatenus
1285 1351 1542 1462 impediatur.
1596 1359 1695 1440 Item
1727 1363 1760 1442 si
1797 1361 1920 1446 suerit

112 1459 317 1548 discordia
340 1465 453 1542 inter
473 1461 657 1570 'hospites
684 1476 725 1542 et
753 1463 1058 1570 nogardienses,
1086 1461 1227 1544 sedari
1254 1461 1376 1546 debet
1406 1467 1450 1546 in
1478 1467 1588 1565 loco,
1616 1471 1688 1552 ubi
1716 1489 1805 1554 orta
1835 1490 1943 1574 cst3¹

112 1579 152 1660 si
177 1593 307 1657 autem
328 1570 467 1654 sedari
495 1601 579 1654 uon
610 1574 753 1683 possit,
782 1573 902 1654 nulla
932 1574 1128 1684 pandatio
1156 1575 1225 1656 fiet
1253 1579 1385 1685 primo
1415 1593 1457 1658 et
1484 1580 1663 1663 secundo
1691 1611 1820 1681 annu,
1848 1584 1919 1668 sed

114 1691 155 1774 si
170 1689 216 1770 iu
231 1687 495 1768 terninanno
510 1683 712 1768 dissensio
734 1685 985 1796 complanari
1007 1711 1089 1767 non
1106 1687 1253 1797 possit,
1282 1703 1324 1768 et
1338 1689 1409 1768 liat
1425 1689 1640 1796 pandatio,
1669 1693 1917 1780 admittetur.

226 1801 331 1880 hem
360 1798 493 1878 nullus
514 1797 668 1906 ¹hospes
698 1813 830 1907 potest
857 1795 1028 1879 detineri
1057 1798 1101 1878 in
1130 1799 1241 1880 curia
1270 1800 1439 1882 alicuius
1467 1802 1651 1902 rutheni,
1692 1807 1768 1888 nisi
1806 1809 1920 1917 prius

117 1910 319 1994 indicetur
347 1907 631 2008 oldermanno,
670 1927 718 1991 ut
745 1911 975 2018 premuniat
1003 1910 1199 2023 aliquem,
1241 1914 1312 2023 qui
1347 1930 1558 2023 suspectus
1585 1931 1665 2016 est,
1707 1945 1761 1999 ne
1795 1921 1920 2002 intret
2000 1997 2008 2006 .

116 2024 272 2108 curiam
303 2022 475 2103 rutheni.
511 2026 527 2097 ἶ

231 2135 334 2215 Item
363 2134 397 2213 si
426 2133 561 2243 aliqua
590 2158 721 2214 werra
745 2131 817 2212 uel
846 2131 1045 2216 discordia
1074 2135 1180 2214 inter
1206 2149 1334 2215 terras
1360 2135 1687 2218 circumiacentcs
1711 2154 1753 2218 et
1774 2165 1919 2248 nogar-

114 2247 278 2333 dieuscs
307 2240 481 2357 (luerit),
511 2247 673 2328 racione
700 2244 823 2325 huius
850 2245 1051 2328 discordie
1077 2246 1223 2354 hospes
1245 2247 1437 2355 impediri
1461 2272 1544 2328 uon
1564 2245 1709 2346 dehet,
1735 2252 1832 2360 quia
1857 2252 1919 2331 nI·
2046 2330 2050 2338 ,

119 2360 202 2444 chil
225 2386 315 2440 eum
338 2384 468 2438 werra
495 2355 620 2438 habet
648 2355 865 2467 disponere
892 2385 941 2439 er
966 2375 1088 2468 parte
1115 2374 1311 2468 utraque;
1341 2385 1601 2472 quocumque
1629 2360 1689 2443 ire
1717 2360 1917 2461 uoluerit,
2029 2459 2032 2464 Ι

11 2508 13 2519 “
117 2474 248 2557 libere
278 2469 519 2550 dimittatur.

13 2663 18 2672 ,
228 2580 379 2663 Nullus
406 2581 530 2661 eciam
554 2579 707 2690 ‘hospes
730 2579 1023 2664 theuthonicus
1051 2578 1116 2661 uel
1146 2580 1321 2690 geteusis
1349 2598 1510 2690 tenetur
1543 2582 1606 2665 ire
1642 2584 1685 2664 in
1714 2583 1920 2693 expedici-

114 2721 257 2787 onem,
284 2721 362 2774 nec
390 2689 442 2772 ad
471 2691 548 2774 hoc
576 2689 627 2771 de
653 2694 743 2772 iure
771 2694 922 2801 poterit
950 2692 1137 2775 coartari.

230 2804 273 2885 Si
297 2805 447 2913 hospes
474 2804 640 2885 veniens
664 2801 720 2884 de
747 2804 1026 2913 superioribus
1056 2801 1242 2912 partibus
1273 2819 1382 2886 terre
1409 2831 1548 2888 uersus
1583 2805 1830 2916 gotlandiam
1860 2808 1920 2889 ire

122 2917 320 3015 uoluerit,
348 2914 461 2998 dabit
489 2916 651 2998 ecclesie
680 2918 809 2998 sancti
838 2915 1006 2999 vcidach
1035 2943 1208 2997 marcam
1242 2917 1419 3026 argentI,
1447 2944 1532 2999 non
1561 2918 1664 3028 plus.

233 3030 335 3110 Item
362 3030 395 3110 si
424 3030 571 3139 hospes
598 3028 721 3110 debet
755 3026 905 3110 ducere
934 3029 1214 3111 testimonium
1250 3030 1291 3108 iu
1328 3027 1566 3128 ruthenum,
1608 3030 1778 3113 habebit
1813 3029 1919 3117 duos

76 3236 79 3243 ,
116 3143 300 3253 ‘hospites
327 3158 367 3223 et
395 3138 497 3221 duos
530 3141 742 3238 ruthenos-3
783 3143 965 3222 similiter
993 3141 1189 3221 ruthenus
1224 3156 1366 3223 oontra
1396 3141 1715 3226 theuthonicum.
1772 3141 1815 3223 Si
1850 3170 1921 3224 ru·

120 3256 269 3337 thanus
297 3269 339 3331 et
366 3251 514 3362 hospes
544 3252 868 3335 discordauerint
896 3256 939 3333 in
968 3253 1222 3351 testimonio,
1249 3268 1291 3333 et
1318 3269 1463 3333 neuter
1489 3281 1629 3335 eorum
1659 3253 1920 3365 uelit'prete·

120 3366 304 3461 stificari,
333 3392 453 3472 super
481 3364 558 3445 hoc
586 3365 832 3461 sorciontur,
859 3363 952 3556 puis
980 3390 1120 3445 eorum
1152 3365 1478 3472 pretestificctur,
1518 3382 1559 3447 et
1593 3369 1665 3477 qui
1701 3365 1922 3475 protestifi-ss‘

103 3493 237 3572 ‚catus
265 3476 406 3571 suerit,
434 3478 595 3557 euincet
618 3477 665 3557 in
693 3504 832 3574 causa,
889 3504 912 3558 e
940 3504 1021 3585 qua
1046 3491 1258 3558 tractatur.

233 3586 273 3667 Si
303 3588 449 3698 aliquis
477 3586 675 3670 ruthenus
709 3588 868 3671 soluere
904 3587 1027 3670 dehet
1060 3585 1290 3695 hospitibus
1323 3603 1363 3667 et
1398 3586 1597 3686 ruthenis,
1641 3590 1757 3697 prius
1790 3589 1921 3672 soluet

34 3744 44 3755 ·
117 3701 271 3810 hospiti
300 3727 421 3809 qnam
451 3698 648 3800 ruthen03
693 3700 727 3778 si
749 3719 879 3781 autem
906 3698 1057 3807 hospiti
1094 3698 1253 3777 soluere
1289 3724 1371 3778 non
1407 3698 1595 3796 sufficiat,
1637 3699 1843 3805 redigetur
1877 3702 1918 3780 in

113 3814 379 3908 seruitutem,
418 3837 511 3892 cum
536 3836 668 3891 uxore
692 3826 736 3889 et
766 3812 902 3916 pueris
931 3808 1101 3916 hospiti,
1144 3825 1184 3889 et
1213 3834 1302 3889 eum
1331 3810 1365 3886 si
1395 3806 1486 3888 uuit
1520 3808 1666 3918 hospes
1699 3809 1921 3906 deducere,

115 3925 292 4034 «poterit,
332 3920 428 4003 dum
457 3941 608 4020 tamen,
647 3936 862 4031 autequam
891 3948 982 3999 eum
1011 3916 1203 4016 deducat,
1247 3916 1408 4027 publice
1435 3918 1582 4001 offerat
1618 3920 1917 4022 redimendum;

112 4038 194 4148 qui
223 4052 355 4117 autem
385 4035 419 4115 si
447 4031 497 4113 de
525 4060 574 4116 eo
604 4034 885 4129 intromiserit,
913 4031 1065 4139 hospiti
1090 4028 1224 4129 debita
1251 4028 1467 4138 persoluet.

232 4148 331 4227 Item
362 4144 592 4227 siclericus
620 4147 662 4225 in
690 4144 814 4224 saeris
842 4140 1054 4223 ordinibus
1071 4142 1337 4238 constitutus,
1366 4141 1665 4247 Oldermannus
1688 4161 1728 4225 et
1748 4144 1920 4226 nuncius

115 4258 230 4341 malo
258 4286 354 4338 casu
382 4254 639 4353 occidant-ur,
663 4253 780 4365 quod
808 4255 933 4350 absit,
961 4252 1078 4364 dupli
1107 4248 1273 4333 emenda
1297 4254 1480 4349 satisfiet,
1509 4252 1660 4335 scilicet
1680 4254 1772 4336 XX.
1796 4282 1946 4348 marc.-

112 4372 299 4478 :argenti3
339 4372 373 4449 si
403 4394 503 4447 uero
538 4367 640 4448 alius
670 4366 932 4462 interficitur,
965 4362 1256 4444 emendabitur
1285 4391 1376 4443 cnm
1404 4364 1455 4447 X.
1485 4390 1603 4445 marc.
1631 4394 1737 4473 arg.;
1778 4392 1919 4448 seruus

23 4562 39 4573 ,
113 4490 258 4563 autem
297 4480 489 4588 proprius
523 4478 803 4574 emendabitur
847 4504 938 4558 cunr
972 4474 1042 4557 ΙΙΙ.
1078 4502 1200 4557 nram.
1235 4477 1416 4583 argenti,
1459 4476 1637 4557 vulunus
1680 4477 1757 4557 riri
1801 4476 1919 4558 liberi

112 4590 406 4675 emendabitur
432 4590 484 4674 ΙΙ.
509 4618 635 4672 marc.
663 4590 843 4698 argenti,
871 4587 1019 4669 vitinus
1046 4589 1154 4669 serui
1181 4614 1272 4669 cum
1293 4584 1456 4668 dimidia
1480 4614 1612 4668 marca
1635 4589 1805 4698 argenti.
1835 4589 1918 4695 Qui

120 4704 195 4787 alii
223 4700 335 4785 dedit
362 4702 539 4810 alapam,
567 4702 800 4786 emendabit
830 4697 1036 4783 dimidiam
1065 4727 1237 4782 marcam
1267 4698 1435 4809 argenti.
1606 4781 1617 4794 ,

235 4815 361 4897 Libra
390 4814 453 4895 bis
479 4816 620 4926 equari
645 4816 771 4897 debet
797 4816 839 4894 in
868 4840 997 4910 anno,
1036 4812 1071 4892 si
1105 4808 1296 4922 expedire
1330 4810 1555 4907 ridebitur,
1598 4811 1782 4894 similiter
1809 4811 1918 4893 schla

123 4926 294 5040 (schola)
317 4928 485 5036 argenti.
527 4928 639 5010 Bona
662 4954 744 5039 que
765 4924 930 5008 adducit
951 4923 1098 5032 hospes
1121 4921 1339 5033 ponderari
1363 4919 1514 5005 debent
1535 4923 1576 5003 in
1598 4926 1709 5006 curia
1731 4926 1773 5007 in
1796 4924 1924 5021 libra,

121 5043 232 5124 sicut
259 5037 464 5152 quondam
490 5038 537 5121 in
565 5038 787 5151 pondario,
814 5054 856 5122 et
882 5038 1048 5147 recipiet
1078 5035 1328 5145 ponderator
1355 5035 1416 5116 IX
1444 5037 1556 5119 schin
1585 5034 1635 5117 de
1656 5064 1743 5147 cap.
1786 5036 1920 5141 Bona,
