4317 5975
969 482 1192 611 ...995
1298 483 1362 571 ’..
1451 528 1556 573 .·

100 774 109 797 ι
237 728 380 821 ,Dian
408 724 689 812 cardinalibus
714 722 904 809 duximus
931 724 1286 825 committendam.
1315 722 1467 837 quibus
1506 720 1712 807 decretum
1752 740 1796 807 et
1835 750 2069 837 processum

266 838 551 951 postulationis
576 834 757 945 ejusdem
785 836 1111 937 examinantibus
1138 837 1364 947 diligenter,
1393 837 1492 919 nob‘
1542 850 1604 917 ne'
1620 864 1669 918 ac
1696 834 1891 921 iratribus
1917 838 2069 919 nostris

265 979 389 1062 super
416 951 492 1031 hiis
520 946 689 1031 fideliter
716 948 888 1031 veritate
915 950 1043 1033 relata
1071 976 1286 1060 processus
1319 947 1480 1057 hujusm
1536 950 1550 1029 i
1592 976 1714 1057 super
1756 947 1891 1030 eadem
1926 964 2069 1057 postu·

266 1064 417 1145 latione
444 1058 608 1143 babitus
635 1061 856 1141 carronicus
890 1076 951 1143 est
988 1076 1187 1172 repertus.
1222 1062 1308 1143 Nos
1343 1061 1468 1168 igitur
1509 1061 1718 1169 cupientes
1759 1060 1940 1169 predicte
1981 1062 2072 1168 Vp-

266 1173 385 1256 salen.
415 1171 604 1269 Ecclesie‚
632 1198 713 1282 que
754 1171 966 1281 prudentis
1017 1171 1321 1283 gubernationis
1366 1170 1561 1279 regimine
1602 1169 1759 1279 indiget
1800 1171 1852 1261 de
1894 1176 2069 1281 persona

117 1321 120 1331 ⁴
266 1282 425 1391 ydonee
467 1283 681 1365 salubriter
718 1282 936 1392 provideri,
978 1287 1074 1395 quia
1093 1352 1099 1363 .
1117 1284 1237 1365 nobis
1278 1283 1331 1365 de
1373 1281 1608 1389 ydoneitate
1660 1308 1832 1393 persone
1875 1281 2072 1391 postulati

267 1392 439 1503 predicti
467 1393 519 1475 ad
550 1394 716 1503 plenum
746 1423 826 1475 non
856 1412 1026 1492 constat,
1054 1393 1301 1477 laudabilem
1329 1419 1483 1476 morem
1510 1394 1692 1475 Romane
1727 1394 1894 1475 ecclesie
1929 1394 2071 1475 obscr-

264 1503 580 1609 varevolentes,
596 1500 724 1584 ,vobis
752 1508 1089 1590 examinationem
1123 1532 1296 1615 persone
1341 1504 1468 1614 ipsius
1503 1505 1699 1615 postulati
1733 1503 1923 1585 duximus
1957 1525 2105 1585 com··

265 1614 515 1699 mittendam.
571 1616 773 1719 Quocirca
804 1613 1037 1701 discretioni
1072 1633 1205 1698 vestre
1246 1627 1321 1727 per
1361 1616 1583 1725 apostolica
1626 1617 1777 1724 scripta
1812 1616 2071 1716 mandamus,

122 1735 130 1747 '
265 1744 468 1838 quatenus
494 1726 687 1809 babentes
716 1754 788 1837 pre
816 1729 943 1813 oculis
970 1730 1103 1809 solum
1129 1731 1279 1826 Deum,
1318 1727 1353 1809 si
1385 1725 1559 1809 eundem
1596 1729 1842 1837 Episcopum
1880 1724 2070 1837 diligenti

265 1841 557 1919 examinatione
586 1865 760 1949 perros
789 1836 895 1921 facta
923 1839 974 1923 de
1008 1842 1112 1951 ipso,
1148 1842 1242 1936 vita,
1286 1841 1483 1936 moribus,
1527 1839 1755 1936 honestate,
1797 1839 1983 1935 scientia,
2025 1855 2072 1919 et

208 2000 234 2036 ο,
266 1950 355 2031 aliis
383 1951 578 2031 virtutum
609 1950 759 2031 meritis
788 1949 1028 2033 inveneritis
1050 1980 1136 2033 esse
1162 1948 1380 2057 ydoneum,
1409 1970 1530 2060 atque
1557 1950 1727 2057 dignum
1760 1949 1814 2031 ad
1848 1965 2072 2059 supporta-

183 2102 186 2114 ·
265 2064 417 2142 tionem
445 2062 807 2175 Archiepiscopalis
835 2066 971 2145 oneris
999 2079 1041 2143 et
1064 2062 1233 2144 honoris
1275 2064 1517 2148 auctoritate
1562 2062 1785 2170 apostolica
1824 2059 2070 2170 postulatio·

264 2200 355 2251 nem
384 2170 636 2255 admittentes
660 2172 841 2271 eundem,
869 2176 1084 2286 ipsumque
1119 2204 1142 2254 a
1177 2173 1341 2257 vinculo
1375 2202 1461 2284 quo
1502 2173 1658 2263 Aboen.
1702 2190 1861 2253 tenetur
1888 2172 2073 2257 Ecclesie

264 2283 518 2391 absolventes
545 2284 623 2364 sibi
650 2284 886 2367 transeundi
913 2286 965 2367 ad
1003 2284 1225 2394 predictam
1262 2285 1452 2393 Vpsalen.
1487 2284 1716 2381 Ecclesiam,
1754 2284 1956 2365 licentiam
1991 2290 2073 2365 tri·
2154 2352 2156 2359 .

263 2394 410 2493 buatis,
439 2391 626 2476 faciendo
652 2398 689 2477 ei
715 2426 740 2476 a
768 2398 854 2477 suis
882 2397 1054 2480 subditis
1089 2395 1362 2477 obedientiam
1397 2414 1438 2478 et
1473 2398 1739 2480 reverentiam
1779 2394 1958 2482 debitam
1992 2423 2070 2477 ex·

193 2500 195 2505 ’
262 2505 427 2586 hiberis
462 2507 655 2617 Alioquin
684 2508 958 2616 postulatione
987 2504 1169 2618 predicta
1198 2535 1281 2588 non
1308 2504 1479 2593 admissa
1515 2505 1673 2589 faciatis
1709 2505 1839 2589 eidem
1873 2506 2070 2616 Vpsalen.
2153 2540 2156 2584 1

96 2666 100 2676 ι
230 2617 440 2708 ¹Ecclesie
467 2616 518 2697 de
548 2645 721 2726 persona
763 2615 906 2700 idonea
948 2646 1022 2727 per
1061 2618 1321 2715 electionem,
1359 2646 1429 2699 seu
1473 2618 1788 2727 postulationem
1828 2621 2072 2702 canonicam
2154 2690 2156 2697 .

263 2754 338 2835 per
366 2728 420 2808 Ca
455 2728 596 2810 itulum
626 2731 753 2839 ipsius
790 2730 967 2812 Ecclesie
996 2727 1213 2839 provideri,
1244 2726 1575 2811 Contradictores
1612 2730 1699 2823 Etc.
1739 2730 1830 2809 Non
1865 2729 2070 2813 obstanti·
2152 2800 2156 2811 .

262 2838 341 2919 bus
370 2757 644 2955 indulgentiis,
673 2834 747 2949 per
773 2870 875 2952 quas
904 2840 1031 2939 vobis,
1058 2870 1132 2925 seu
1158 2840 1374 2924 ordinibus
1402 2842 1544 2925 vestris
1573 2840 1626 2921 ab
1669 2840 1808 2923 eadem
1857 2839 1960 2923 Sede
2001 2841 2070 2925 di·
2152 2879 2156 2925 1

261 2950 380 3049 citur,
409 2978 495 3034 esse
523 2980 755 3036 concessum
784 2950 898 3067 quod
924 2980 1008 3035 non
1036 2955 1255 3036 teneamini
1281 2980 1354 3036 vos
1382 2954 1650 3036 intromittere
1678 2953 1767 3036 Etc
1794 2982 1917 3064 usque
1952 2980 2070 3039 men·
2150 2994 2154 3038 4

261 3063 314 3143 tis
342 3063 552 3146 habeatur.
579 3105 583 3115 ι
606 3064 731 3168 Quod
760 3068 794 3145 si
822 3092 906 3145 non
933 3072 1071 3146 omnes
1100 3065 1177 3145 hiis
1204 3065 1450 3175 exequendis
1544 3066 1704 3146 tueritis
1739 3065 1943 3163 interesse,
1978 3063 2069 3148 duo

262 3189 441 3254 vestrum
477 3201 523 3254 ea
561 3175 847 3257 nichilominus
881 3191 1146 3285 exequantur.
1203 3176 1353 3258 Datum
1395 3205 1478 3287 epu
1550 3176 1703 3276 Vrbem
1744 3192 1920 3266 veterem
1962 3175 2070 3266 VIII
2145 3233 2155 3270 2

262 3282 358 3366 Idus
387 3285 498 3398 Julij,
527 3287 788 3371 Pontificatus
814 3287 944 3369 nostri
972 3288 1095 3372 Anno
1121 3284 1274 3379 Tertio,

272 3645 435 3791 toad.
555 3609 559 3616 ι
882 3686 1439 3836 12902d28Aug.
1607 3788 1611 3804 ,
1828 3685 2068 3796 thomas.
2143 3749 2155 3817 3:

342 3903 493 4002 Bitlopeo
515 3903 525 3965 i
547 3903 659 3970 Wexiii
681 3907 724 3968 Bo
744 3903 805 3968 och
826 3905 937 3974 Tauxx
957 3907 1100 3970 ioassom
1121 3868 1205 3992 iniyg
1227 3929 1279 3972 om
1303 3907 1407 3972 seder
1428 3905 1561 3971 Haralds
1589 3927 1659 3972 eous
1683 3905 1777 3992 gdt'va
1803 3907 1841 3986 al
1860 3877 1956 3993 llylte
1982 3893 2071 3992 gdrd
2143 3934 2154 3997 Ξ

393 4009 403 4048 ι
425 3987 521 4050 Allbo
542 3985 641 4050 barad
668 3989 714 4051 till
735 3989 858 4072 Hydala
880 3991 1005 4056 ktoeec
1624 4013 1629 4021 ’

1759 4071 1926 4154 ddum
2071 4081 2075 4088 '

370 4172 577 4254 Omnibus
601 4199 763 4281 presens
790 4175 987 4283 scriptum
1011 4173 1289 4272 cernentibus,
1325 4175 1369 4272 B,
1397 4172 1463 4258 dei
1497 4174 1635 4283 gracia
1666 4173 1938 4262 wexionensis
1969 4177 2068 4282 epi·
2145 4225 2154 4239 ·

260 4308 418 4390 scopus,
449 4287 488 4363 u
515 4277 658 4364 Turno
688 4288 893 4382 Jottntsurt,
921 4287 1093 4368 sulutem
1120 4287 1165 4366 in
1192 4283 1358 4368 domino
1392 4288 1698 4396 sempiternam,
1734 4285 1936 4368 Nouerint
1971 4300 2067 4370 tam
2144 4276 2152 4304 i

258 4397 410 4502 posteri
437 4419 560 4504 quam
589 4399 814 4504 presentes,
839 4393 964 4504 Quod
999 4399 1243 4482 constitutus
1277 4399 1320 4480 in
1355 4399 1560 4507 presencia
1597 4416 1737 4481 nostra
1771 4395 1953 4479 lutherus
1986 4393 2069 4478 ba·
2138 4368 2154 4536 l

255 4503 366 4586 ralds
393 4529 487 4600 son,
515 4502 687 4615 corpdre
730 4507 1106 4591 incolumissima
1146 4509 1293 4592 mentis
1333 4536 1511 4619 compos,
1553 4507 1797 4598 monasterio
1836 4505 2069 4606 nouetallis

255 4614 326 4696 vbi
353 4619 477 4696 eciam
508 4633 600 4725 post
628 4635 798 4699 mortem
825 4619 945 4726 elegit
985 4618 1254 4727 sepulturam,
1293 4622 1449 4704 curiam
1498 4649 1611 4705 suam
1655 4621 1782 4723 htttae
1822 4615 1973 4703 dictam
2011 4622 2067 4705 in
2137 4569 2153 4650 i

254 4717 468 4838 prouincia
496 4727 744 4813 albohaereth
772 4756 864 4810 cum
906 4726 1078 4838 prediis,
1119 4730 1251 4828 siluis,
1294 4733 1440 4841 pratis,
1482 4759 1530 4813 ac
1571 4732 1762 4813 omnibus
1804 4735 1862 4812 se
1886 4731 2065 4842 singulis
2138 4679 2154 4766 δ’

254 4839 515 4948 pertinenciis
542 4841 634 4937 suis,
663 4840 770 4922 infra
800 4867 912 4952 sepes
941 4845 1122 4941 &extra
1151 4843 1186 4922 si
1221 4860 1355 4924 tamen
1391 4848 1477 4928 sine
1518 4843 1655 4932 liberis
1692 4845 1826 4953 ipsum
1859 4841 2066 4926 decedere
2140 4825 2153 4880 ²¹

201 5017 205 5024 .
251 4952 461 5058 contingat
488 4951 817 5034 testamentaliter
847 4951 1028 5063 reliquit,
1065 4955 1154 5036 iure
1185 4973 1384 5064 perpetuo
1419 4953 1720 5064 possidendam,
1757 4957 1797 5036 &
1835 4953 2063 5065 disponen·
2134 4935 2153 5019 i

103 5111 129 5165 9
250 5060 342 5144 dam
377 5089 455 5170 pro
484 5063 662 5172 ipsorum
693 5092 869 5174 quorum
898 5065 1063 5148 interest
1093 5066 1348 5175 beneplacito
1375 5067 1608 5165 voluntatis,
1636 5070 1689 5150 Jn
1722 5071 1838 5149 cuius
1873 5069 1933 5259 spii
1967 5068 2061 5149 eui·

1025 5201 1032 5212 ·
1174 5194 1179 5203 ‘
1566 5210 1570 5216 ¹
1926 5204 1998 5258 gn.
2147 5188 2153 5238 t
