<?xml version="1.0" encoding="UTF-8"?>
<!DOCTYPE html PUBLIC "-//W3C//DTD XHTML 1.0 Transitional//EN"
    "http://www.w3.org/TR/xhtml1/DTD/xhtml1-transitional.dtd">
<html xmlns="http://www.w3.org/1999/xhtml" xml:lang="en" lang="en">
 <head>
  <title>
</title>
<meta http-equiv="Content-Type" content="text/html;charset=utf-8" />
  <meta name='ocr-system' content='tesseract 3.04.00' />
  <meta name='ocr-capabilities' content='ocr_page ocr_carea ocr_par ocr_line ocrx_word'/>
</head>
<body>
  <div class='ocr_page' id='page_1' title='image "./svensktdiplomat01swegoog/svensktdiplomat01swegoog_0784.png"; bbox 0 0 4317 5975; ppageno 0'>
   <div class='ocr_carea' id='block_1_1' title="bbox 813 283 1227 459">
    <p class='ocr_par' dir='ltr' id='par_1_1' title="bbox 813 283 1227 459">
     <span class='ocr_line' id='line_1_1' title="bbox 813 283 1227 459; baseline -0.005 -47"><span class='ocrx_word' id='word_1_1' title='bbox 813 283 1060 459; x_wconf 35' lang='lat'><strong>*1¹59?</strong></span> <span class='ocrx_word' id='word_1_2' title='bbox 1171 349 1227 410; x_wconf 81' lang='grc'><strong>.-</strong></span> 
     </span>
    </p>
   </div>
   <div class='ocr_carea' id='block_1_2' title="bbox 123 493 1919 938">
    <p class='ocr_par' dir='ltr' id='par_1_2' title="bbox 123 493 1919 938">
     <span class='ocr_line' id='line_1_2' title="bbox 125 493 1919 636; baseline 0.004 -32"><span class='ocrx_word' id='word_1_3' title='bbox 125 522 273 604; x_wconf 87' lang='lat' dir='ltr'><strong>babeat</strong></span> <span class='ocrx_word' id='word_1_4' title='bbox 300 519 562 631; x_wconf 75' lang='lat' dir='ltr'><strong>corporalem.</strong></span> <span class='ocrx_word' id='word_1_5' title='bbox 620 524 671 604; x_wconf 85' lang='lat' dir='ltr'><strong>Jn</strong></span> <span class='ocrx_word' id='word_1_6' title='bbox 701 525 819 604; x_wconf 90' lang='lat' dir='ltr'><strong>cuius</strong></span> <span class='ocrx_word' id='word_1_7' title='bbox 853 524 912 602; x_wconf 91' lang='lat' dir='ltr'><strong>rei</strong></span> <span class='ocrx_word' id='word_1_8' title='bbox 954 525 1226 607; x_wconf 86' lang='lat' dir='ltr'><strong>testimonium</strong></span> <span class='ocrx_word' id='word_1_9' title='bbox 1269 525 1445 636; x_wconf 89' lang='lat' dir='ltr'><strong>sigillum</strong></span> <span class='ocrx_word' id='word_1_10' title='bbox 1487 555 1640 627; x_wconf 86' lang='lat' dir='ltr'><strong>meum,</strong></span> <span class='ocrx_word' id='word_1_11' title='bbox 1683 535 1782 628; x_wconf 81' lang='lat' dir='ltr'><strong>vna,</strong></span> <span class='ocrx_word' id='word_1_12' title='bbox 1825 493 1919 612; x_wconf 86' lang='lat' dir='ltr'><strong>cum</strong></span> 
     </span>
     <span class='ocr_line' id='line_1_3' title="bbox 123 632 1916 749; baseline 0.005 -35"><span class='ocrx_word' id='word_1_13' title='bbox 123 633 255 741; x_wconf 87' lang='lat' dir='ltr'><strong>sigillo</strong></span> <span class='ocrx_word' id='word_1_14' title='bbox 285 635 431 741; x_wconf 91' lang='lat' dir='ltr'><strong>prioris</strong></span> <span class='ocrx_word' id='word_1_15' title='bbox 459 633 630 715; x_wconf 78' lang='lat' dir='ltr'><strong>fratrum</strong></span> <span class='ocrx_word' id='word_1_16' title='bbox 660 632 959 744; x_wconf 74' lang='lat' dir='ltr'><strong>predicatorum</strong></span> <span class='ocrx_word' id='word_1_17' title='bbox 992 635 1148 734; x_wconf 91' lang='lat' dir='ltr'><strong>lundis,</strong></span> <span class='ocrx_word' id='word_1_18' title='bbox 1179 637 1294 732; x_wconf 84' lang='lat' dir='ltr'><strong>duxi,</strong></span> <span class='ocrx_word' id='word_1_19' title='bbox 1314 643 1577 749; x_wconf 86' lang='lat' dir='ltr'><strong>presentibus</strong></span> <span class='ocrx_word' id='word_1_20' title='bbox 1619 643 1916 749; x_wconf 84' lang='lat' dir='ltr'><strong>apponendum.</strong></span> 
     </span>
     <span class='ocr_line' id='line_1_4' title="bbox 123 744 1916 874; baseline 0.005 -49"><span class='ocrx_word' id='word_1_21' title='bbox 123 748 271 826; x_wconf 87' lang='lat' dir='ltr'><strong>Datum</strong></span> <span class='ocrx_word' id='word_1_22' title='bbox 299 744 435 874; x_wconf 82' lang='lat' dir='ltr'><strong>lundis</strong></span> <span class='ocrx_word' id='word_1_23' title='bbox 463 774 570 828; x_wconf 87' lang='lat' dir='ltr'><strong>anno</strong></span> <span class='ocrx_word' id='word_1_24' title='bbox 599 746 764 827; x_wconf 90' lang='lat' dir='ltr'><strong>domini.</strong></span> <span class='ocrx_word' id='word_1_25' title='bbox 793 745 867 827; x_wconf 64' lang='grc' dir='ltr'><strong>ΜΟ.</strong></span> <span class='ocrx_word' id='word_1_26' title='bbox 894 746 1028 828; x_wconf 86' lang='lat' dir='ltr'><strong>CCC0.</strong></span> <span class='ocrx_word' id='word_1_27' title='bbox 1057 749 1233 848; x_wconf 90' lang='lat' dir='ltr'><strong>decimo,</strong></span> <span class='ocrx_word' id='word_1_28' title='bbox 1277 751 1320 830; x_wconf 93' lang='lat' dir='ltr'><strong>in</strong></span> <span class='ocrx_word' id='word_1_29' title='bbox 1362 751 1428 834; x_wconf 88' lang='lat' dir='ltr'><strong>die</strong></span> <span class='ocrx_word' id='word_1_30' title='bbox 1456 751 1565 834; x_wconf 86' lang='lat' dir='ltr'><strong>beati</strong></span> <span class='ocrx_word' id='word_1_31' title='bbox 1586 785 1588 792; x_wconf 93' lang='lat'>·</span> <span class='ocrx_word' id='word_1_32' title='bbox 1608 753 1784 834; x_wconf 90' lang='lat' dir='ltr'><strong>marcelli</strong></span> <span class='ocrx_word' id='word_1_33' title='bbox 1812 779 1916 863; x_wconf 87' lang='lat' dir='ltr'><strong>pape</strong></span> 
     </span>
     <span class='ocr_line' id='line_1_5' title="bbox 123 873 1259 938; baseline -0.008 -1"><span class='ocrx_word' id='word_1_34' title='bbox 123 873 163 938; x_wconf 84' lang='lat' dir='ltr'><strong>ct</strong></span> <span class='ocrx_word' id='word_1_35' title='bbox 191 873 375 936; x_wconf 77' lang='lat' dir='ltr'><strong>martiris.</strong></span> <span class='ocrx_word' id='word_1_36' title='bbox 1253 879 1259 894; x_wconf 57' lang='lat'>³</span> 
     </span>
    </p>
   </div>
   <div class='ocr_carea' id='block_1_3' title="bbox 27 995 1951 1200">
    <p class='ocr_par' dir='ltr' id='par_1_3' title="bbox 27 995 1951 1200">
     <span class='ocr_line' id='line_1_6' title="bbox 123 995 1915 1092; baseline 0.003 -30"><span class='ocrx_word' id='word_1_37' title='bbox 123 999 171 1062; x_wconf 76' lang='lat' dir='ltr'><strong>Pa</strong></span> <span class='ocrx_word' id='word_1_38' title='bbox 181 998 379 1082; x_wconf 68' lang='lat' dir='ltr'><strong>fratricidam·</strong></span> <span class='ocrx_word' id='word_1_39' title='bbox 397 996 502 1090; x_wconf 84' lang='lat' dir='ltr'><strong>Super</strong></span> <span class='ocrx_word' id='word_1_40' title='bbox 521 997 614 1061; x_wconf 80' lang='lat' dir='ltr'><strong>bonis</strong></span> <span class='ocrx_word' id='word_1_41' title='bbox 634 1000 668 1060; x_wconf 88' lang='lat' dir='ltr'><strong>in</strong></span> <span class='ocrx_word' id='word_1_42' title='bbox 688 995 853 1083; x_wconf 75' lang='lat' dir='ltr'><strong>vrsglrcrp</strong></span> <span class='ocrx_word' id='word_1_43' title='bbox 869 1017 932 1082; x_wconf 88' lang='lat' dir='ltr'><strong>pro</strong></span> <span class='ocrx_word' id='word_1_44' title='bbox 947 1000 1165 1064; x_wconf 77' lang='lat' dir='ltr'><strong>anniuersario</strong></span> <span class='ocrx_word' id='word_1_45' title='bbox 1175 999 1301 1066; x_wconf 85' lang='lat' dir='ltr'><strong>dominc</strong></span> <span class='ocrx_word' id='word_1_46' title='bbox 1312 1005 1420 1070; x_wconf 80' lang='lat' dir='ltr'>cecilie</span> <span class='ocrx_word' id='word_1_47' title='bbox 1431 1005 1523 1073; x_wconf 79' lang='lat' dir='ltr'><strong>lalffs</strong></span> <span class='ocrx_word' id='word_1_48' title='bbox 1534 1025 1592 1092; x_wconf 87' lang='lat' dir='ltr'><strong>per</strong></span> <span class='ocrx_word' id='word_1_49' title='bbox 1603 1005 1758 1070; x_wconf 87' lang='lat' dir='ltr'><strong>decanum</strong></span> <span class='ocrx_word' id='word_1_50' title='bbox 1769 1005 1915 1070; x_wconf 89' lang='lat' dir='ltr'><strong>tenendo.</strong></span> 
     </span>
     <span class='ocr_line' id='line_1_7' title="bbox 27 1105 1951 1200; baseline 0.005 -27"><span class='ocrx_word' id='word_1_51' title='bbox 27 1105 31 1109; x_wconf 60' lang='grc'><em>’</em></span> <span class='ocrx_word' id='word_1_52' title='bbox 717 1112 850 1195; x_wconf 83' lang='lat' dir='ltr'><strong>Sigilleu</strong></span> <span class='ocrx_word' id='word_1_53' title='bbox 870 1112 977 1176; x_wconf 78' lang='lat' dir='ltr'><strong>torta.</strong></span> <span class='ocrx_word' id='word_1_54' title='bbox 1018 1114 1147 1178; x_wconf 77' lang='lat' dir='ltr'><strong>Bretver</strong></span> <span class='ocrx_word' id='word_1_55' title='bbox 1169 1115 1322 1200; x_wconf 74' lang='lat' dir='ltr'><strong>t&#39;o&#39;ndrigt.</strong></span> <span class='ocrx_word' id='word_1_56' title='bbox 1375 1133 1379 1142; x_wconf 91' lang='grc'><strong>’</strong></span> <span class='ocrx_word' id='word_1_57' title='bbox 1949 1105 1951 1114; x_wconf 58' lang='grc'><strong>’</strong></span> 
     </span>
    </p>
   </div>
   <div class='ocr_carea' id='block_1_4' title="bbox 87 1471 1932 1664">
    <p class='ocr_par' dir='ltr' id='par_1_4' title="bbox 87 1471 1932 1664">
     <span class='ocr_line' id='line_1_8' title="bbox 87 1471 1932 1664; baseline 0.002 -44"><span class='ocrx_word' id='word_1_58' title='bbox 87 1516 303 1643; x_wconf 54' lang='grc'><strong>4650.</strong></span> <span class='ocrx_word' id='word_1_59' title='bbox 490 1490 494 1499; x_wconf 24' lang='lat'>⁸</span> <span class='ocrx_word' id='word_1_60' title='bbox 618 1645 620 1651; x_wconf 16' lang='grc' dir='ltr'>Ι</span> <span class='ocrx_word' id='word_1_61' title='bbox 759 1512 1273 1630; x_wconf 67' lang='lat' dir='ltr'><strong>1310d.,26Jan.</strong></span> <span class='ocrx_word' id='word_1_62' title='bbox 1578 1471 1583 1485; x_wconf 67' lang='lat'>·</span> <span class='ocrx_word' id='word_1_63' title='bbox 1716 1517 1932 1664; x_wconf 63' lang='lat' dir='ltr'><strong>Hjiilsta,</strong></span> 
     </span>
    </p>
   </div>
   <div class='ocr_carea' id='block_1_5' title="bbox 201 1685 1920 1896">
    <p class='ocr_par' dir='ltr' id='par_1_5' title="bbox 201 1685 1920 1896">
     <span class='ocr_line' id='line_1_9' title="bbox 201 1685 1915 1790; baseline 0 -22"><span class='ocrx_word' id='word_1_64' title='bbox 201 1703 436 1788; x_wconf 72' lang='lat' dir='ltr'><strong>lrlebisbopcn</strong></span> <span class='ocrx_word' id='word_1_65' title='bbox 458 1704 529 1766; x_wconf 84' lang='lat' dir='ltr'><strong>Nus</strong></span> <span class='ocrx_word' id='word_1_66' title='bbox 549 1701 749 1767; x_wconf 81' lang='lat' dir='ltr'><strong>Kcrrmssors</strong></span> <span class='ocrx_word' id='word_1_67' title='bbox 770 1705 781 1764; x_wconf 92' lang='lat' dir='ltr'><strong>i</strong></span> <span class='ocrx_word' id='word_1_68' title='bbox 802 1702 934 1787; x_wconf 84' lang='lat' dir='ltr'><strong>Upsala,</strong></span> <span class='ocrx_word' id='word_1_69' title='bbox 956 1701 1057 1784; x_wconf 80' lang='lat' dir='ltr'><strong>enllgt</strong></span> <span class='ocrx_word' id='word_1_70' title='bbox 1077 1701 1310 1785; x_wconf 68' lang='lat' dir='ltr'><strong>idrorduaude‚</strong></span> <span class='ocrx_word' id='word_1_71' title='bbox 1332 1703 1414 1766; x_wconf 72' lang='lat' dir='ltr'><strong>atter</strong></span> <span class='ocrx_word' id='word_1_72' title='bbox 1445 1703 1604 1768; x_wconf 69' lang='lat' dir='ltr'><strong>marsum</strong></span> <span class='ocrx_word' id='word_1_73' title='bbox 1636 1685 1915 1790; x_wconf 73' lang='lat' dir='ltr'><strong>bouppteclning,</strong></span> 
     </span>
     <span class='ocr_line' id='line_1_10' title="bbox 242 1786 1920 1896; baseline 0.002 -47"><span class='ocrx_word' id='word_1_74' title='bbox 242 1786 637 1871; x_wconf 78' lang='lat' dir='ltr'><strong>gjordatestamentariskn</strong></span> <span class='ocrx_word' id='word_1_75' title='bbox 656 1788 835 1869; x_wconf 80' lang='lat' dir='ltr'><strong>anordning</strong></span> <span class='ocrx_word' id='word_1_76' title='bbox 856 1807 911 1849; x_wconf 86' lang='lat' dir='ltr'><strong>om</strong></span> <span class='ocrx_word' id='word_1_77' title='bbox 932 1786 1110 1867; x_wconf 75' lang='lat' dir='ltr'><strong>Raguwsld</strong></span> <span class='ocrx_word' id='word_1_78' title='bbox 1131 1788 1294 1870; x_wconf 77' lang='lat' dir='ltr'><strong>lngessons</strong></span> <span class='ocrx_word' id='word_1_79' title='bbox 1315 1787 1561 1876; x_wconf 77' lang='lat' dir='ltr'><strong>qrarldtenslap</strong></span> <span class='ocrx_word' id='word_1_80' title='bbox 1584 1788 1635 1852; x_wconf 85' lang='lat' dir='ltr'><strong>till</strong></span> <span class='ocrx_word' id='word_1_81' title='bbox 1656 1786 1920 1896; x_wconf 49' lang='lat' dir='ltr'><strong>kyrlorstlos‘t&#39;ct·</strong></span> 
     </span>
    </p>
   </div>
   <div class='ocr_carea' id='block_1_6' title="bbox 240 1870 1895 2020">
    <p class='ocr_par' dir='ltr' id='par_1_6' title="bbox 240 1870 1895 2020">
     <span class='ocr_line' id='line_1_11' title="bbox 240 1870 1895 2020; baseline -0.001 -86"><span class='ocrx_word' id='word_1_82' title='bbox 240 1871 304 1934; x_wconf 88' lang='lat' dir='ltr'><strong>oclr</strong></span> <span class='ocrx_word' id='word_1_83' title='bbox 324 1870 466 1934; x_wconf 78' lang='lat' dir='ltr'><strong>enskilda</strong></span> <span class='ocrx_word' id='word_1_84' title='bbox 487 1889 649 1956; x_wconf 74' lang='lat' dir='ltr'><strong>personet.</strong></span> <span class='ocrx_word' id='word_1_85' title='bbox 1716 1951 1774 2020; x_wconf 57' lang='grc' dir='ltr'><strong><em>Μ</em></strong></span> <span class='ocrx_word' id='word_1_86' title='bbox 1891 1935 1895 1948; x_wconf 69' lang='grc'><strong>,</strong></span> 
     </span>
    </p>
   </div>
   <div class='ocr_carea' id='block_1_7' title="bbox 37 2051 1977 2386">
    <p class='ocr_par' dir='ltr' id='par_1_7' title="bbox 37 2051 1977 2386">
     <span class='ocr_line' id='line_1_12' title="bbox 229 2051 1977 2172; baseline -0.002 -34"><span class='ocrx_word' id='word_1_87' title='bbox 229 2055 432 2138; x_wconf 80' lang='lat' dir='ltr'><strong>Omnibus</strong></span> <span class='ocrx_word' id='word_1_88' title='bbox 468 2061 673 2164; x_wconf 83' lang='lat' dir='ltr'><strong>presentes</strong></span> <span class='ocrx_word' id='word_1_89' title='bbox 715 2051 870 2134; x_wconf 85' lang='lat' dir='ltr'><strong>litteras</strong></span> <span class='ocrx_word' id='word_1_90' title='bbox 915 2053 1158 2162; x_wconf 87' lang='lat' dir='ltr'><strong>inspecturis</strong></span> <span class='ocrx_word' id='word_1_91' title='bbox 1200 2055 1410 2137; x_wconf 75' lang='lat' dir='ltr'><strong>Ntcotsus</strong></span> <span class='ocrx_word' id='word_1_92' title='bbox 1454 2051 1591 2138; x_wconf 92' lang='lat' dir='ltr'><strong>diuina</strong></span> <span class='ocrx_word' id='word_1_93' title='bbox 1635 2051 1917 2152; x_wconf 87' lang='lat' dir='ltr'><strong>Miseracione&#39;,</strong></span> <span class='ocrx_word' id='word_1_94' title='bbox 1970 2155 1977 2172; x_wconf 37' lang='grc' dir='ltr'><strong><em>Ι</em></strong></span> 
     </span>
     <span class='ocr_line' id='line_1_13' title="bbox 120 2163 1917 2276; baseline 0.001 -32"><span class='ocrx_word' id='word_1_95' title='bbox 120 2164 445 2275; x_wconf 84' lang='lat' dir='ltr'><strong>archiepiscopus</strong></span> <span class='ocrx_word' id='word_1_96' title='bbox 487 2163 725 2272; x_wconf 75' lang='lat' dir='ltr'><strong>upsalensis,</strong></span> <span class='ocrx_word' id='word_1_97' title='bbox 767 2163 945 2244; x_wconf 80' lang='lat' dir='ltr'><strong>Salutem</strong></span> <span class='ocrx_word' id='word_1_98' title='bbox 976 2166 1018 2245; x_wconf 92' lang='lat' dir='ltr'><strong>in</strong></span> <span class='ocrx_word' id='word_1_99' title='bbox 1055 2163 1221 2276; x_wconf 89' lang='lat' dir='ltr'><strong>domino</strong></span> <span class='ocrx_word' id='word_1_100' title='bbox 1251 2167 1541 2274; x_wconf 86' lang='lat' dir='ltr'><strong>sempiternam.</strong></span> <span class='ocrx_word' id='word_1_101' title='bbox 1611 2167 1726 2248; x_wconf 85' lang='lat' dir='ltr'><strong>Licet</strong></span> <span class='ocrx_word' id='word_1_102' title='bbox 1763 2167 1917 2246; x_wconf 88' lang='lat' dir='ltr'><strong>incerta</strong></span> 
     </span>
     <span class='ocr_line' id='line_1_14' title="bbox 37 2274 1917 2386; baseline 0 -30"><span class='ocrx_word' id='word_1_103' title='bbox 37 2338 40 2342; x_wconf 58' lang='grc'><em>»</em></span> <span class='ocrx_word' id='word_1_104' title='bbox 121 2277 265 2382; x_wconf 84' lang='lat' dir='ltr'><strong>Mortis</strong></span> <span class='ocrx_word' id='word_1_105' title='bbox 291 2278 390 2357; x_wconf 91' lang='lat' dir='ltr'><strong>bora</strong></span> <span class='ocrx_word' id='word_1_106' title='bbox 419 2303 577 2385; x_wconf 87' lang='lat' dir='ltr'><strong>semper</strong></span> <span class='ocrx_word' id='word_1_107' title='bbox 604 2275 747 2356; x_wconf 88' lang='lat' dir='ltr'><strong>debeat</strong></span> <span class='ocrx_word' id='word_1_108' title='bbox 778 2284 820 2355; x_wconf 92' lang='lat' dir='ltr'><strong>in</strong></span> <span class='ocrx_word' id='word_1_109' title='bbox 849 2274 985 2356; x_wconf 89' lang='lat' dir='ltr'><strong>animo</strong></span> <span class='ocrx_word' id='word_1_110' title='bbox 1015 2275 1225 2384; x_wconf 75' lang='lat' dir='ltr'><strong>prudentis</strong></span> <span class='ocrx_word' id='word_1_111' title='bbox 1253 2303 1339 2356; x_wconf 89' lang='lat' dir='ltr'><strong>esse</strong></span> <span class='ocrx_word' id='word_1_112' title='bbox 1370 2295 1577 2386; x_wconf 87' lang='lat' dir='ltr'><strong>suspecta,</strong></span> <span class='ocrx_word' id='word_1_113' title='bbox 1619 2276 1816 2386; x_wconf 88' lang='lat' dir='ltr'><strong>Corporis</strong></span> <span class='ocrx_word' id='word_1_114' title='bbox 1856 2295 1917 2356; x_wconf 87' lang='lat' dir='ltr'><strong>ta·</strong></span> 
     </span>
    </p>
   </div>
   <div class='ocr_carea' id='block_1_8' title="bbox 64 2385 2135 2497">
    <p class='ocr_par' dir='ltr' id='par_1_8' title="bbox 64 2385 2135 2497">
     <span class='ocr_line' id='line_1_15' title="bbox 64 2385 2135 2497; baseline 0 -31"><span class='ocrx_word' id='word_1_115' title='bbox 64 2415 209 2468; x_wconf 73' lang='lat' dir='ltr'><strong>&gt;men</strong></span> <span class='ocrx_word' id='word_1_116' title='bbox 239 2390 470 2468; x_wconf 86' lang='lat' dir='ltr'><strong>imminente</strong></span> <span class='ocrx_word' id='word_1_117' title='bbox 500 2387 686 2496; x_wconf 87' lang='lat' dir='ltr'><strong>langore,</strong></span> <span class='ocrx_word' id='word_1_118' title='bbox 713 2385 810 2494; x_wconf 89' lang='lat' dir='ltr'><strong>plus</strong></span> <span class='ocrx_word' id='word_1_119' title='bbox 842 2386 1094 2468; x_wconf 81' lang='lat' dir='ltr'><strong>naturaliter·</strong></span> <span class='ocrx_word' id='word_1_120' title='bbox 1122 2387 1247 2497; x_wconf 90' lang='lat' dir='ltr'><strong>ipsius</strong></span> <span class='ocrx_word' id='word_1_121' title='bbox 1283 2387 1529 2470; x_wconf 89' lang='lat' dir='ltr'><strong>formidatur</strong></span> <span class='ocrx_word' id='word_1_122' title='bbox 1566 2404 1749 2474; x_wconf 86' lang='lat' dir='ltr'><strong>euentus.</strong></span> <span class='ocrx_word' id='word_1_123' title='bbox 1805 2388 1917 2490; x_wconf 88' lang='lat' dir='ltr'><strong>Qua·</strong></span> <span class='ocrx_word' id='word_1_124' title='bbox 2038 2483 2042 2486; x_wconf 34' lang='grc'><strong>,</strong></span> <span class='ocrx_word' id='word_1_125' title='bbox 2132 2407 2135 2414; x_wconf 79' lang='grc'><em>’</em></span> 
     </span>
    </p>
   </div>
   <div class='ocr_carea' id='block_1_9' title="bbox 73 2496 1917 2831">
    <p class='ocr_par' dir='ltr' id='par_1_9' title="bbox 73 2496 1917 2831">
     <span class='ocr_line' id='line_1_16' title="bbox 73 2496 1917 2606; baseline 0.001 -29"><span class='ocrx_word' id='word_1_126' title='bbox 73 2535 78 2541; x_wconf 87' lang='grc'><em>·</em></span> <span class='ocrx_word' id='word_1_127' title='bbox 121 2515 291 2606; x_wconf 90' lang='lat' dir='ltr'><strong>propter</strong></span> <span class='ocrx_word' id='word_1_128' title='bbox 318 2496 593 2606; x_wconf 87' lang='lat' dir='ltr'><strong>Rangwaldus</strong></span> <span class='ocrx_word' id='word_1_129' title='bbox 621 2498 725 2603; x_wconf 89' lang='lat' dir='ltr'><strong>ingae</strong></span> <span class='ocrx_word' id='word_1_130' title='bbox 752 2525 826 2580; x_wconf 88' lang='lat' dir='ltr'><strong>son</strong></span> <span class='ocrx_word' id='word_1_131' title='bbox 855 2499 963 2580; x_wconf 91' lang='lat' dir='ltr'><strong>bone</strong></span> <span class='ocrx_word' id='word_1_132' title='bbox 1006 2501 1216 2596; x_wconf 85' lang='lat' dir='ltr'><strong>memorie,</strong></span> <span class='ocrx_word' id='word_1_133' title='bbox 1258 2514 1558 2598; x_wconf 86' lang='lat' dir='ltr'><strong>mentesanus,</strong></span> <span class='ocrx_word' id='word_1_134' title='bbox 1601 2499 1693 2581; x_wconf 90' lang='lat' dir='ltr'><strong>licet</strong></span> <span class='ocrx_word' id='word_1_135' title='bbox 1734 2501 1917 2606; x_wconf 89' lang='lat' dir='ltr'><strong>grauiter</strong></span> 
     </span>
     <span class='ocr_line' id='line_1_17' title="bbox 118 2607 1917 2719; baseline 0 -31"><span class='ocrx_word' id='word_1_136' title='bbox 118 2635 289 2719; x_wconf 89' lang='lat' dir='ltr'><strong>corpore</strong></span> <span class='ocrx_word' id='word_1_137' title='bbox 319 2611 532 2716; x_wconf 88' lang='lat' dir='ltr'><strong>languens,</strong></span> <span class='ocrx_word' id='word_1_138' title='bbox 560 2607 664 2690; x_wconf 73' lang='lat' dir='ltr'><strong>fact‘a</strong></span> <span class='ocrx_word' id='word_1_139' title='bbox 690 2607 960 2706; x_wconf 81' lang='lat' dir='ltr'><strong>confessione,</strong></span> <span class='ocrx_word' id='word_1_140' title='bbox 990 2607 1159 2690; x_wconf 91' lang='lat' dir='ltr'><strong>domiuo</strong></span> <span class='ocrx_word' id='word_1_141' title='bbox 1201 2608 1334 2692; x_wconf 86' lang='lat' dir='ltr'><strong>Olauo</strong></span> <span class='ocrx_word' id='word_1_142' title='bbox 1369 2610 1525 2692; x_wconf 80' lang='lat' dir='ltr'><strong>rectori</strong></span> <span class='ocrx_word' id='word_1_143' title='bbox 1568 2610 1732 2693; x_wconf 87' lang='lat' dir='ltr'><strong>ecclesie</strong></span> <span class='ocrx_word' id='word_1_144' title='bbox 1775 2608 1917 2689; x_wconf 87' lang='lat' dir='ltr'><strong>hildis-</strong></span> 
     </span>
     <span class='ocr_line' id='line_1_18' title="bbox 100 2716 1913 2831; baseline 0 -28"><span class='ocrx_word' id='word_1_145' title='bbox 100 2716 249 2830; x_wconf 72' lang='lat' dir='ltr'><strong>¹bdgb,</strong></span> <span class='ocrx_word' id='word_1_146' title='bbox 288 2718 391 2801; x_wconf 81' lang='lat' dir='ltr'><strong>dixit</strong></span> <span class='ocrx_word' id='word_1_147' title='bbox 426 2719 588 2828; x_wconf 87' lang='lat' dir='ltr'><strong>publice</strong></span> <span class='ocrx_word' id='word_1_148' title='bbox 613 2745 749 2801; x_wconf 83' lang='lat' dir='ltr'><strong>coram</strong></span> <span class='ocrx_word' id='word_1_149' title='bbox 777 2745 827 2802; x_wconf 91' lang='lat' dir='ltr'><strong>eo</strong></span> <span class='ocrx_word' id='word_1_150' title='bbox 856 2739 896 2803; x_wconf 88' lang='lat' dir='ltr'><strong>et</strong></span> <span class='ocrx_word' id='word_1_151' title='bbox 924 2719 1010 2800; x_wconf 88' lang='lat' dir='ltr'><strong>aliis</strong></span> <span class='ocrx_word' id='word_1_152' title='bbox 1038 2717 1283 2818; x_wconf 88' lang='lat' dir='ltr'><strong>astantibus,</strong></span> <span class='ocrx_word' id='word_1_153' title='bbox 1314 2721 1426 2830; x_wconf 90' lang='lat' dir='ltr'><strong>quod</strong></span> <span class='ocrx_word' id='word_1_154' title='bbox 1453 2722 1576 2831; x_wconf 90' lang='lat' dir='ltr'><strong>elegit</strong></span> <span class='ocrx_word' id='word_1_155' title='bbox 1611 2719 1721 2830; x_wconf 91' lang='lat' dir='ltr'><strong>apud</strong></span> <span class='ocrx_word' id='word_1_156' title='bbox 1765 2719 1913 2803; x_wconf 86' lang='lat' dir='ltr'><strong>fratres</strong></span> 
     </span>
    </p>
   </div>
   <div class='ocr_carea' id='block_1_10' title="bbox 87 2829 2048 2944">
    <p class='ocr_par' dir='ltr' id='par_1_10' title="bbox 87 2829 2048 2944">
     <span class='ocr_line' id='line_1_19' title="bbox 87 2829 2048 2944; baseline -0.001 -31"><span class='ocrx_word' id='word_1_157' title='bbox 87 2903 91 2913; x_wconf 90' lang='grc'><em>,</em></span> <span class='ocrx_word' id='word_1_158' title='bbox 119 2832 393 2938; x_wconf 87' lang='lat' dir='ltr'><strong>predicatores</strong></span> <span class='ocrx_word' id='word_1_159' title='bbox 420 2831 609 2926; x_wconf 90' lang='lat' dir='ltr'><strong>sictonie,</strong></span> <span class='ocrx_word' id='word_1_160' title='bbox 640 2859 734 2911; x_wconf 92' lang='lat' dir='ltr'><strong>cum</strong></span> <span class='ocrx_word' id='word_1_161' title='bbox 763 2848 889 2912; x_wconf 90' lang='lat' dir='ltr'><strong>matre</strong></span> <span class='ocrx_word' id='word_1_162' title='bbox 917 2858 989 2910; x_wconf 90' lang='lat' dir='ltr'><strong>sua</strong></span> <span class='ocrx_word' id='word_1_163' title='bbox 1016 2831 1283 2939; x_wconf 86' lang='lat' dir='ltr'><strong>sepulturam,</strong></span> <span class='ocrx_word' id='word_1_164' title='bbox 1313 2833 1366 2911; x_wconf 85' lang='lat' dir='ltr'><strong>Et</strong></span> <span class='ocrx_word' id='word_1_165' title='bbox 1400 2831 1513 2944; x_wconf 75' lang='lat' dir='ltr'><strong>quod</strong></span> <span class='ocrx_word' id='word_1_166' title='bbox 1540 2831 1734 2913; x_wconf 82' lang='lat' dir='ltr'><strong>fratribus</strong></span> <span class='ocrx_word' id='word_1_167' title='bbox 1763 2829 1914 2912; x_wconf 89' lang='lat' dir='ltr'><strong>ibidem</strong></span> <span class='ocrx_word' id='word_1_168' title='bbox 2043 2835 2048 2842; x_wconf 86' lang='lat'>&#39;</span> 
     </span>
    </p>
   </div>
   <div class='ocr_carea' id='block_1_11' title="bbox 81 2939 1939 3497">
    <p class='ocr_par' dir='ltr' id='par_1_11' title="bbox 81 2939 1939 3497">
     <span class='ocr_line' id='line_1_20' title="bbox 119 2939 1917 3054; baseline 0.001 -30"><span class='ocrx_word' id='word_1_169' title='bbox 119 2943 282 3054; x_wconf 82' lang='lat' dir='ltr'><strong>legabat</strong></span> <span class='ocrx_word' id='word_1_170' title='bbox 309 2957 507 3054; x_wconf 90' lang='lat' dir='ltr'><strong>quantum</strong></span> <span class='ocrx_word' id='word_1_171' title='bbox 537 2957 653 3051; x_wconf 89' lang='lat' dir='ltr'><strong>pater</strong></span> <span class='ocrx_word' id='word_1_172' title='bbox 680 2970 776 3024; x_wconf 92' lang='lat' dir='ltr'><strong>suus</strong></span> <span class='ocrx_word' id='word_1_173' title='bbox 807 2939 956 3025; x_wconf 90' lang='lat' dir='ltr'><strong>eisdem</strong></span> <span class='ocrx_word' id='word_1_174' title='bbox 986 2939 1206 3049; x_wconf 85' lang='lat' dir='ltr'><strong>legauerat,</strong></span> <span class='ocrx_word' id='word_1_175' title='bbox 1226 2940 1412 3027; x_wconf 86' lang='lat' dir='ltr'><strong>videlicet</strong></span> <span class='ocrx_word' id='word_1_176' title='bbox 1432 2940 1713 3053; x_wconf 85' lang='lat' dir='ltr'><strong>Quadraginta</strong></span> <span class='ocrx_word' id='word_1_177' title='bbox 1733 2941 1917 3025; x_wconf 89' lang='lat' dir='ltr'><strong>Marcbas</strong></span> 
     </span>
     <span class='ocr_line' id='line_1_21' title="bbox 118 3052 1914 3167; baseline -0.002 -31"><span class='ocrx_word' id='word_1_178' title='bbox 118 3054 393 3149; x_wconf 72' lang='lat' dir='ltr'><strong>denariorum,</strong></span> <span class='ocrx_word' id='word_1_179' title='bbox 447 3056 546 3135; x_wconf 87' lang='lat' dir='ltr'><strong>Post&#39;</strong></span> <span class='ocrx_word' id='word_1_180' title='bbox 575 3052 654 3135; x_wconf 86' lang='lat' dir='ltr'><strong>boc</strong></span> <span class='ocrx_word' id='word_1_181' title='bbox 681 3081 772 3135; x_wconf 88' lang='lat' dir='ltr'><strong>cum</strong></span> <span class='ocrx_word' id='word_1_182' title='bbox 802 3056 1114 3164; x_wconf 85' lang='lat' dir='ltr'><strong>prolongaretur</strong></span> <span class='ocrx_word' id='word_1_183' title='bbox 1143 3054 1352 3137; x_wconf 84' lang='lat' dir='ltr'><strong>infirmitas</strong></span> <span class='ocrx_word' id='word_1_184' title='bbox 1391 3057 1518 3167; x_wconf 89' lang='lat' dir='ltr'><strong>ipsius</strong></span> <span class='ocrx_word' id='word_1_185' title='bbox 1553 3071 1706 3165; x_wconf 89' lang='lat' dir='ltr'><strong>septem</strong></span> <span class='ocrx_word' id='word_1_186' title='bbox 1750 3053 1914 3153; x_wconf 90' lang='lat' dir='ltr'><strong>diebus,</strong></span> 
     </span>
     <span class='ocr_line' id='line_1_22' title="bbox 117 3162 1939 3276; baseline -0.001 -29"><span class='ocrx_word' id='word_1_187' title='bbox 117 3164 225 3273; x_wconf 89' lang='lat' dir='ltr'><strong>jdem</strong></span> <span class='ocrx_word' id='word_1_188' title='bbox 253 3162 529 3276; x_wconf 87' lang='lat' dir='ltr'><strong>Rangwaldus</strong></span> <span class='ocrx_word' id='word_1_189' title='bbox 570 3162 838 3246; x_wconf 90' lang='lat' dir='ltr'><strong>indominica</strong></span> <span class='ocrx_word' id='word_1_190' title='bbox 883 3166 1067 3273; x_wconf 71' lang='lat' dir='ltr'><strong>prosima</strong></span> <span class='ocrx_word' id='word_1_191' title='bbox 1108 3182 1202 3249; x_wconf 86' lang='lat' dir='ltr'><strong>ante</strong></span> <span class='ocrx_word' id='word_1_192' title='bbox 1241 3162 1391 3248; x_wconf 84' lang='lat' dir='ltr'><strong>festum</strong></span> <span class='ocrx_word' id='word_1_193' title='bbox 1430 3169 1560 3247; x_wconf 88' lang='lat' dir='ltr'><strong>sancti</strong></span> <span class='ocrx_word' id='word_1_194' title='bbox 1603 3164 1782 3249; x_wconf 87' lang='lat' dir='ltr'><strong>barnabe</strong></span> <span class='ocrx_word' id='word_1_195' title='bbox 1813 3192 1939 3271; x_wconf 53' lang='lat' dir='ltr'><strong>apo·x</strong></span> 
     </span>
     <span class='ocr_line' id='line_1_23' title="bbox 81 3273 1911 3385; baseline -0.001 -28"><span class='ocrx_word' id='word_1_196' title='bbox 81 3364 84 3371; x_wconf 60' lang='grc'>,</span> <span class='ocrx_word' id='word_1_197' title='bbox 118 3274 231 3374; x_wconf 81' lang='lat' dir='ltr'><strong>stoli,</strong></span> <span class='ocrx_word' id='word_1_198' title='bbox 260 3275 531 3365; x_wconf 86' lang='lat' dir='ltr'><strong>Excelleutem</strong></span> <span class='ocrx_word' id='word_1_199' title='bbox 560 3273 764 3357; x_wconf 89' lang='lat' dir='ltr'><strong>dominam</strong></span> <span class='ocrx_word' id='word_1_200' title='bbox 793 3273 997 3359; x_wconf 88' lang='lat' dir='ltr'><strong>dominam</strong></span> <span class='ocrx_word' id='word_1_201' title='bbox 1025 3274 1294 3384; x_wconf 85' lang='lat' dir='ltr'><strong>Margaretam</strong></span> <span class='ocrx_word' id='word_1_202' title='bbox 1322 3276 1388 3359; x_wconf 88' lang='lat' dir='ltr'><strong>dei</strong></span> <span class='ocrx_word' id='word_1_203' title='bbox 1416 3279 1551 3385; x_wconf 87' lang='lat' dir='ltr'><strong>gracia</strong></span> <span class='ocrx_word' id='word_1_204' title='bbox 1587 3303 1793 3361; x_wconf 85' lang='lat' dir='ltr'><strong>sweorum</strong></span> <span class='ocrx_word' id='word_1_205' title='bbox 1833 3276 1911 3355; x_wconf 90' lang='lat' dir='ltr'><strong>Re·</strong></span> 
     </span>
     <span class='ocr_line' id='line_1_24' title="bbox 117 3382 1914 3497; baseline 0 -30"><span class='ocrx_word' id='word_1_206' title='bbox 117 3389 266 3497; x_wconf 89' lang='lat' dir='ltr'><strong>ginam,</strong></span> <span class='ocrx_word' id='word_1_207' title='bbox 294 3415 342 3468; x_wconf 91' lang='lat' dir='ltr'><strong>ac</strong></span> <span class='ocrx_word' id='word_1_208' title='bbox 369 3386 572 3468; x_wconf 91' lang='lat' dir='ltr'><strong>dominam</strong></span> <span class='ocrx_word' id='word_1_209' title='bbox 600 3383 726 3496; x_wconf 86' lang='lat' dir='ltr'><strong>baduj</strong></span> <span class='ocrx_word' id='word_1_210' title='bbox 753 3384 933 3469; x_wconf 85' lang='lat' dir='ltr'><strong>relictam</strong></span> <span class='ocrx_word' id='word_1_211' title='bbox 962 3384 1116 3468; x_wconf 90' lang='lat' dir='ltr'><strong>domini</strong></span> <span class='ocrx_word' id='word_1_212' title='bbox 1143 3384 1566 3497; x_wconf 85' lang='lat' dir='ltr'><strong>Thyrgilliquondam</strong></span> <span class='ocrx_word' id='word_1_213' title='bbox 1588 3382 1813 3483; x_wconf 82' lang='lat' dir='ltr'><strong>marscalci,</strong></span> <span class='ocrx_word' id='word_1_214' title='bbox 1829 3388 1914 3467; x_wconf 90' lang='lat' dir='ltr'><strong>Nec</strong></span> 
     </span>
    </p>
   </div>
   <div class='ocr_carea' id='block_1_12' title="bbox 115 3494 2047 3608">
    <p class='ocr_par' dir='ltr' id='par_1_12' title="bbox 115 3494 2047 3608">
     <span class='ocr_line' id='line_1_25' title="bbox 115 3494 2047 3608; baseline -0.001 -29"><span class='ocrx_word' id='word_1_215' title='bbox 115 3526 198 3579; x_wconf 90' lang='lat' dir='ltr'><strong>nou</strong></span> <span class='ocrx_word' id='word_1_216' title='bbox 226 3514 268 3579; x_wconf 90' lang='lat' dir='ltr'><strong>et</strong></span> <span class='ocrx_word' id='word_1_217' title='bbox 295 3494 561 3608; x_wconf 89' lang='lat' dir='ltr'><strong>Sigmundum</strong></span> <span class='ocrx_word' id='word_1_218' title='bbox 588 3496 827 3580; x_wconf 87' lang='lat' dir='ltr'><strong>keldorsson</strong></span> <span class='ocrx_word' id='word_1_219' title='bbox 855 3526 902 3578; x_wconf 88' lang='lat' dir='ltr'><strong>ac</strong></span> <span class='ocrx_word' id='word_1_220' title='bbox 932 3498 1121 3579; x_wconf 89' lang='lat' dir='ltr'><strong>Ceciliam</strong></span> <span class='ocrx_word' id='word_1_221' title='bbox 1152 3526 1317 3580; x_wconf 83' lang='lat' dir='ltr'><strong>vxorem</strong></span> <span class='ocrx_word' id='word_1_222' title='bbox 1345 3501 1449 3596; x_wconf 89' lang='lat' dir='ltr'><strong>eius,</strong></span> <span class='ocrx_word' id='word_1_223' title='bbox 1491 3497 1612 3583; x_wconf 85' lang='lat' dir='ltr'><strong>adse</strong></span> <span class='ocrx_word' id='word_1_224' title='bbox 1641 3501 1777 3582; x_wconf 89' lang='lat' dir='ltr'><strong>venire</strong></span> <span class='ocrx_word' id='word_1_225' title='bbox 1805 3496 1913 3593; x_wconf 78' lang='lat' dir='ltr'><strong>fecit,</strong></span> <span class='ocrx_word' id='word_1_226' title='bbox 2038 3498 2047 3525; x_wconf 91' lang='lat'><strong><em>‘</em></strong></span> 
     </span>
    </p>
   </div>
   <div class='ocr_carea' id='block_1_13' title="bbox 92 3607 1991 4829">
    <p class='ocr_par' dir='ltr' id='par_1_13' title="bbox 92 3607 1991 4829">
     <span class='ocr_line' id='line_1_26' title="bbox 116 3607 1914 3717; baseline 0 -27"><span class='ocrx_word' id='word_1_227' title='bbox 116 3626 158 3690; x_wconf 89' lang='lat' dir='ltr'><strong>et</strong></span> <span class='ocrx_word' id='word_1_228' title='bbox 184 3610 262 3690; x_wconf 92' lang='lat' dir='ltr'><strong>hiis</strong></span> <span class='ocrx_word' id='word_1_229' title='bbox 291 3610 557 3717; x_wconf 84' lang='lat' dir='ltr'><strong>pluribusque</strong></span> <span class='ocrx_word' id='word_1_230' title='bbox 585 3608 674 3691; x_wconf 92' lang='lat' dir='ltr'><strong>aliis</strong></span> <span class='ocrx_word' id='word_1_231' title='bbox 702 3608 915 3717; x_wconf 87' lang='lat' dir='ltr'><strong>fidedignis</strong></span> <span class='ocrx_word' id='word_1_232' title='bbox 946 3608 1221 3716; x_wconf 86' lang='lat' dir='ltr'><strong>presentibus,</strong></span> <span class='ocrx_word' id='word_1_233' title='bbox 1246 3610 1476 3698; x_wconf 88' lang='lat' dir='ltr'><strong>huiusmodi</strong></span> <span class='ocrx_word' id='word_1_234' title='bbox 1503 3628 1720 3693; x_wconf 85' lang='lat' dir='ltr'><strong>extremam</strong></span> <span class='ocrx_word' id='word_1_235' title='bbox 1749 3607 1914 3690; x_wconf 90' lang='lat' dir='ltr'><strong>ordina·</strong></span> 
     </span>
     <span class='ocr_line' id='line_1_27' title="bbox 116 3718 1914 3831; baseline -0.002 -29"><span class='ocrx_word' id='word_1_236' title='bbox 116 3722 272 3802; x_wconf 71' lang='lat' dir='ltr'><strong>monem</strong></span> <span class='ocrx_word' id='word_1_237' title='bbox 301 3719 417 3815; x_wconf 86' lang='lat' dir='ltr'><strong>fecit,</strong></span> <span class='ocrx_word' id='word_1_238' title='bbox 447 3718 651 3815; x_wconf 89' lang='lat' dir='ltr'><strong>videlicet,</strong></span> <span class='ocrx_word' id='word_1_239' title='bbox 694 3718 807 3831; x_wconf 91' lang='lat' dir='ltr'><strong>quod</strong></span> <span class='ocrx_word' id='word_1_240' title='bbox 849 3718 1082 3800; x_wconf 89' lang='lat' dir='ltr'><strong>electionem</strong></span> <span class='ocrx_word' id='word_1_241' title='bbox 1125 3720 1333 3827; x_wconf 88' lang='lat' dir='ltr'><strong>sepulture</strong></span> <span class='ocrx_word' id='word_1_242' title='bbox 1375 3719 1485 3829; x_wconf 84' lang='lat' dir='ltr'><strong>apud</strong></span> <span class='ocrx_word' id='word_1_243' title='bbox 1528 3718 1734 3829; x_wconf 88' lang='lat' dir='ltr'><strong>predictos</strong></span> <span class='ocrx_word' id='word_1_244' title='bbox 1771 3720 1914 3799; x_wconf 86' lang='lat' dir='ltr'><strong>fratres</strong></span> 
     </span>
     <span class='ocr_line' id='line_1_28' title="bbox 117 3826 1989 3941; baseline -0.007 -27"><span class='ocrx_word' id='word_1_245' title='bbox 117 3828 393 3941; x_wconf 84' lang='lat' dir='ltr'><strong>predicatores</strong></span> <span class='ocrx_word' id='word_1_246' title='bbox 420 3830 603 3923; x_wconf 87' lang='lat' dir='ltr'><strong>sictonie,</strong></span> <span class='ocrx_word' id='word_1_247' title='bbox 631 3846 759 3909; x_wconf 89' lang='lat' dir='ltr'><strong>ratam</strong></span> <span class='ocrx_word' id='word_1_248' title='bbox 787 3826 936 3909; x_wconf 87' lang='lat' dir='ltr'><strong>babere</strong></span> <span class='ocrx_word' id='word_1_249' title='bbox 964 3828 1095 3909; x_wconf 89' lang='lat' dir='ltr'><strong>voluit</strong></span> <span class='ocrx_word' id='word_1_250' title='bbox 1123 3847 1164 3909; x_wconf 95' lang='lat' dir='ltr'><strong>et</strong></span> <span class='ocrx_word' id='word_1_251' title='bbox 1191 3828 1367 3936; x_wconf 90' lang='lat' dir='ltr'><strong>legatum</strong></span> <span class='ocrx_word' id='word_1_252' title='bbox 1395 3831 1492 3938; x_wconf 90' lang='lat' dir='ltr'><strong>ipsis</strong></span> <span class='ocrx_word' id='word_1_253' title='bbox 1521 3832 1683 3911; x_wconf 85' lang='lat' dir='ltr'><strong>lactum.</strong></span> <span class='ocrx_word' id='word_1_254' title='bbox 1712 3830 1818 3909; x_wconf 89' lang='lat' dir='ltr'><strong>Jtem</strong></span> <span class='ocrx_word' id='word_1_255' title='bbox 1846 3855 1913 3908; x_wconf 89' lang='lat' dir='ltr'><strong>or·</strong></span> <span class='ocrx_word' id='word_1_256' title='bbox 1985 3891 1989 3901; x_wconf 83' lang='lat'>.</span> 
     </span>
     <span class='ocr_line' id='line_1_29' title="bbox 118 3935 1913 4051; baseline -0.003 -27"><span class='ocrx_word' id='word_1_257' title='bbox 118 3941 287 4039; x_wconf 89' lang='lat' dir='ltr'><strong>dinauit,</strong></span> <span class='ocrx_word' id='word_1_258' title='bbox 315 3938 427 4051; x_wconf 93' lang='lat' dir='ltr'><strong>quod</strong></span> <span class='ocrx_word' id='word_1_259' title='bbox 452 3935 754 4022; x_wconf 79' lang='lat' dir='ltr'><strong>Testamentum</strong></span> <span class='ocrx_word' id='word_1_260' title='bbox 783 3939 909 4047; x_wconf 91' lang='lat' dir='ltr'><strong>patris</strong></span> <span class='ocrx_word' id='word_1_261' title='bbox 937 3938 1020 4034; x_wconf 92' lang='lat' dir='ltr'><strong>sui,</strong></span> <span class='ocrx_word' id='word_1_262' title='bbox 1061 3957 1102 4019; x_wconf 87' lang='lat' dir='ltr'><strong>ct</strong></span> <span class='ocrx_word' id='word_1_263' title='bbox 1130 3938 1282 4041; x_wconf 88' lang='lat' dir='ltr'><strong>Matris,</strong></span> <span class='ocrx_word' id='word_1_264' title='bbox 1312 3968 1358 4021; x_wconf 91' lang='lat' dir='ltr'><strong>ac</strong></span> <span class='ocrx_word' id='word_1_265' title='bbox 1386 3968 1503 4021; x_wconf 92' lang='lat' dir='ltr'><strong>suum</strong></span> <span class='ocrx_word' id='word_1_266' title='bbox 1519 3967 1680 4021; x_wconf 90' lang='lat' dir='ltr'><strong>necnon</strong></span> <span class='ocrx_word' id='word_1_267' title='bbox 1707 3955 1749 4019; x_wconf 87' lang='lat' dir='ltr'><strong>et</strong></span> <span class='ocrx_word' id='word_1_268' title='bbox 1776 3939 1913 4022; x_wconf 90' lang='lat' dir='ltr'><strong>debita</strong></span> 
     </span>
     <span class='ocr_line' id='line_1_30' title="bbox 117 4048 1914 4161; baseline -0.002 -25"><span class='ocrx_word' id='word_1_269' title='bbox 117 4081 191 4136; x_wconf 88' lang='lat' dir='ltr'><strong>sua</strong></span> <span class='ocrx_word' id='word_1_270' title='bbox 220 4052 271 4140; x_wconf 89' lang='lat' dir='ltr'><strong>de</strong></span> <span class='ocrx_word' id='word_1_271' title='bbox 301 4052 418 4132; x_wconf 93' lang='lat' dir='ltr'><strong>bonis</strong></span> <span class='ocrx_word' id='word_1_272' title='bbox 446 4051 526 4131; x_wconf 89' lang='lat' dir='ltr'><strong>suis</strong></span> <span class='ocrx_word' id='word_1_273' title='bbox 554 4051 711 4160; x_wconf 86' lang='lat' dir='ltr'><strong>integre</strong></span> <span class='ocrx_word' id='word_1_274' title='bbox 737 4050 1011 4146; x_wconf 86' lang='lat' dir='ltr'><strong>soluerentur,</strong></span> <span class='ocrx_word' id='word_1_275' title='bbox 1040 4048 1093 4131; x_wconf 88' lang='lat' dir='ltr'><strong>Et</strong></span> <span class='ocrx_word' id='word_1_276' title='bbox 1128 4052 1224 4161; x_wconf 92' lang='lat' dir='ltr'><strong>quia</strong></span> <span class='ocrx_word' id='word_1_277' title='bbox 1260 4050 1366 4133; x_wconf 87' lang='lat' dir='ltr'><strong>int-er</strong></span> <span class='ocrx_word' id='word_1_278' title='bbox 1394 4050 1468 4133; x_wconf 89' lang='lat' dir='ltr'><strong>hec</strong></span> <span class='ocrx_word' id='word_1_279' title='bbox 1510 4048 1756 4132; x_wconf 87' lang='lat' dir='ltr'><strong>infirmitatis</strong></span> <span class='ocrx_word' id='word_1_280' title='bbox 1792 4050 1914 4141; x_wconf 84' lang='lat' dir='ltr'><strong>vehe-</strong></span> 
     </span>
     <span class='ocr_line' id='line_1_31' title="bbox 118 4159 1913 4271; baseline 0 -26"><span class='ocrx_word' id='word_1_281' title='bbox 118 4166 273 4245; x_wconf 90' lang='lat' dir='ltr'><strong>mencia</strong></span> <span class='ocrx_word' id='word_1_282' title='bbox 301 4162 495 4257; x_wconf 89' lang='lat' dir='ltr'><strong>inualuit,</strong></span> <span class='ocrx_word' id='word_1_283' title='bbox 524 4159 653 4243; x_wconf 90' lang='lat' dir='ltr'><strong>Nobis</strong></span> <span class='ocrx_word' id='word_1_284' title='bbox 682 4163 815 4271; x_wconf 90' lang='lat' dir='ltr'><strong>primo</strong></span> <span class='ocrx_word' id='word_1_285' title='bbox 843 4177 884 4242; x_wconf 89' lang='lat' dir='ltr'><strong>et</strong></span> <span class='ocrx_word' id='word_1_286' title='bbox 913 4160 1208 4269; x_wconf 88' lang='lat' dir='ltr'><strong>principaliter,</strong></span> <span class='ocrx_word' id='word_1_287' title='bbox 1236 4178 1277 4241; x_wconf 89' lang='lat' dir='ltr'><strong>et</strong></span> <span class='ocrx_word' id='word_1_288' title='bbox 1306 4161 1472 4244; x_wconf 91' lang='lat' dir='ltr'><strong>domino</strong></span> <span class='ocrx_word' id='word_1_289' title='bbox 1513 4160 1684 4269; x_wconf 87' lang='lat' dir='ltr'><strong>Fulconj</strong></span> <span class='ocrx_word' id='word_1_290' title='bbox 1726 4162 1913 4259; x_wconf 89' lang='lat' dir='ltr'><strong>ionsson‚</strong></span> 
     </span>
     <span class='ocr_line' id='line_1_32' title="bbox 118 4266 1913 4369; baseline -0.002 -13"><span class='ocrx_word' id='word_1_291' title='bbox 118 4303 278 4356; x_wconf 90' lang='lat' dir='ltr'><strong>necnon</strong></span> <span class='ocrx_word' id='word_1_292' title='bbox 307 4292 348 4358; x_wconf 90' lang='lat' dir='ltr'><strong>et</strong></span> <span class='ocrx_word' id='word_1_293' title='bbox 379 4270 528 4353; x_wconf 88' lang='lat' dir='ltr'><strong>dilecto</strong></span> <span class='ocrx_word' id='word_1_294' title='bbox 557 4269 673 4354; x_wconf 88' lang='lat' dir='ltr'><strong>fratri</strong></span> <span class='ocrx_word' id='word_1_295' title='bbox 703 4288 844 4355; x_wconf 87' lang='lat' dir='ltr'><strong>nostro</strong></span> <span class='ocrx_word' id='word_1_296' title='bbox 873 4266 1040 4352; x_wconf 88' lang='lat' dir='ltr'><strong>domiuo</strong></span> <span class='ocrx_word' id='word_1_297' title='bbox 1067 4268 1233 4369; x_wconf 85' lang='lat' dir='ltr'><strong>karulo,</strong></span> <span class='ocrx_word' id='word_1_298' title='bbox 1267 4299 1314 4353; x_wconf 87' lang='lat' dir='ltr'><strong>ac</strong></span> <span class='ocrx_word' id='word_1_299' title='bbox 1342 4272 1508 4355; x_wconf 90' lang='lat' dir='ltr'><strong>domino</strong></span> <span class='ocrx_word' id='word_1_300' title='bbox 1536 4271 1753 4354; x_wconf 88' lang='lat' dir='ltr'><strong>benedicto</strong></span> <span class='ocrx_word' id='word_1_301' title='bbox 1775 4274 1913 4357; x_wconf 82' lang='lat' dir='ltr'><strong>boson.</strong></span> 
     </span>
     <span class='ocr_line' id='line_1_33' title="bbox 118 4380 1991 4495; baseline -0.002 -28"><span class='ocrx_word' id='word_1_302' title='bbox 118 4383 344 4495; x_wconf 91' lang='lat' dir='ltr'><strong>Sigmundo</strong></span> <span class='ocrx_word' id='word_1_303' title='bbox 372 4380 628 4481; x_wconf 79' lang='lat' dir='ltr'><strong>keldorsson,</strong></span> <span class='ocrx_word' id='word_1_304' title='bbox 670 4401 712 4464; x_wconf 89' lang='lat' dir='ltr'><strong>et</strong></span> <span class='ocrx_word' id='word_1_305' title='bbox 741 4384 907 4465; x_wconf 92' lang='lat' dir='ltr'><strong>domino</strong></span> <span class='ocrx_word' id='word_1_306' title='bbox 934 4380 1071 4463; x_wconf 88' lang='lat' dir='ltr'><strong>Olauo</strong></span> <span class='ocrx_word' id='word_1_307' title='bbox 1100 4383 1324 4490; x_wconf 88' lang='lat' dir='ltr'><strong>presbitero</strong></span> <span class='ocrx_word' id='word_1_308' title='bbox 1352 4387 1394 4465; x_wconf 93' lang='lat' dir='ltr'><strong>in</strong></span> <span class='ocrx_word' id='word_1_309' title='bbox 1422 4383 1654 4493; x_wconf 73' lang='lat' dir='ltr'><strong>hildisbdgh</strong></span> <span class='ocrx_word' id='word_1_310' title='bbox 1684 4385 1914 4495; x_wconf 82' lang='lat' dir='ltr'><strong>premissam</strong></span> <span class='ocrx_word' id='word_1_311' title='bbox 1986 4380 1991 4393; x_wconf 79' lang='grc'><em>’</em></span> 
     </span>
     <span class='ocr_line' id='line_1_34' title="bbox 92 4486 1916 4603; baseline -0.001 -26"><span class='ocrx_word' id='word_1_312' title='bbox 92 4518 100 4531; x_wconf 90' lang='grc'><em>·</em></span> <span class='ocrx_word' id='word_1_313' title='bbox 118 4496 420 4579; x_wconf 87' lang='lat' dir='ltr'><strong>ordinacionem</strong></span> <span class='ocrx_word' id='word_1_314' title='bbox 439 4522 550 4575; x_wconf 92' lang='lat' dir='ltr'><strong>suam</strong></span> <span class='ocrx_word' id='word_1_315' title='bbox 564 4498 764 4578; x_wconf 89' lang='lat' dir='ltr'><strong>commisit</strong></span> <span class='ocrx_word' id='word_1_316' title='bbox 777 4489 1083 4602; x_wconf 89' lang='lat' dir='ltr'><strong>adimplendam.</strong></span> <span class='ocrx_word' id='word_1_317' title='bbox 1098 4510 1138 4574; x_wconf 90' lang='lat' dir='ltr'><strong>et</strong></span> <span class='ocrx_word' id='word_1_318' title='bbox 1153 4511 1200 4575; x_wconf 92' lang='lat' dir='ltr'><strong>ut</strong></span> <span class='ocrx_word' id='word_1_319' title='bbox 1216 4522 1292 4603; x_wconf 89' lang='lat' dir='ltr'><strong>pro</strong></span> <span class='ocrx_word' id='word_1_320' title='bbox 1310 4494 1438 4577; x_wconf 91' lang='lat' dir='ltr'><strong>salute</strong></span> <span class='ocrx_word' id='word_1_321' title='bbox 1460 4496 1591 4577; x_wconf 90' lang='lat' dir='ltr'><strong>anime</strong></span> <span class='ocrx_word' id='word_1_322' title='bbox 1612 4522 1683 4576; x_wconf 92' lang='lat' dir='ltr'><strong>sue</strong></span> <span class='ocrx_word' id='word_1_323' title='bbox 1704 4492 1755 4577; x_wconf 90' lang='lat' dir='ltr'><strong>de</strong></span> <span class='ocrx_word' id='word_1_324' title='bbox 1775 4486 1916 4577; x_wconf 78' lang='lat' dir='ltr'><strong>Testa-</strong></span> 
     </span>
     <span class='ocr_line' id='line_1_35' title="bbox 120 4603 1917 4717; baseline -0.001 -26"><span class='ocrx_word' id='word_1_325' title='bbox 120 4626 260 4691; x_wconf 89' lang='lat' dir='ltr'><strong>mento</strong></span> <span class='ocrx_word' id='word_1_326' title='bbox 286 4634 359 4688; x_wconf 88' lang='lat' dir='ltr'><strong>suo</strong></span> <span class='ocrx_word' id='word_1_327' title='bbox 387 4606 687 4715; x_wconf 87' lang='lat' dir='ltr'><strong>suppleremus,</strong></span> <span class='ocrx_word' id='word_1_328' title='bbox 716 4603 829 4717; x_wconf 89' lang='lat' dir='ltr'><strong>quod</strong></span> <span class='ocrx_word' id='word_1_329' title='bbox 856 4607 942 4715; x_wconf 90' lang='lat' dir='ltr'><strong>ipse</strong></span> <span class='ocrx_word' id='word_1_330' title='bbox 971 4605 1104 4684; x_wconf 89' lang='lat' dir='ltr'><strong>minus</strong></span> <span class='ocrx_word' id='word_1_331' title='bbox 1133 4603 1251 4711; x_wconf 92' lang='lat' dir='ltr'><strong>plene</strong></span> <span class='ocrx_word' id='word_1_332' title='bbox 1280 4631 1412 4715; x_wconf 90' lang='lat' dir='ltr'><strong>perse</strong></span> <span class='ocrx_word' id='word_1_333' title='bbox 1433 4606 1567 4713; x_wconf 90' lang='lat' dir='ltr'><strong>potuit</strong></span> <span class='ocrx_word' id='word_1_334' title='bbox 1586 4604 1795 4701; x_wconf 90' lang='lat' dir='ltr'><strong>ordinare,</strong></span> <span class='ocrx_word' id='word_1_335' title='bbox 1811 4606 1917 4689; x_wconf 85' lang='lat' dir='ltr'><strong>Cum</strong></span> 
     </span>
     <span class='ocr_line' id='line_1_36' title="bbox 120 4713 1915 4829; baseline -0.002 -26"><span class='ocrx_word' id='word_1_336' title='bbox 120 4722 248 4829; x_wconf 91' lang='lat' dir='ltr'><strong>igitur</strong></span> <span class='ocrx_word' id='word_1_337' title='bbox 262 4718 366 4801; x_wconf 89' lang='lat' dir='ltr'><strong>idem</strong></span> <span class='ocrx_word' id='word_1_338' title='bbox 387 4718 447 4798; x_wconf 89' lang='lat' dir='ltr'><strong>.R.</strong></span> <span class='ocrx_word' id='word_1_339' title='bbox 461 4719 739 4829; x_wconf 88' lang='lat' dir='ltr'><strong>principaliter</strong></span> <span class='ocrx_word' id='word_1_340' title='bbox 754 4734 888 4797; x_wconf 89' lang='lat' dir='ltr'><strong>nostre</strong></span> <span class='ocrx_word' id='word_1_341' title='bbox 902 4713 994 4795; x_wconf 89' lang='lat' dir='ltr'><strong>fidei</strong></span> <span class='ocrx_word' id='word_1_342' title='bbox 1010 4731 1052 4795; x_wconf 87' lang='lat' dir='ltr'><strong>et</strong></span> <span class='ocrx_word' id='word_1_343' title='bbox 1075 4714 1276 4797; x_wconf 85' lang='lat' dir='ltr'><strong>voluntati</strong></span> <span class='ocrx_word' id='word_1_344' title='bbox 1301 4718 1543 4800; x_wconf 90' lang='lat' dir='ltr'><strong>commiserit</strong></span> <span class='ocrx_word' id='word_1_345' title='bbox 1563 4745 1676 4799; x_wconf 90' lang='lat' dir='ltr'><strong>suam</strong></span> <span class='ocrx_word' id='word_1_346' title='bbox 1695 4734 1915 4809; x_wconf 85' lang='lat' dir='ltr'><strong>extremam</strong></span> 
     </span>
    </p>
   </div>
   <div class='ocr_carea' id='block_1_14' title="bbox 121 4826 1917 5013">
    <p class='ocr_par' dir='ltr' id='par_1_14' title="bbox 121 4826 1917 5013">
     <span class='ocr_line' id='line_1_37' title="bbox 121 4826 1917 4993; baseline -0.003 -78"><span class='ocrx_word' id='word_1_347' title='bbox 121 4832 320 4993; x_wconf 59' lang='lat' dir='ltr'><strong>perficerpv</strong></span> <span class='ocrx_word' id='word_1_348' title='bbox 341 4828 606 4993; x_wconf 47' lang='lat' dir='ltr'><strong>goffltptem,</strong></span> <span class='ocrx_word' id='word_1_349' title='bbox 629 4831 714 4914; x_wconf 87' lang='lat' dir='ltr'><strong>Nos</strong></span> <span class='ocrx_word' id='word_1_350' title='bbox 727 4826 1021 4911; x_wconf 87' lang='lat' dir='ltr'><strong>communicato</strong></span> <span class='ocrx_word' id='word_1_351' title='bbox 1041 4852 1182 4909; x_wconf 90' lang='lat' dir='ltr'><strong>eorum</strong></span> <span class='ocrx_word' id='word_1_352' title='bbox 1201 4828 1390 4927; x_wconf 90' lang='lat' dir='ltr'><strong>consilio,</strong></span> <span class='ocrx_word' id='word_1_353' title='bbox 1411 4855 1515 4939; x_wconf 91' lang='lat' dir='ltr'><strong>quos</strong></span> <span class='ocrx_word' id='word_1_354' title='bbox 1536 4826 1586 4911; x_wconf 87' lang='lat' dir='ltr'><strong>ad</strong></span> <span class='ocrx_word' id='word_1_355' title='bbox 1610 4826 1687 4912; x_wconf 89' lang='lat' dir='ltr'><strong>hoc</strong></span> <span class='ocrx_word' id='word_1_356' title='bbox 1706 4830 1917 4990; x_wconf 61' lang='lat' dir='ltr'><strong>nolpiscnm</strong></span> 
     </span>
     <span class='ocr_line' id='line_1_38' title="bbox 320 4956 1763 5013; baseline 0.01 -21"><span class='ocrx_word' id='word_1_357' title='bbox 320 4977 328 4993; x_wconf 87' lang='lat'><strong>.</strong></span> <span class='ocrx_word' id='word_1_358' title='bbox 372 4958 402 5013; x_wconf 80' lang='lat' dir='ltr'><strong>tp</strong></span> <span class='ocrx_word' id='word_1_359' title='bbox 512 4977 522 4995; x_wconf 85' lang='lat'><strong>.</strong></span> <span class='ocrx_word' id='word_1_360' title='bbox 1348 5001 1357 5013; x_wconf 70' lang='grc'><strong>,</strong></span> <span class='ocrx_word' id='word_1_361' title='bbox 1749 4956 1763 5007; x_wconf 73' lang='lat' dir='ltr'><strong>l</strong></span> 
     </span>
    </p>
   </div>
   <div class='ocr_carea' id='block_1_15' title="bbox 0 0 2164 5972">
    <p class='ocr_par' dir='ltr' id='par_1_15' title="bbox 0 0 2164 5972">
     <span class='ocr_line' id='line_1_39' title="bbox 0 0 2164 5972; baseline 0 0"><span class='ocrx_word' id='word_1_362' title='bbox 0 0 2164 5972; x_wconf 95' lang='lat' dir='ltr'><strong> </strong></span> 
     </span>
    </p>
   </div>
  </div>
 </body>
</html>
