4317 5975
774 349 1211 488 ‚,·f‚-.

106 612 184 736 epum
209 612 351 731 notpm
371 622 455 679 esse
492 588 679 680 volumus
714 600 901 720 omnibus
937 566 1150 699 euidenter.
1167 603 1304 722 Quod
1342 630 1416 684 nos
1450 602 1601 685 dilecto
1636 607 1897 698 consiliario·

104 699 217 802 ibsli‘o
225 690 290 789 8(’
298 690 448 790 clerico
477 705 641 791 domino
684 686 842 819 si‘ggon'i
876 690 1190 819 a‘rchidyadbnd
1207 714 1373 795 ecclesie
1409 714 1667 845 lyricopensis
1702 709 1868 805 tedclalm

103 844 220 942 partem
248 816 299 901 de
327 822 687 903 communitatibus
714 838 821 903 terre
850 852 974 931 penes
1003 825 1195 951 arbugbae
1230 828 1316 905 siue
1352 825 1419 905 ille
1456 829 1762 937 communitates
1807 831 1867 910 in·

30 940 181 1024 culte
206 931 413 1012 fuerint
382 959 468 1012 siue
496 933 604 1013 culte
632 960 712 1043 quc
742 936 859 1016 nobis
888 936 1083 1016 hactenus
1112 937 1263 1017 intuitu
1291 963 1445 1017 corone
1469 925 1740 1035 attinuerant,
1775 940 1866 1048 jure
1966 1037 1969 1042 Α

99 1043 360 1176 proprietario
354 1040 615 1125 decernimus
645 1062 843 1176 perpetuo
873 1049 1074 1156 pertinere
1114 1043 1175 1129 Ne
1212 1048 1336 1155 igitur
1371 1075 1494 1156 super
1527 1051 1756 1131 huiusmodi
1792 1049 1865 1131 do·
1911 1084 1920 1141 i

30 1194 32 1221 ³
99 1160 233 1242 nacione
261 1172 398 1234 nostra
428 1154 562 1265 aliqua
591 1159 768 1265 suspicio
796 1186 866 1239 seu
895 1158 1123 1266 calumpnia
1153 1158 1287 1239 valeat
1320 1157 1594 1268 aliqualiter
1584 1190 1623 1238 in
1660 1179 1867 1277 posterum
1918 1216 1921 1221 -

30 1260 250 1361 suboriri,
281 1269 490 1345 Presentes
520 1266 671 1347 litteras
699 1268 823 1349 scribi
850 1268 1017 1349 fecimus
1046 1288 1086 1349 et
1112 1266 1234 1378 sigilli
1264 1271 1393 1349 nostri
1428 1270 1661 1352 testimonio
1698 1268 1865 1353 robora·

30 1368 32 1521 l
95 1382 128 1475 ii,
150 1378 276 1459 datum
308 1378 480 1469 wisiiixid
508 1405 616 1458 anno
645 1378 799 1460 domini
828 1380 885 1460 M
890 1382 974 1461 CC⁰
980 1381 1275 1461 LXXX⁰¹⁰IX¹¹⁰
1304 1381 1441 1461 Nonas
1468 1380 1572 1490 Maij.

811 1522 929 1606 sigillet
950 1516 1118 1587 boiitattet

29 1756 32 1923 8
1512 1862 1519 1871 ’
1855 1874 1894 1927 ’.

452 2056 455 2067 =
630 1949 1221 2157 1119111111]
1309 2141 1321 2152 ,
1584 2018 1589 2027 ·
1720 1959 1864 2110 nien
2013 2136 2017 2143 ¹

29 2304 30 2313 ἵ
150 2220 259 2283 Patren
282 2224 434 2285 Nicotaus
456 2220 527 2286 lvta
547 2220 719 2286 Allatsbref
734 2224 784 2285 lb'i
811 2223 900 2302 dciii,
932 2242 998 2285 som
1029 2225 1071 2309 pa
1103 2225 1182 2287 vissa
1213 2224 1311 2307 deliga
1342 2222 1484 2307 bi'i'gtider
1516 2226 1642 2289 beidlte
1676 2226 1865 2308 Liuki'i'piugs

194 2305 389 2387 Domliyrla·

1307 2388 1455 2443 1111111
1473 2388 1567 2445 Aina.
1584 2388 1633 2457 Ep
1653 2392 1709 2445 nte

29 2578 31 2653 i
172 2522 430 2628 Indulgentiae
458 2528 575 2604 unius
603 2526 713 2605 Anni
737 2552 787 2604 ae
813 2524 867 2619 do
895 2526 1053 2607 dierum
1081 2557 1108 2608 a
1136 2528 1304 2608 Nicolao
1333 2528 1400 2607 'IV
1421 2528 1579 2608 indulta
1608 2524 1863 2625 visitantibus

255 2633 481 2715 Ecclesiam
519 2634 603 2715 BB
647 2638 922 2743 Apostolorum
959 2640 1081 2719 Petri
1121 2657 1160 2719 et
1209 2640 1336 2719 Pauli
1375 2640 1709 2751 Liaeopensem
1692 2668 1733 2717 ia
1767 2665 1863 2718 noa·

28 2770 31 2873 f
255 2748 363 2827 null
347 2776 379 2827 is
407 2774 501 2827 anni
496 2746 828 2847 'festivitatibus

28 2880 31 2988 p
171 2856 364 2939 Nicolaus
391 2860 467 2937 8111.
502 2858 730 2939 Venerabili
762 2860 982 2940 Fratri.
1012 2858 1256 2971 Episcopo
1285 2881 1324 2942 et
1352 2861 1413 2940 dil
1396 2863 1507 2942 lectis
1544 2862 1650 2968 filiis
1677 2860 1863 3020 Capitale

255 2970 494 3080 Liiieopeasi
518 2969 699 3050 Salutem
726 2972 799 3050 &a

170 3080 277 3160 Loca
309 3079 551 3161 Sanctorum
580 3081 760 3160 omnium
789 3081 855 3188 pia
885 3097 926 3160 et
954 3097 1144 3189 prompta
1186 3100 1282 3161 sunt
1318 3080 1535 3161 devotione
1573 3107 1595 3159 a
1630 3079 1780 3158 Christi
1817 3078 1862 3168 11-

86 3189 214 3271 delibus
242 3191 486 3289 veneranda,
516 3210 562 3273 ut
589 3189 686 3272 dum
715 3192 789 3270 Dei
823 3191 1067 3272 honoramus
1096 3193 1263 3289 amicos,
1306 3193 1381 3301 ipsi
1425 3219 1500 3271 nos
1542 3187 1732 3271 amabiles
1774 3191 1861 3271 Deo
1969 3183 2000 3213 ”
2043 3293 2049 3300 x

87 3297 248 3399 reddant,
277 3319 323 3382 et
351 3305 531 3413 ipsorum
561 3303 679 3384 nobis
707 3301 959 3382 vendicanda
984 3256 1285 3412 quodammodo
1315 3303 1588 3411 patrocinium
1602 3300 1740 3410 apud
1729 3329 1861 3411 ipsum

85 3410 172 3521 quod
198 3417 341 3496 merita
371 3431 510 3495 nostra
541 3441 623 3494 non
653 3414 838 3494 obtinent
866 3441 1006 3494 eorum
1036 3443 1261 3493 mereamur
1288 3412 1644 3494 intercessionibus
1666 3412 1861 3493 obtinere.

28 3489 30 3596 l
85 3523 174 3603 licet
199 3527 330 3634 igitur
357 3528 459 3607 sicut
488 3524 767 3606 intimantibus
795 3523 924 3606 Nobis
953 3527 1210 3632 accepimus
1200 3526 1337 3605 fideles
1365 3525 1516 3605 Cbristi
1551 3523 1603 3603 ad
1640 3523 1860 3604 Ecclesiam
1985 3603 1989 3608 ,
2062 3537 2079 3556 “’

84 3652 226 3715 vestiam
256 3640 301 3716 in
334 3636 619 3718 festivitatibus
647 3614 860 3716 beatorum
887 3636 1174 3743 Apostolorum
1212 3638 1321 3718 Petri
1358 3653 1398 3716 et
1433 3636 1567 3730 Pauli,
1604 3635 1647 3713 in
1684 3663 1859 3744 quorum

83 3744 252 3828 bonore
239 3775 331 3856 ipsa
361 3748 538 3828 Ecclesia
567 3767 626 3827 est
654 3762 898 3843 constructa,
927 3763 967 3826 et
994 3747 1114 3827 Beate
1147 3748 1273 3828 Maria
1308 3747 1506 3875 Virginis,
1542 3762 1584 3824 et
1620 3745 1757 3825 Sancti
1791 3747 1860 3825 1ο-

66 3857 198 3937 bannis
226 3859 414 3966 Baptiste
440 3856 586 3938 devote
615 3857 808 3939 accedant
842 3884 1007 3938 suorum
1044 3857 1298 3967 imploraturi
1328 3860 1486 3938 veniam
1516 3855 1776 3950 delictorum,
1813 3872 1858 3935 ut
1970 3871 1975 3876 ’

28 3983 188 4048 tainen
217 3999 270 4050 eo
304 3971 515 4066 libentius,
544 3985 586 4048 et
615 3968 778 4049 liberius
813 3970 978 4050 veniant
1012 3966 1064 4048 ad
1086 3969 1265 4064 eandem,
1296 3996 1379 4078 quo
1408 3967 1518 4049 dono
1547 3968 1702 4047 celestis
1731 3967 1857 4074 gratie

80 4084 251 4162 senserint
282 4107 327 4161 se
356 4081 547 4175 refectos,
576 4079 765 4160 omnibus
792 4105 885 4158 vere
914 4079 1202 4187 penitentibus,
1232 4096 1273 4161 et
1300 4080 1504 4175 confessis,
1532 4080 1605 4190 qui
1634 4075 1858 4206 predictam
1960 4094 1963 4099 ’

80 4189 320 4273 Ecclesiam
309 4221 350 4274 in
379 4143 664 4274 festivitatibus
693 4188 908 4318 predictis
928 4191 1213 4272 venerabiliter
1261 4191 1510 4271 visitaverint
1558 4191 1763 4270 annuatim
1806 4189 1857 4269 de

80 4301 361 4414 Omnipotentis
391 4305 465 4384 Dei
495 4299 798 4398 misecricordia,
826 4317 866 4381 et
895 4299 1076 4433 ipsorum
1114 4303 1401 4430 Apostolorum
1443 4303 1682 4382 auctoritate
1717 4301 1856 4380 conlisi

79 4437 182 4504 mum
208 4445 387 4513 annum,
416 4430 458 4496 et
486 4412 754 4524 quadraginta
783 4367 867 4494 dies
897 4411 988 4496 de
977 4413 1156 4495 iniuncta
1186 4414 1264 4495 sibi
1293 4415 1514 4525 penitentia
1545 4411 1856 4494 misericorditer

80 4524 292 4612 relaxamus.
321 4479 411 4610 Dat.
438 4527 562 4610 Reate
591 4523 682 4608 Kal.
711 4525 821 4606 lunii
850 4529 971 4607 Anno
999 4525 1196 4610 Secundo.
