4317 5975
801 356 1222 488 4203-

122 647 196 701 nou
225 618 277 699 sit
301 616 395 700 vitis
428 618 624 725 autoritas
660 616 880 723 interdumt
901 639 1037 706 umen
1073 638 1146 731 'per
1169 626 1202 730 ¹)
1233 650 1463 732 processum
1505 638 1734 732 temporum
1767 641 1808 703 et
1836 624 1911 703 hu·

122 758 238 813 manae
268 730 571 837 propagationis
599 757 824 817 successam
854 736 1065 815 conuictus
1094 734 1224 841 mutuj
1252 734 1373 818 modo
1401 751 1442 815 at
1468 734 1612 822 ordine
1644 736 1807 819 variatis
1834 762 1910 815 nec

121 870 194 922 noa
222 840 394 923 insolitis
423 840 627 950 aliquibus
654 846 984 950 contingentibus
1011 844 1047 951 ²)
1076 844 1254 939 casibus,
1296 845 1504 934 nonnullis
1529 863 1574 929 et
1599 845 1910 956 antiquitatibus

120 955 240 1033 minos
266 952 400 1033 lucide
429 952 587 1034 traditis
617 954 819 1035 immutari
850 955 883 1066 3)
913 984 1080 1066 quoque
1107 958 1323 1061 contingitt
1351 957 1459 1064 leges
1486 973 1527 1038 et
1554 974 1737 1051 statutas
1758 959 1910 1067 quibus

118 1066 295 1153 humanae
326 1062 569 1169 fragillitatis
600 1092 729 1147 mores
758 1067 933 1174 regulari
962 1084 1003 1147 et
1033 1067 1161 1173 litigia
1188 1066 1571 1176 quietarjcosspetit
1599 1069 1799 1176 equitatis
1827 1084 1909 1147 tra·

116 1176 206 1253 mite
233 1172 461 1255 obseruata.
509 1172 633 1276 Quod
662 1175 845 1285 proiecto
875 1195 956 1259 tam
987 1179 1028 1257 in
1057 1178 1426 1261 Ecclesnsncarnn
1457 1206 1578 1286 quam
1607 1180 1796 1261 Ciuilium
1827 1195 1909 1257 tra·

114 1282 308 1365 ditionum
344 1284 697 1395 abrogationibus‚
739 1289 1065 1397 suppletionibus
1103 1318 1150 1369 ac
1188 1290 1357 1371 nouellis
1397 1288 1719 1369 institutionibus
1761 1290 1908 1373 clarius

111 1394 315 1492 elucescit,
344 1394 446 1475 Sane
483 1394 610 1477 tidelis
657 1414 795 1479 noster
841 1402 1033 1481 Dominus
1069 1401 1258 1509 Birgerua
1298 1400 1446 1507 legitaer
1481 1398 1685 1507 Tijundiae
1707 1430 1765 1480 ,ex
1795 1416 1908 1507 parte

110 1510 286 1587 omnium
316 1507 394 1585 tria
426 1506 608 1587 tollrland
637 1507 850 1618 Vplandiae
879 1511 1193 1593 inhabitantium
1223 1509 1300 1595 lide
1329 1512 1452 1618 digna
1491 1513 1608 1592 nobis
1636 1512 1908 1591 insinuatione

110 1620 349 1712 munstrauit
374 1614 407 1729 t)
452 1620 491 1697 in
521 1618 742 1703 eorundem
786 1620 944 1728 legibus
979 1652 1051 1731 per
1089 1624 1206 1732 plura
1236 1620 1426 1731 dispersis
1471 1622 1677 1705 volumina
1705 1623 1926 1729 contineri
1964 1657 1979 1675 -·

108 1730 290 1839 quadarn
319 1728 468 1836 tatiouj
498 1731 630 1810 miuus
658 1758 854 1827 consona,
894 1734 973 1841 iurj
1002 1735 1206 1841 commnnj
1237 1734 1528 1841 repugnantia,
1566 1725 1716 1843 aliqua'
1735 1733 1908 1815 obscure

108 1840 274 1935 tradita,
304 1857 343 1919 et
374 1841 568 1923 nonnulla
603 1843 808 1927 utentibus
836 1870 1018 1926 onerosa.
1082 1848 1219 1946 Quare
1246 1872 1270 1923 a
1301 1844 1418 1925 nobis
1464 1873 1510 1923 ea
1553 1872 1645 1953 qua
1680 1842 1818 1925 decuit
1847 1844 1907 1925 in·

108 1954 250 2043 stantia
287 1954 468 2031 omnium
512 1951 838 2061 supradictorum
878 1959 1039 2037 nomine
1080 1956 1303 2063 postulauit
1334 1972 1378 2033 ut
1407 1956 1584 2062 ipsorum
1616 1956 1656 2034 in
1689 1954 1764 2035 bac
1794 1971 1910 2065 parte

108 2061 373 2171 dispendiosis
403 2063 668 2143 incommodis
697 2062 746 2143 de
776 2066 940 2174 specialj
967 2065 997 2175 5)
1028 2072 1159 2174 gratia
1190 2083 1436 2173 oportunum
1467 2066 1659 2145 adbibere
1687 2064 1905 2147 remedium
1943 2133 1949 2141 .

109 2171 376 2283 dignaremur.
436 2174 486 2252 Et
514 2180 773 2283 quamquam
791 2204 927 2284 preces
962 2175 1230 2258 huiuscimodi
1260 2177 1311 2255 ad
1340 2177 1610 2285 exauditionis
1638 2180 1805 2283 gratiam
1835 2177 1906 2257 ali-

108 2313 190 2393 quo
219 2301 400 2391 ternpore
431 2283 659 2365 distulimus
682 2285 716 2395 6)
759 2286 972 2369 admittere
1009 2305 1190 2368 veterum
1222 2287 1355 2395 legum
1385 2290 1676 2395 inpertinentes
1717 2290 1906 2367 variatio·

68 2471 76 2481 .
110 2424 175 2476 nes
204 2424 253 2475 ae
281 2396 506 2476 uocitatum
538 2398 790 2477 incentiones
819 2400 973 2480 euitare
1017 2398 1217 2497 volentes3
1263 2400 1418 2477 lteratis
1447 2419 1578 2479 tamen
1610 2397 1906 2479 antedictorum

110 2504 485 2614 importunitatibus
515 2506 677 2615 pulsatj,
706 2536 753 2586 ac
782 2508 943 2589 tandem
982 2510 1264 2617 multiplicium
1294 2512 1662 2589 inconuenientium
1694 2527 1734 2587 et
1762 2538 1906 2618 graua-

110 2620 255 2697 miuunr
273 2618 500 2729 querulosis
516 2618 827 2725 allegationibus
851 2621 1050 2728 inclinatj‚
1068 2625 1301 2728 petitionem
1319 2638 1546 2727 porrectam
1563 2620 1751 2700 duximus
1766 2618 1907 2699 admu-

107 2727 267 2809 teudam
286 2727 330 2839 ⁷),
348 2732 474 2809 Porro
504 2745 547 2809 vt
577 2728 712 2810 debita
742 2728 1248 2838 adhibereturditigentia,
1277 2733 1383 2812 eirea
1400 2732 1605 2841 perpetuis
1634 2732 1908 2838 temporibus,

30 2919 34 2933 ,
108 2866 374 2947 ρθπιηιηευηιἱ
394 2838 561 2947 praefato
582 2842 757 2920 Domino
778 2840 944 2949 Rirgero
974 2842 1144 2949 legifero
1165 2839 1349 2922 dedimus
1370 2844 1420 2922 in
1449 2840 1649 2949 mandatjs
1664 2859 1706 2920 vt
1722 2842 1906 2922 assumtis

108 2978 237 3034 secum
268 2950 571 3036 discretioribus
587 2950 637 3032 de
651 2952 819 3060 singulis
836 2952 1032 3051 tollland,
1048 2950 1311 3036 discutiendis
1334 2950 1556 3050 veteribus,
1585 2982 1631 3032 ac
1662 2953 1778 3032 nouis
1807 2980 1905 3034 con·
2020 3040 2025 3046 ,
2112 3007 2117 3014 -

107 3063 269 3160 dendis,
298 3080 338 3142 et
365 3062 630 3174 compilandis
673 3063 849 3170 legibus,
884 3064 997 3146 daret
1033 3092 1198 3173 operam
1241 3063 1460 3162 efficacem,
1496 3062 1619 3166 Quod
1643 3062 1677 3176 8)
1708 3067 1907 3175 prompti-

107 3175 246 3257 tudine
270 3175 406 3256 debita
451 3177 554 3255 iussa
582 3174 789 3283 complens
834 3174 1055 3256 Duodecim
1099 3179 1207 3256 viros
1249 3178 1454 3271 assumsit;
1497 3173 1683 3256 videlicet
1723 3173 1778 3254 de
1820 3175 1905 3283 Tij-

109 3286 242 3383 undis,
272 3287 504 3392 Magistrum
527 3285 728 3366 Andrcam
754 3288 1012 3395 Praepositum
1030 3287 1288 3396 Vpsalensem
1313 3285 1365 3394 9),
1396 3287 1540 3366 milites
1570 3302 1728 3366 nostros
1758 3289 1835 3366 Dn.
1857 3277 1916 3400 10)’

107 3398 225 3501 ttodh
258 3398 508 3479 Keldorsson
539 3415 579 3476 et
611 3398 655 3508 Ιι)
685 3397 940 3486 Benedictutn
971 3401 1131 3479 Booson
1167 3397 1244 3475 Vll
1269 3397 1597 3504 Langmanssonu
1624 3395 1692 3506 Η),
1722 3399 1906 3505 Haghar·

105 3509 198 3591 dum
231 3507 282 3590 de
310 3507 550 3616 Sudberbij,
594 3508 792 3588 Andream
831 3509 881 3590 de
910 3508 1191 3616 Foreltarlabij
1231 3525 1272 3587 et
1313 3506 1585 3588 Tlrorstanum
1632 3507 1682 3588 de
1725 3509 1938 3590 Sambro-

107 3623 202 3703 Item
234 3619 284 3700 de
315 3619 534 3700 Acttrmdia
559 3618 589 3670 ¹³
636 3620 799 3699 militem
830 3619 1076 3700 nostrumtt
1105 3622 1181 3701 Dn.
1212 3619 1442 3726 Philippum
1472 3619 1523 3699 de
1552 3619 1719 3724 Rumbij
1749 3621 1903 3730 Haqui-
2021 3713 2026 3722 1

26 3809 29 3821 ,
109 3763 197 3814 num
231 3732 460 3840 Legiferum
490 3618 687 3811 Eskillnm
717 3729 903 3840 stringe,
932 3671 1149 3850 sigurdum
1179 3730 1354 3811 Iudicem
1376 3750 1414 3810 et
1436 3731 1655 3809 Iohannem
1685 3731 1904 3838 Gasnbogh

108 3847 201 3926 Item
235 3843 284 3922 de
312 3842 577 3925 Fiettrrundia
614 3842 845 3950 lehonem
876 3839 925 3921 de
957 3845 1218 3936 Othnustnm‚
1259 3842 1471 3921 Gotricum
1502 3858 1542 3920 et
1573 3840 1763 3920 Vluidum
1795 3841 1903 3920 ludi·

107 3983 197 4036 cem.
258 3957 361 4034 Cum
391 3954 451 4034 his
480 3955 605 4062 igitur
632 3953 820 4032 omnibus
849 3951 1034 4060 diligentj
1070 3951 1258 4061 indagine
1286 3953 1449 4060 expleto
1478 3953 1713 4031 discutionis
1742 3951 1789 4056 15)
1819 3952 1904 4031 edi·
2033 3991 2039 3998 ·
2071 4001 2082 4010 -

106 4069 249 4149 ationis
274 4063 334 4177 ¹⁶),
362 4065 658 4175 compilationis
687 4081 726 4142 et
755 4065 1061 4144 examinationis
1093 4067 1254 4172 negotio
1284 4063 1391 4172 leges
1415 4065 1521 4171 ipsas
1541 4080 1766 4142 conuocato
1790 4093 1904 4157 ,cnm-

108 4177 222 4287 munj
250 4203 409 4271 eorum,
439 4203 613 4287 quorum
645 4178 861 4256 intereratt
891 4174 1039 4281 placito
1068 4176 1110 4254 in
1140 4181 1317 4255 omnium
1345 4173 1391 4286 ¹7)
1420 4173 1624 4256 audientia
1671 4174 1903 4282 promulga—
2005 4195 2011 4203 '

109 4308 222 4370 runt:
252 4287 407 4370 Deinde
437 4288 591 4397 absque
620 4285 940 4367 contradictione
976 4287 1180 4398 qualibett
1214 4284 1559 4368 consentientibus
1587 4302 1628 4362 et
1658 4288 1903 4390 acceptanti-

110 4400 180 4482 bus
209 4400 420 4495 omnibu5‚
450 4401 597 4479 iterato
626 4396 678 4477 ad
709 4425 783 4477 nos
809 4399 948 4478 habito
978 4425 1142 4478 recursu
1171 4426 1293 4506 super
1321 4398 1590 4500 insinuatione
1621 4396 1817 4475 tactorum
1849 4395 1901 4475 ad

108 4515 286 4594 omnium
313 4509 638 4620 supradictorum
674 4510 904 4590 instantiam
933 4525 975 4590 et
1005 4511 1239 4618 petitionem
1283 4510 1443 4590 nornine
1479 4509 1599 4587 trium
1629 4505 1812 4596 lolkland
1842 4536 1903 4588 se·
1940 4606 1949 4620 „

148 4751 170 4829 ¹)
191 4763 320 4834 propter
342 4751 369 4810 3.
392 4749 419 4828 ἐι)
440 4748 667 4830 emergentibus
688 4747 717 4818 3,
740 4749 768 4826 4.
790 4747 815 4828 ³)
837 4753 1006 4832 permutari
1029 4750 1065 4826 33
1090 4753 1201 4812 mutari
1222 4751 1251 4828 ti.
1272 4748 1300 4829 ⁴)
1323 4751 1504 4812 monstravit
1527 4769 1555 4824 a,
1579 4744 1608 4824 3,
1630 4751 1659 4825 4.
1681 4747 1707 4821 5)
1728 4749 1856 4829 optabili
1874 4749 1901 4807 3.

190 4837 216 4912 ⁶)
238 4835 453 4897 distulerimus.
496 4830 521 4909 7)
543 4830 765 4894 admittendam
789 4853 817 4906 a,
841 4833 919 4910 Μ
956 4832 980 4911 ⁸)
1002 4835 1108 4912 Quare
1130 4835 1159 4910 3,
1181 4835 1209 4911 4.
1241 4832 1267 4912 ⁹)
1287 4845 1318 4895 et
1338 4833 1465 4909 tilloit
1498 4831 1538 4906 ¹⁰)
1560 4833 1709 4892 Dominus
1730 4835 1757 4892 3.
1786 4830 1821 4904 ¹¹)
1843 4833 1900 4891 Dn.

189 4917 316 4996 tillet
360 4911 399 4995 ΙἼ)
421 4915 664 4998 Βιςωεωοηῷ
707 4911 745 4993 ¹³)
766 4913 917 4978 indradt
937 4919 991 4980 ott
1010 4915 1158 4977 Attnndia
1187 4916 1381 4980 r.·Attundia
1405 4933 1434 4992 a,
1458 4915 1536 4994 3,4,
1579 4914 1620 4994 ¹⁴)
1642 4917 1768 4977 Nostros
1790 4914 1901 4974 Milites
2039 4900 2059 4983 ,’

190 5002 221 5078 4.
264 4999 303 5078 ¹⁵)
324 5001 523 5102 Discuasionis
544 5017 574 5078 a,
596 4997 625 5078 3,
647 4997 676 5076 l.
719 4995 756 5078 t⁶)
778 4997 918 5060 editionis
940 5002 967 5064 3.
1011 4997 1047 5077 ¹⁷)
1069 5002 1154 5062 orani
1176 5001 1204 5062 3.
