4317 5975
783 482 882 509 γ..
998 438 1072 543 ¹75
1186 482 1243 501 ...

126 656 214 739 bilis
245 658 445 754 amicicia,
475 655 708 767 ubicunque
737 657 1025 753 conuenerint,
1068 656 1230 768 fruique
1259 658 1410 741 debent
1440 657 1536 739 hinc
1564 664 1604 739 &
1633 658 1728 740 inde'
1757 660 1921 740 liberta·

124 771 233 849 tibus
257 770 304 846 ’ἃ
332 769 674 863 immunitatibus,
702 796 803 877 quas
832 769 1026 848 hactenus
1055 769 1140 848 ullo
1169 787 1350 879 tempore
1393 770 1560 852 liberius
1601 770 1835 851 babuerunt
1869 770 1920 853 ad

125 883 197 961 bec
227 882 566 989 composicionem
594 881 830 959 Kalm'arnie
858 882 1003 961 factam
1041 881 1147 963 inter
1184 889 1223 962 8<
1256 911 1377 990 supra
1420 884 1590 990 scriptas
1629 883 1825 963 Ciuitates
1853 882 1932 962 fir··

126 997 239 1074 miter
269 994 485 1074 obseruare
515 992 696 1073 volentes
725 997 765 1072 8<
794 992 1085 1073 inuiolabiliter
1112 991 1279 1103 eandem
1308 1011 1448 1072 tenore
1491 998 1742 1101 presencium
1772 996 1921 1075 confir·

8 1154 9 1175 ¹
127 1132 288 1186 mantus·

234 1214 430 1294 Volentes
460 1215 626 1322 insuper
656 1214 853 1295 dictarum
883 1216 1093 1295 ciuitatum
1126 1214 1288 1295 incolas.
1305 1216 1533 1313 uniuersos,
1556 1218 1626 1326 qui
1649 1244 1816 1323 regnum
1847 1244 1921 1296 no·
1971 1264 1977 1274 ·
2012 1286 2014 1290 ,

8 1414 9 1443 ,
125 1346 249 1407 strum
279 1323 483 1406 mercandi
512 1354 629 1405 causa
659 1336 851 1438 tanquam
876 1327 1054 1435 hospites
1082 1324 1274 1408 duxerint
1297 1327 1632 1437 frequentandum
1656 1327 1921 1436 amplioribus

8 1450 9 1529 ζ
128 1439 348 1549 priuilegiis
379 1440 535 1518 munire
567 1436 617 1518 de
647 1444 781 1546 gracia
810 1439 993 1546 speciali,
1038 1454 1083 1517 ut
1123 1457 1371 1545 cognoscant
1400 1466 1442 1518 se
1482 1436 1533 1519 ad
1563 1456 1697 1517 nostra
1728 1438 1921 1519 beneficia

8 1562 9 1595 ;
128 1579 172 1633 eo
199 1550 347 1631 lortius
383 1551 595 1659 obligatos.
657 1550 815 1630 Eisdem
853 1549 954 1635 infra
998 1552 1170 1657 scriptas
1213 1552 1367 1659 gracias
1410 1549 1663 1631 decreuimus
1705 1549 1922 1632 liberaliter.
1954 1656 1960 1668 ι
2042 1614 2045 1616 Α
2101 1588 2111 1603 =

127 1658 411 1743 concedendas.
466 1662 656 1770 Inprimis
684 1659 797 1771 quod
825 1662 914 1741 cum
946 1661 995 1743 ad
1025 1663 1209 1743 ciuitates
1236 1661 1300 1741 vel
1331 1663 1445 1742 villas
1481 1661 1661 1742 forenses
1689 1664 1804 1769 regni
1830 1690 1920 1768 per·

8 1794 9 1811 ¹
129 1774 311 1856 uenerint
349 1772 456 1851 licite
493 1790 688 1881 poterunt
716 1772 767 1853 ad
797 1789 960 1881 pontem
989 1774 1196 1881 applicare
1226 1772 1367 1853 balliui
1397 1773 1562 1852 licencia
1592 1799 1674 1851 non
1704 1776 1828 1879 petita
1852 1771 1921 1852 de·
2037 1788 2041 1791 ⁴

128 1888 223 1969 bent
253 1901 385 1963 tamen
414 1884 551 1963 eadem
583 1884 648 1965 die
677 1885 742 1965 vel
771 1886 956 1995 sequenti
989 1886 1192 1993 proxima,
1223 1902 1437 1995 postquam
1466 1884 1517 1963 ad
1548 1900 1713 1991 pontem
1742 1884 1921 1993 applica·

130 1999 263 2079 uerint
292 1996 499 2075 insinuare
528 1996 686 2075 Balliuo
714 2013 866 2092 nostr0,
896 2024 997 2106 quas
1027 2001 1066 2076 &
1094 1994 1233 2105 quales
1261 2024 1324 2075 res
1352 1996 1643 2104 aportauerint,
1673 2012 1714 2075 et
1743 2024 1806 2075 res
1836 2022 1922 2074 eas·
1976 2064 1980 2069 .

126 2108 214 2191 dem
243 2104 512 2187 transferendi
542 2106 592 2187 de
628 2110 800 2189 nauibus
829 2105 936 2187 infra
966 2108 1108 2188 domos
1137 2106 1344 2187 licenciam
1374 2124 1532 2217 petere,
1575 2134 1658 2215 que
1688 2134 1767 2186 non
1795 2104 1921 2189 debet

123 2223 178 2302 eis
208 2219 437 2329 aliqualiter
464 2215 668 2326 denegari.
725 2220 814 2300 Hoc
844 2218 1019 2315 adiecto,
1047 2217 1161 2329 quod
1190 2218 1368 2299 Balliuus
1406 2235 1543 2299 noster
1571 2246 1635 2297 res
1664 2218 1772 2313 illas,
1818 2244 1922 2326 quas

124 2332 242 2413 nobis
272 2328 401 2411 credit
430 2332 688 2427 necessarias,
718 2331 903 2438 primitus
933 2349 1038 2410 emat
1068 2330 1174 2410 infra
1204 2329 1383 2411 triduum
1412 2331 1521 2433 justo
1551 2329 1687 2437 precio
1715 2335 1757 2408 &
1785 2329 1932 2409 soluat'

123 2445 306 2553 precium
335 2458 518 2550 tempore
552 2440 689 2522 debito
718 2471 794 2551 pro
837 2441 997 2523 eisdem.
1053 2426 1175 2547 Quod
1213 2444 1246 2521 si
1287 2442 1468 2522 Balliuus
1506 2468 1591 2521 non
1635 2441 1773 2521 fecerit
1815 2440 1953 2523 inira..

120 2555 275 2637 dictum
294 2556 520 2655 terminum
549 2554 725 2635 vendant
754 2572 891 2662 postea
921 2554 1046 2634 libere
1074 2555 1320 2663 cuicunque,
1363 2570 1608 2663 postquam
1650 2569 1783 2632 autem
1812 2549 1921 2631 infra

122 2668 345 2749 Ciuitatem
373 2665 439 2745 vel
467 2665 562 2747 ville
596 2664 724 2745 loren.
782 2668 1038 2763 llistrictum,
1073 2668 1145 2775 qui
1178 2664 1386 2747 Takmark
1427 2662 1596 2761 dicitur,
1639 2662 1921 2771 perueneriut,
1993 2721 1999 2728 -

8 2834 9 2857 t
121 2779 277 2861 debent
308 2805 376 2879 res
403 2805 495 2858 suas
524 2777 683 2858 venales
720 2776 870 2858 ibidem
899 2775 1092 2873 vendere,
1126 2777 1304 2887 alioquin
1333 2774 1488 2856 easdem
1534 2773 1680 2857 ducere
1710 2790 1927 2882 poterunt,
2011 2791 2067 2821 '-

121 2916 375 3006 quocunque
403 2890 606 2971 voluerint
634 2905 748 2969 extra
778 2917 946 2998 regnum
976 2895 1016 2968 &
1045 2888 1170 2986 infra,
1201 2905 1442 2969 nontamen
1473 2888 1579 2966 ultra
1605 2888 1753 2995 Bergas
1781 2891 1920 2966 versus

120 3020 259 3112 partes
288 3001 487 3099 boreales,
518 3003 593 3081 nisi
622 3003 699 3084 hoc
727 3001 849 3082 alicui
878 3000 929 3081 de
958 3001 1119 3109 speciali
1149 3005 1282 3108 gracia
1312 2997 1572 3080 concedatur,
1610 3001 1710 3078 Item
1738 2995 1789 3078 de
1817 3026 1920 3106 qua-

120 3117 221 3198 libet
250 3141 364 3212 naue
385 3113 590 3194 deferente
620 3141 820 3197 annonam
849 3111 901 3193 ad
929 3114 1113 3194 ciuitates
1139 3112 1203 3191 vel
1231 3112 1349 3192 villas
1376 3110 1506 3191 feren.
1541 3113 1727 3190 veniente
1755 3106 1919 3190 dabitur

15 3278 20 3294 ·
119 3255 248 3309 unum
279 3226 419 3305 melius
448 3225 641 3305 talentum
673 3253 832 3305 annone
870 3228 911 3305 in
940 3223 1077 3305 eadem
1113 3225 1321 3304 existentis
1357 3221 1469 3332 quod
1499 3239 1740 3331 procurator
1781 3236 1920 3300 noster

120 3336 354 3449 eligendum
383 3334 563 3432 duxerit,
593 3354 765 3444 excepto
792 3327 890 3417 ilore
919 3337 1063 3434 tritici,
1092 3334 1205 3446 quod
1231 3334 1311 3415 flur
1340 3337 1381 3415 in
1413 3335 1564 3415 Norico
1591 3333 1830 3442 appellatur.

232 3451 395 3531 Debent
423 3451 548 3529 eciam
577 3475 660 3528 esse
690 3448 807 3529 liberi
835 3477 858 3528 a
886 3447 1094 3529 trahendis
1123 3447 1294 3527 nauibus
1322 3448 1399 3526 nisi
1429 3454 1587 3526 nostris.
1615 3448 1649 3525 si
1669 3445 1762 3554 quis
1784 3459 1921 3523 autem

8 3561 18 3628 l
117 3563 224 3643 infra
256 3564 440 3668 Regnum
470 3561 687 3666 Norwegie
716 3560 950 3656 decesserit,
979 3559 1088 3641 dona
1115 3587 1186 3639 sua
1222 3559 1370 3641 debent
1400 3558 1536 3639 heredi
1567 3555 1629 3637 vel
1658 3559 1743 3637 cius
1773 3583 1918 3664 procu·

7 3717 8 3720 ¹
119 3675 249 3755 ratori
278 3673 458 3779 legitimo
486 3673 665 3767 restitui,
694 3701 816 3781 super
846 3673 923 3752 hoc
953 3671 1242 3752 testimoniales
1271 3688 1450 3779 patentes
1477 3670 1655 3758 ciuitatis
1685 3669 1819 3749 literas
1848 3665 1918 3746 de·

119 3786 286 3880 ferenti,
316 3781 366 3862 de
395 3812 474 3894 qua
514 3785 661 3880 fuerat,
702 3788 774 3895 qui
803 3786 987 3879 decessit,
1033 3784 1137 3864 inlra
1180 3811 1330 3863 annum
1361 3787 1401 3860 8r
1428 3779 1662 3876 dimidium,
1692 3798 1784 3887 post
1811 3777 1917 3858 diem

118 3899 258 3980 obitus
286 3893 529 3976 decedentis.
587 3897 688 3975 ltem
717 3895 769 3976 ad
797 3895 1094 3976 ostendendum
1123 3921 1231 3974 arma
1261 3921 1332 3975 sua
1361 3893 1424 3972 vel
1452 3890 1503 3972 ad
1522 3889 1782 4000 'sequendum
1811 3890 1919 3970 fures
1966 3969 1970 3974 .

8 4061 9 4078 κ
120 4010 169 4091 ad
202 4005 432 4117 patibulum
462 4007 533 4087 vel,
556 4007 654 4088 alios
683 4006 922 4114 dampnatos
951 4005 1000 4086 ad
1032 3995 1200 4087 m'ortem
1229 4030 1313 4083 non
1341 4020 1545 4091 tenentur.
1605 4005 1705 4081 Item
1750 4027 1826 4110 pro
1853 4027 1917 4079 so·

8 4105 9 4127 ¹
118 4119 302 4213 lucione,
331 4145 410 4227 que
441 4119 587 4200 dieitur
617 4118 806 4226 Ledangr
835 4120 1032 4198 immunes
1059 4119 1208 4200 debent
1235 4143 1341 4211 esse,
1371 4117 1443 4226 qui
1472 4133 1565 4194 ante
1592 4113 1737 4194 festum
1768 4113 1916 4191 natiui-

119 4235 215 4314 tatis
242 4230 441 4312 dominice
471 4259 562 4311 curn
593 4231 764 4310 nauibus
792 4231 873 4310 suis
901 4249 994 4310 sunt
1029 4230 1204 4339 expositi
1230 4226 1414 4309 rad-viam
1445 4231 1485 4306 ssr
1514 4226 1563 4306 de
1599 4227 1680 4305 suis
1710 4225 1918 4304 mercimo-

120 4347 195 4424 niis
227 4343 392 4451 penitus
420 4343 619 4450 expediti,
648 4341 760 4452 quod
788 4343 821 4423 si
852 4359 987 4450 postea
1010 4343 1051 4422 vi
1080 4341 1327 4448 tempestatis
1350 4339 1559 4447 compulsi·
1587 4339 1736 4416 luerint
1764 4362 1919 4414 moram

119 4455 282 4536 trabere
312 4453 354 4531 in
390 4452 525 4564 aliqua
553 4455 715 4534 ciuitate
746 4455 809 4533 vel
840 4455 932 4534 villa
961 4456 1096 4562 regni,
1138 4453 1401 4531 nibilominus
1430 4453 1626 4529 immunes
1654 4448 1804 4528 debent
1832 4472 1919 4525 esse
1952 4519 1955 4525 .

119 4566 351 4660 a.tribut0‚
380 4563 477 4644 dum
500 4565 621 4647 modo
649 4567 885 4646 mercaciam
909 4593 1018 4645 suam
1043 4563 1215 4645 emendo
1239 4593 1318 4644 non
1343 4555 1573 4655 exerceant,
1602 4561 1665 4639 vel
1690 4557 1954 4639 tendendo·
2048 4634 2051 4639 ,
2120 4552 2123 4559 ’

8 4773 9 4794 ,
123 4675 227 4759 ltem
258 4703 408 4756 merces
437 4705 528 4759 suas
556 4680 605 4758 in
642 4677 830 4758 domibus
872 4679 1085 4757 ciuitatum
1128 4677 1190 4756 vel
1233 4676 1418 4756 villarum
1459 4669 1676 4752 lorensium
1721 4697 1919 4778 reponere

8 4834 9 4866 t
122 4791 260 4888 valent
289 4786 359 4867 ubi
392 4789 448 4868 eis
477 4786 680 4870 videbitur
709 4788 979 4898 oportunum,
1015 4786 1236 4871 dummodo
1271 4815 1353 4867 nou
1396 4786 1570 4866 alienent
1612 4781 1771 4863 easdem
1800 4781 1917 4877 alibi,

8 4923 9 4934 ¹
118 4929 243 5011 quam
272 4902 315 4980 in
345 4899 443 4979 locis
472 4898 524 4980 ad
552 4902 634 5013 boc⁸
656 4901 886 5010 specialiter
916 4901 1129 5010 deputatis.
