4317 5975
972 379 1032 402 ..
1143 335 1236 441 573·
1334 259 1530 400 ...⁸

158 588 164 596 ⁴
280 555 386 640 sicut
410 566 573 630 tenetur
602 546 745 628 merito
773 546 815 624 in
842 541 1008 642 eisdem,
1035 545 1231 648 Cacmrum
1260 561 1307 626 ut
1336 571 1414 653 pas
1445 560 1487 628 et
1513 547 1707 630 securitas
1727 549 1938 656 supradicte
1954 557 2029 642 inter

281 691 356 746 nos
383 678 425 742 et
454 689 577 769 regna
599 674 733 739 nostra
763 672 978 749 teneantur
1017 655 1167 768 amodo
1209 657 1370 738 vinculo
1406 657 1663 753 firmiorher
1696 660 1853 768 singula
1889 664 1951 744 alia
1976 697 2032 778 qve

281 776 603 886 praemittuntur,
632 766 883 849 deducantur
912 767 1165 855 commodius
1192 783 1233 850 et
1261 767 1525 850 favorabilius
1553 766 1605 850 ad
1634 768 1844 868 effectum,
1868 773 1975 884 aliqva
1998 779 2033 862 de
2107 809 2108 858 s

279 886 400 969 bonis
428 900 469 962 et
497 879 723 962 redditibus
751 879 792 957 in
823 874 1038 961 llallundia
1068 907 1116 959 cx
1154 897 1269 988 parte
1313 880 1467 958 boreali
1500 905 1603 991 aque
1646 882 1771 963 Ether
1808 883 1952 966 domino
1973 894 2035 999 regi
2107 869 2108 920 l

159 1073 169 1084 ,
281 996 483 1102 Norvegie
511 993 587 1073 sub
616 1007 701 1070 rata
730 991 773 1068 e't
799 990 941 1084 debita,
967 994 1157 1099 porcione
1186 1019 1263 1099 pro
1292 989 1410 1070 bonis
1442 992 1524 1071 suis
1554 995 1743 1072 maternis
1771 994 1942 1074 omuibus
1960 999 2037 1080 infra

279 1134 449 1214 regnum
482 1105 603 1184 Dacie
631 1103 733 1196 sitis,
763 1101 1052 1208 assignabimus
1081 1117 1121 1180 et
1150 1099 1351 1182 residuum
1381 1100 1558 1207 ejusdem
1602 1117 1729 1200 terre,
1772 1121 1813 1183 et
1840 1107 1917 1212 ipsa
1955 1130 2039 1216 parte

279 1245 384 1329 aqve
413 1215 558 1308 Ether,
587 1212 773 1292 videlicet
801 1231 976 1320 qvatuor
1011 1209 1168 1309 haered,
1210 1209 1336 1291 eidem
1382 1211 1640 1293 concedimus
1676 1216 1717 1294 in
1749 1215 1937 1322 pheodum
1971 1247 2038 1300 eum

281 1331 456 1440 juribus,
485 1323 820 1435 possessionibus,
848 1323 1105 1404 libertatibus
1133 1339 1173 1421 et
1202 1323 1447 1422 attinenciis,
1483 1325 1587 1402 sicut
1615 1353 1658 1404 ea
1689 1352 1827 1404 omnes
1858 1327 2041 1411 lacobusa
2107 1399 2108 1414 a

220 1471 224 1478 ·
281 1436 614 1551 progenitoribus
643 1435 790 1514 nostris
818 1431 1042 1514 dinoscitur
1072 1433 1239 1513 liberius
1271 1433 1446 1512 tenuisse
1476 1431 1594 1513 etde
1631 1433 1778 1515 eisdem
1816 1435 1925 1518 sacto·
1955 1441 2043 1522 nobis

282 1579 356 1662 per
385 1549 557 1629 eundem
586 1543 792 1626 dominum
817 1547 987 1655 'Regem
1032 1545 1234 1652 Norvegie
1277 1543 1483 1652 homagio,
1524 1541 1714 1642 dominus
1755 1547 1840 1626 Rex
1882 1549 2044 1657 Norvegie
2107 1613 2108 1618 ,

283 1675 549 1753 memoratus,
576 1685 667 1736 curn
697 1655 928 1737 hominibus
957 1673 997 1735 et
1026 1653 1167 1735 in'colis
1208 1657 1385 1764 ipsorum
1418 1647 1571 1760 haeret,¹
1588 1657 1706 1738 nobis
1734 1675 1776 1737 et
1797 1686 1937 1740 corone
1958 1663 2046 1768 regui

282 1775 413 1854 nostri
440 1768 650 1852 servicium
680 1766 799 1846 faciat
828 1769 1061 1876 reqvisitus,
1091 1768 1167 1846 hoc
1196 1765 1376 1874 adjectu,
1404 1763 1512 1876 qvod
1542 1769 1716 1850 convicti
1747 1797 1822 1876 pro
1853 1789 1966 1850 morte
1997 1801 2046 1879 pa·
2106 1727 2108 1796 l

282 1885 358 1965 tris
388 1883 535 1977 nostri,
563 1881 743 1986 ipsorum
773 1879 947 1958 haeredes
969 1892 1016 1956 ct
1043 1877 1258 1985 complices
1287 1878 1386 1956 Daci
1411 1876 1557 1956 ibidem
1581 1879 1811 1960 nullatenus
1833 1882 2046 1990 colligantur,
2107 1955 2108 1980 ,

177 2027 182 2033 ’
282 2011 325 2077 et
358 2011 404 2074 ut
431 1995 517 2101 ipsa
546 1990 693 2069 haerret
721 2005 762 2080 et
790 2009 917 2068 castra
948 1987 1095 2085 ibidem
1126 2003 1417 2097 recuperentur
1446 1987 1496 2067 ad
1523 1990 1839 2072 manus'domini
1858 1996 1952 2099 regis
1972 1995 2047 2072 Nor·
2106 1983 2108 2074 l

284 2105 399 2213 vegie
428 2101 640 2212 cooperari
668 2099 860 2204 debemus
891 2097 1061 2179 fideliter·
1083 2117 1181 2180 'cum
1212 2097 1351 2179 endem
1383 2115 1478 2180 toto.
1503 2125 1629 2207 posse.
1671 2103 1844 2181 Praetera
1873 2103 1919 2182 ad
1945 2129 2050 2210 precer

203 2262 221 2291 ¹·
284 2233 326 2299 et
355 2214 571 2295 instancias
600 2209 752 2291 domini
780 2213 900 2316 Regis
931 2211 1151 2318 Norvegie,
1190 2209 1239 2290 de
1268 2211 1431 2318 speciali
1473 2213 1608 2315 gracia
1650 2209 1836 2304 duximus
1879 2211 2051 2294 admitten-
2106 2185 2108 2276 l

285 2330 401 2424 dum,
430 2324 541 2436 qvod
570 2350 716 2404 rrxores
746 2341 786 2404 et
815 2322 929 2403 liberi
961 2350 1103 2402 novem
1134 2349 1211 2431 pro
1248 2337 1375 2401 morte
1419 2323 1546 2430 patris
1587 2324 1720 2403 nostri·
1745 2325 2001 2424 convictorum
2024 2337 2052 2403 et
2106 2319 2108 2416 l

284 2438 503 2547 complices
532 2436 712 2549 ipsorum
743 2461 886 2513 novem
916 2463 963 2523 ac
992 2459 1130 2513 eorum
1169 2432 1284 2514 liberi
1307 2433 1402 2542 .qui
1444 2435 1606 2538 racione
1648 2459 1882 2514 excessuum
1921 2461 2052 2515 suorum

287 2551 398 2632 bona
425 2575 517 2641 sua,
545 2552 759 2654 anteqvam
790 2543 955 2625 domino
983 2545 1084 2652 Regi
1114 2545 1315 2652 Norvegie
1345 2544 1573 2650 homagium
1605 2541 1801 2643 fecerant,
1832 2546 1992 2628 amisisse
2014 2544 2053 2624 le·

179 2707 183 2714 ·
288 2661 445 2771 gittime
475 2657 743 2742 dinoscuntur
773 2655 894 2746 bonis,
917 2656 998 2735 suis
1028 2657 1218 2749 maternis
1246 2656 1729 2756 utanturtantummodo;
1748 2658 2054 2765 Compllcesvero

288 2799 429 2865 eorum
462 2767 531 2847 alii
560 2795 718 2864 omnes,
750 2783 790 2846 et
820 2793 966 2848 uxores
995 2783 1202 2848 eteorum
1247 2765 1382 2865 liberi,
1425 2768 1494 2878 qvi
1538 2778 1751 2878 auteqvam
1796 2769 1841 2847 in
1883 2768 2054 2849 servicium

264 2881 445 2966 'domini
472 2879 592 2987 Regis
623 2877 821 2989 Norvegie
851 2896 1047 2983 venerant
1075 2881 1116 2958 in
1147 2879 1411 2983 Norvegiam,
1449 2877 1556 2957 bona
1594 2901 1666 2958 sua
1701 2883 1873 2989 propter
1911 2903 2055 2959 excessu

290 3022 401 3089 suos,
431 3008 476 3071 ut
507 2990 786 3099 praemittitur,
817 3016 897 3089 non
927 2990 1159 3089 amiserant,
1190 3006 1359 3069 utantur
1386 3016 1511 3097 regno
1548 3005 1588 3070 et
1623 2990 1741 3071 bonis
1782 2998 1867 3071 suis
1907 2988 2057 3071 omnibus

291 3105 470 3217 paternis
496 3119 538 3182 et
567 3103 773 3196 maternis,
812 3104 839 3181 ii
879 3101 1158 3198 nihilominus,
1199 3102 1268 3211 qvi
1310 3102 1540 3182 caucionem
1584 3102 1702 3183 nobis
1733 3102 1932 3197 ¹l'ecerlnt,
1968 3126 2056 3211 qvau

265 3215 527 3299 duxerimus
555 3211 862 3321 acceptandam:
893 3212 1036 3323 reliqvi
1066 3238 1162 3293 vero
1192 3212 1296 3293 bona
1327 3240 1398 3291 sua
1429 3211 1624 3310 vendant,
1652 3229 1694 3293 et
1721 3230 1829 3293 cum²
1852 3214 1981 3323 precio
2013 3236 2059 3289 ec

290 3354 382 3409 rum
408 3339 600 3404 maneant
628 3342 742 3427 extra
770 3351 961 3429 regnum,
991 3325 1067 3403 hoc
1098 3320 1272 3433 adjecto,
1308 3320 1418 3433 qvod
1448 3350 1593 3404 uxores
1618 3338 1662 3402 et
1691 3324 1809 3405 liberi
1834 3350 1972 3406 novem
1989 3348 2057 3401 con·

292 3439 492 3517 victorum
524 3462 599 3542 pro
628 3451 757 3513 morte
795 3435 933 3542 patris·
962 3433 1109 3529 nos'tri,
1153 3449 1351 3543 perpetuo
1393 3449 1505 3540 extra
1549 3446 1718 3541 regnunt
1746 3436 1890 3516 'Dacie
1923 3448 2013 3514 stent
2033 3444 2059 3509 et

234 3643 239 3650 g
295 3547 401 3629 infra
431 3548 456 3624 3
485 3570 613 3623 annos
643 3546 840 3652 praenrissa
872 3544 977 3623 hona
1007 3572 1078 3624 sua
1108 3543 1293 3623 alienent.
1366 3546 1446 3623 De¹
1471 3547 1622 3625 caeteris
1664 3548 1849 3626 veroin
1891 3543 2059 3624 voluntate

296 3677 431 3741 nostra
461 3656 514 3733 sit
542 3672 583 3734 ct
614 3657 747 3764 gracia
777 3682 879 3765 qvos
907 3656 1084 3763 ipsorum
1125 3680 1250 3761 regno
1291 3674 1381 3734 cnm
1427 3652 1563 3752 bonis,
1611 3656 1688 3752 uti,
1733 3676 1778 3737 ut
1823 3657 2058 3767 praemittitur,

296 3770 613 3876 velimus,‘qvos
643 3768 820 3875 ipsorum
851 3782 963 3845 extra
993 3794 1161 3872 reguum
1192 3784 1296 3845 stare
1327 3766 1513 3863 velimus,
1556 3782 1596 3846 et
1627 3766 1679 3846 de
1714 3768 1833 3849 bonis
1875 3769 1952 3849 suis
1989 3790 2062 3875 pra·

199 3962 202 3972 ,
298 3881 425 3963 missis
454 3876 609 3957 fructus
644 3896 686 3957 et
726 3872 908 3959 redditus
950 3874 1103 3973 levare,
1146 3893 1185 3957 et
1214 3904 1315 3986 qvos
1344 3906 1391 3957 ex
1432 3879 1527 3984 ipsis
1570 3880 1680 3957 extra
1723 3905 1897 3987 regnum
1939 3898 2061 3957 manete

299 3990 498 4105 perpetuo
526 3989 708 4083 velimus,
738 4016 783 4067 ac
814 3986 918 4066 bona
948 4015 1021 4067 sua
1051 3985 1278 4096 supradicta
1309 3987 1484 4068 vendere
1510 3997 1678 4068 etextla
1699 4000 1873 4097 re‘gnum
1901 3988 2062 4070 deducere

298 4104 472 4215 pretium
503 4096 734 4179 eorundem.
792 4096 1050 4178 Admittimus
1078 4100 1223 4194 eciam,
1251 4097 1359 4209 qvod
1390 4114 1571 4204 tempore
1601 4098 1880 4207 placltaeionis
1915 4092 2061 4179 habende

299 4231 347 4295 ut
376 4211 655 4321 praemittitur,
690 4210 831 4288 Comes
859 4212 1030 4297 lacobus
1060 4236 1137 4289 una
1168 4236 1257 4288 curn
1295 4210 1405 4317 Rege
1449 4210 1651 4317 Norvegie
1694 4202 1927 4319 compareat
1962 4228 2063 4289 curan

300 4324 429 4405 nohis.
487 4322 660 4428 Insuper
696 4348 745 4398 ne
772 4319 869 4427 qvid
909 4338 1129 4416 remaneat,
1171 4318 1278 4431 qvod
1323 4348 1459 4427 pacem
1498 4336 1538 4400 et
1581 4321 1841 4401 concordiam
1867 4320 2065 4429 'praemissas

178 4444 187 4451 '
299 4436 452 4516 violare
482 4438 650 4541 poterit,
678 4458 747 4510 seu
777 4429 1033 4511 dissensionis
1061 4424 1229 4539 alicujus
1255 4432 1463 4511 materiam
1493 4458 1706 4539 generare,
1753 4449 1987 4512 memoratus
2016 4424 2064 4505 do

302 4549 434 4629 minus
461 4545 547 4624 Rex
577 4542 778 4651 Norvegie
808 4539 912 4622 hona
944 4559 1121 4622 materna
1152 4544 1311 4622 racione
1338 4568 1509 4653 qvorum
1540 4558 1705 4622 actenus
1743 4544 1832 4624 lites
1871 4560 1911 4623 et
1949 4540 2065 4621 dissert·

300 4656 433 4738 sloues
456 4656 616 4763 ¹saepius
643 4670 739 4734 sunt
765 4668 979 4750 commote,
1009 4650 1127 4738 nobis
1157 4654 1339 4734 necnon
1369 4680 1521 4734 corone
1550 4657 1702 4751 nostress
1736 4644 1965 4763 ubicunqie
1988 4644 2065 4745 inin

301 4794 470 4874 regnum
499 4768 623 4849 Dacie
650 4767 725 4845 situ
754 4762 834 4844 sint
863 4762 1089 4847 ordinanda
1109 4764 1236 4854 libere
1261 4789 1336 4871 pro
1358 4764 1505 4845 nostris
1517 4752 1660 4844 usibus
1681 4764 1919 4873 resignabit,
1938 4752 2067 4872 qvando

303 4879 475 4989 adeptus
502 4877 625 4958 suerit
644 4879 688 4983 4
706 4872 884 4956 haeredes
914 4879 954 4956 in
983 4872 1338 4984 Haliandlaprius
1367 4872 1520 4957 dictat·
1555 4871 1857 4973 Tterrrlnoblli'·
1874 4876 1957 4955 ir'iro
1993 4890 2066 4949 cuu-

2100 5594 2102 5667 l

301 5015 524 5101 sangurneo
553 4992 693 5073 nostro
721 4984 896 5072 domincf
916 4984 961 5071 Ε.
990 4982 1182 5098 praedicta
1215 4984 1322 5069 bona
1359 5001 1431 5069 sua
1454 4998 1672 5067 materna·
1691 4988 1826 5069 omnia
1857 4985 2064 5087 'dblc'uuqvt
