4317 5975
804 431 876 525 -·
972 365 1054 470 63'5
1165 433 1225 458 .-

117 603 225 688 nium
254 601 481 714 predictum
511 602 687 714 legitime
714 606 900 688 instituta
927 635 976 690 ac
1004 610 1083 694 line
1109 609 1251 696 debito
1279 605 1530 720 et'rongrno
1560 627 1641 690 tron
1662 607 1831 690 'inerint
1851 633 1918 689 or·
2037 645 2041 665 ι

116 717 273 812 dinato,
301 735 453 798 extunc
477 715 616 826 elapso
643 716 913 828 quadriennio
939 720 1177 830 supradicto
1204 720 1432 814 Lundcnsis
1460 721 1819 832 archiepiscopus,
1846 722 1946 830 qvi,
2056 727 2061 736 '

98 829 192 937 ‘pro
219 844 402 938 tempore
429 826 502 910 illo
529 827 679 924 luerit,
700 827 742 908 in
771 855 966 938 personas
992 834 1217 943 singulam
1244 835 1464 916 Consulum
1487 861 1534 914 ac
1558 860 1728 913 uxorum
1751 847 1793 912 et
1813 829 1917 913 tilio·

115 965 213 1020 rum·
231 936 453 1022 eorundem
480 938 926 1037 excommunicationis,
952 942 995 1023 iu
1023 947 1350 1028 communitatem
1380 971 1478 1028 vero
1507 946 1632 1054 ipsius
1661 941 1835 1030 civitatis
1856 940 1917 1019 in·

114 1049 293 1149 terdieti,
319 1052 557 1146 sententias,
583 1047 636 1132 ad
665 1051 964 1162 requisitionem
991 1072 1260 1160 cognatorum
1288 1073 1329 1138 et
1357 1057 1576 1138 amicorum
1606 1055 1730 1163 ipsius
1754 1053 1917 1135 Domini

53 1179 57 1184 ·
115 1161 284 1270 loseph,
314 1161 513 1244 licentiam
542 1159 691 1243 babeat
723 1162 972 1272 proferendi.
1030 1164 1152 1270 Qvod
1187 1169 1219 1248 si
1255 1163 1462 1280 predictus
1497 1164 1838 1274 Archiepiscopus
1872 1163 1913 1241 in

116 1274 320 1356 sententiis
348 1271 582 1382 hujusmodi
608 1272 652 1354 in
687 1274 797 1382 ipsos
832 1272 1030 1360 Consules
1065 1295 1108 1359 et
1132 1280 1313 1362 civitatis
1347 1278 1552 1388 sepedicte
1586 1278 1913 1357 communitatem

116 1382 368 1494 proferendis
396 1385 613 1496 reqvisitus
639 1383 818 1466 noluerit
846 1387 1095 1485 consentire,
1124 1389 1187 1470 vel
1219 1417 1300 1472 non
1327 1391 1479 1497 poterit
1501 1389 1706 1484 interesse,
1736 1391 1844 1496 ipsos
1866 1411 1914 1464 ac
1985 1487 1990 1500 ,

114 1495 439 1578 communitatem
467 1496 654 1604 nuperius
680 1511 829 1578 tactam
863 1495 1136 1580 interdictioni
1174 1501 1414 1583 verrerabilis
1455 1501 1583 1582 Patris
1604 1499 1779 1578 „Domini
1817 1497 1915 1603 Epi·

114 1607 226 1716 scopi
253 1605 548 1702 Roskildensis,
575 1609 645 1717 qvi
674 1622 773 1689 tunc
802 1606 940 1705 fuerit,
975 1608 1246 1717 subjicierunt
1275 1611 1471 1694 Consules
1498 1627 1539 1691 et
1569 1613 1673 1690 cives
1702 1605 1913 1720 sepedicti,

115 1733 160 1798 ut
188 1715 390 1827 predictas
417 1719 636 1803 sententias
671 1719 714 1799 in
748 1721 858 1828 ipsos
890 1719 1074 1828 prolerre
1102 1727 1252 1831 poterit
1280 1724 1330 1805 ad
1359 1723 1588 1804 instantiam
1621 1717 1913 1829 predictorum,

114 1827 429 1938 jurisdictionem
458 1830 584 1939 ipsius
611 1827 877 1928 ordinariam,
916 1848 1113 1940 qnantum
1144 1831 1194 1914 ad
1221 1835 1313 1933 hee,
1349 1836 1390 1916 in
1420 1836 1528 1944 ipsos
1556 1831 1782 1940 specialiter
1817 1855 1914 1936 pro-

114 1955 315 2050 rogantes.
369 1942 431 2022 Ita
459 1946 600 2036 etiarm
641 1940 752 2051 qvod
783 1940 964 2050 predicte
1002 1946 1219 2044 sententie,
1260 1947 1293 2028 si
1330 1939 1475 2026 eas'in
1514 1944 1622 2051 ipsos
1658 1959 1698 2022 et
1735 1965 1917 2052 commu-a

114 2053 281 2134 nitatem
319 2051 543 2162 predictam
579 2053 637 2132 sic
673 2055 893 2160 contigerit
928 2055 1195 2162 promulgari,
1237 2085 1445 2166 nunqnam
1493 2056 1567 2134 nisi
1609 2053 1660 2134 de
1701 2051 1912 2131 voluntate
2047 2063 2050 2076 ¹

114 2179 162 2244 et'
181 2190 381 2246 consensu
408 2164 630 2244 amicorum
656 2179 699 2246 et
725 2181 991 2272 cognatorum
1020 2167 1145 2274 ipsius
1174 2170 1339 2250 Domini
1358 2166 1507 2275 loseph
1529 2166 1707 2276 poterint
1728 2161 1913 2244 relaxari.

31 2283 44 2294 ‘
112 2273 465 2357 Renuntiaverunt
501 2275 669 2384 insuper
703 2276 892 2356 omnibus
926 2279 1232 2386 exceptionibus
1264 2280 1366 2390 juris
1393 2295 1435 2362 et
1462 2277 1576 2370 facti,
1618 2274 1702 2356 doli
1730 2293 1770 2354 et
1799 2271 1912 2365 mali,

113 2386 354 2482 coactionis,
394 2386 438 2466 in
468 2377 669 2494 integrum
698 2389 984 2485 restitutionis,
1033 2391 1219 2496 petitioni
1248 2394 1437 2502 omniqve
1464 2387 1616 2470 anaxilio
1644 2402 1684 2466 et
1713 2383 1915 2466 defensio-

111 2495 235 2578 nibus
261 2496 364 2605 juris
390 2497 588 2580 Canonici
616 2497 678 2579 rel
706 2499 865 2597 Civilis,
906 2501 939 2579 si
967 2527 1047 2609 qve
1075 2502 1171 2608 ipsis
1199 2520 1437 2614 competunt
1473 2528 1545 2582 seu
1574 2513 1804 2607 competere
1840 2517 1912 2604 po·
2053 2537 2056 2544 ·

83 2609 238 2690 terint
272 2612 313 2689 in
352 2608 556 2705 futurum,
591 2610 698 2694 circa
735 2612 924 2719 premissa
958 2610 1022 2690 vel
1057 2610 1224 2724 aliqvod
1262 2617 1559 2723 premissorum.
1616 2610 1663 2687 In
1699 2607 1816 2716 eujus
1853 2604 1913 2686 rei

19 2775 25 2782 -
113 2720 385 2801 testimonium
427 2719 601 2826 sigillum
646 2739 826 2802 nostrum
872 2721 1126 2832 presentibus
1167 2742 1228 2806 est
1266 2719 1501 2835 appensum.
1565 2722 1714 2802 Datum
1756 2715 1913 2798 Lundis

113 2837 234 2913 Anno
249 2832 412 2914 Domini
433 2831 639 2938 MCCCX,
665 2830 865 2916 dominica
889 2833 1072 2942 proxima
1097 2837 1319 2919 antediem
1342 2836 1448 2919 beati
1463 2832 1630 2918 Mattltei
1649 2830 1911 2940 Evangeliste.

123 3225 287 3383 1698.
748 3226 896 3335 1310
936 3227 993 3372 d,
1038 3227 1110 3379 ab
1156 3228 1297 3377 Sept.

197 3415 305 3479 omn
325 3414 465 3476 nasson
484 3412 801 3497 tillktnnagisrande,
821 3426 871 3478 att
892 3417 927 3479 sd
947 3415 1000 3478 vtl
1020 3415 1096 3495 ban,
1118 3412 1187 3478 som
1208 3416 1357 3480 Abboten
1379 3418 1390 3479 i
1411 3416 1438 3479 tt
1461 3414 1545 3493 dala,
1567 3412 1709 3498 godlatint
1724 3411 1780 3474 det
1789 3412 1912 3496 utslag,

236 3494 363 3575 baillet
384 3497 404 3559 d
424 3495 508 3558 bdda
528 3496 615 3560 sidor
635 3498 768 3562 unedde
788 3500 881 3563 Gode
902 3502 978 3562 Man
999 3499 1093 3582 gttvtt
1114 3500 1125 3559 i
1148 3501 1262 3561 tvisten
1284 3499 1357 3563 med
1378 3502 1427 3583 ny
1450 3498 1501 3584 als
1522 3498 1642 3559 kloster
1665 3517 1718 3559 om
1744 3496 1912 3559 ramsrten

235 3580 288 3643 fo'r
308 3576 494 3664 Staplalrult
514 3580 577 3643 och
596 3580 817 3665 Skarfsjb'ryd,
839 3582 937 3645 likvat
958 3593 1037 3645 uun
1058 3583 1179 3646 serien
1201 3584 1243 3666 pt
1264 3581 1350 3644 hvad
1372 3582 1435 3643 ban
1458 3592 1512 3663 egt
1539 3580 1576 3641 ai
1601 3578 1647 3641 Fr·
1671 3578 1756 3641 eleds
1776 3579 1913 3643 allmtln·
1985 3600 1990 3620 ¹

221 3664 333 3745 ming,
356 3659 418 3723 och
438 3661 588 3725 Abboten
610 3664 649 3730 af
664 3664 787 3726 bdnder
807 3666 986 3729 liirvtirivat
1007 3664 1110 3729 under
1132 3666 1265 3743 tvisten,
1287 3664 1463 3748 hvarjemte
1496 3661 1616 3746 lngabo
1648 3602 1826 3726 bibehdlles
1858 3664 1912 3725 vid

235 3746 283 3809 sin
305 3744 411 3829 gemla
431 3744 588 3828 rettighet
605 3745 658 3809 till
677 3748 767 3869 qap.
1657 3824 1682 3879 A
1709 3788 1768 3879 3.,

202 3929 434 4035 ¹liniuersis
463 3944 669 4039 presentes
705 3931 856 4012 litteras
899 3932 1158 4039 inspecturis,
1199 3930 1348 4029 Giano
1391 3952 1610 4011 nacasssort
1652 3942 1831 4007 eternam
1867 3926 1911 4005 in

113 4040 280 4127 domino
308 4040 496 4135 salutem,
524 4040 684 4122 Tenere
713 4042 963 4152 presencium
1002 4056 1143 4120 notum
1183 4039 1288 4122 facio
1330 4038 1539 4122 euidenter
1582 4035 1691 4148 quod
1722 4038 1763 4116 in
1793 4063 1910 4118 causa

10 4229 12 4232 Α
112 4182 195 4266 que
224 4155 331 4234 inter
360 4179 423 4234 me
450 4178 501 4231 ex
529 4178 606 4232 vna
636 4169 772 4261 parte,
800 4171 840 4238 et
869 4154 999 4232 virum
1029 4149 1292 4233 reuerendum
1324 4150 1531 4235 dominum
1575 4150 1800 4229 iohannem
1829 4146 1911 4229 Ab·

114 4266 253 4348 batem
281 4290 388 4345 noue
414 4260 533 4344 vallis
563 4290 614 4347 ex
642 4281 759 4371 parte
788 4264 933 4359 altera,
977 4290 1100 4372 super
1128 4261 1371 4373 quibusdam
1415 4260 1567 4373 prediis
1595 4259 1712 4342 dietis
1753 4256 1911 4338 starllo·

115 4375 209 4459 bult
237 4392 277 4459 et
302 4374 846 4476 skaerlsiorip‘vertebatur,
874 4374 1019 4455 arbitri
1046 4375 1249 4484 utrimque
1278 4374 1416 4483 electj,
1439 4375 1516 4455 viri
1539 4370 1726 4453 videlicet
1750 4367 1911 4451 discreti

112 4488 281 4571 karolus
307 4485 556 4579 Thurirsou,
598 4483 784 4568 dominus
826 4483 1045 4567 Arnwidus
1079 4485 1131 4568 de
1160 4483 1382 4567 lraeridhum
1413 4502 1453 4565 et
1489 4484 1599 4566 fuleo
1644 4508 1921 4577 mammam,¹

113 4628 167 4683 ex
193 4615 312 4711 parte
340 4624 446 4695 mea,
488 4624 539 4678 ex
580 4594 748 4687 aduersa
791 4615 921 4679 autern
952 4597 1067 4707 parte
1110 4594 1295 4679 dominus
1336 4596 1513 4677 Thomas
1555 4596 1775 4689 Monachus
1804 4591 1911 4673 dicte

115 4712 263 4797 domus
290 4736 400 4792 noue
426 4707 558 4821 vallis,
586 4704 774 4791 dominus
810 4708 1024 4821 Haquinus
1057 4706 1109 4789 de
1143 4708 1319 4811 Tostrip
1361 4724 1402 4789 et
1443 4708 1557 4787 Gislo
1598 4704 1649 4785 de
1693 4703 1910 4795 wellisten,

115 4820 289 4909 eandem
317 4847 477 4902 eausam
506 4820 550 4899 in
578 4818 689 4902 hunc
716 4817 880 4902 modum
909 4820 1116 4903 duxerunt
1142 4816 1400 4913 concorditer.
1426 4816 1708 4913 decidendam,
1725 4814 1911 4899 videlicet

113 4953 164 5018 vt
181 4935 260 5015 mei
286 4933 449 5013 termini
477 4930 531 5011 ab
545 4930 753 5015 occidente
781 4934 821 5012 in
851 4929 1054 5012 steenbaelr
1085 4928 1154 5010 vbi
1182 4931 1267 5039 ipse
1296 4931 1454 5011 riuulus
1481 4932 1564 5011 exit
1593 4928 1644 5010 de
1673 4922 1819 5035 palude
1848 4927 1909 5007 in·

58 5064 64 5075 '
116 5047 336 5157 cipientes,
364 5062 405 5127 et
433 5070 524 5129 cum
553 5039 695 5126 eodem
724 5042 859 5127 riuulo
887 5040 1039 5125 directe
1066 5041 1119 5143 ad
1147 5042 1362 5141 orientem,
1392 5068 1516 5152 vsque
1545 5068 1627 5151 qno
1657 5038 1761 5120 idem
1799 5038 1909 5119 riuus
