4317 5975
961 323 1018 389 .:.
1127 318 1382 408 sae*-

117 646 121 654 ¹
382 540 659 633 Prusensium·
686 540 922 640 enidencins
950 536 1258 659 perpmsentts,
1286 570 1363 629 nos
1387 538 1776 657 asumpslsse'nobis
1797 576 1917 661 super
1933 554 2046 637 onii·

140 712 151 729 ι
192 760 203 769 1
270 664 347 745 hus
375 678 415 743 et
442 662 505 741 sin
536 658 615 741 ulis
643 656 823 741 articulis
851 676 892 740 et
919 660 1061 755 causis,
1091 654 1310 770 dequibus
1338 661 1444 742 inter
1471 657 1683 744 domiuum
1712 662 2046 776 E(ricum),regen

269 773 479 882 norwegie
507 688 716 867 drumm,
742 794 999 881 regnumque
1026 798 1144 853 sunm
1173 786 1216 853 et
1244 793 1338 852 suos
1359 770 1548 855 subditos
1574 766 1855 884 quoscunque,
1877 802 1930 856 ex
1953 784 2047 885 parte

270 912 373 981 vrrs,
401 900 446 966 et
473 882 669 965 Ciuitates
704 883 923 964 maritimas
951 880 1119 981 luheke,
1150 883 1406 978 Wisseosere,
1424 883 1612 981 rosuoh,
1641 884 1895 980 Stralessunt,
1922 889 2048 997 gripes

268 997 391 1093 wolt,
435 992 694 1078 theotonicos
722 994 991 1103 Wishyenaes
1017 1011 1060 1075 et
1095 999 1223 1102 rigam
1253 1021 1303 1075 ex
1335 1010 1454 1105 parte
1481 994 1628 1091 altera,
1662 991 1864 1078 discordia
1890 1001 2049 1095 vertitu,

267 1126 329 1205 vt,
355 1104 475 1219 qnod
504 1104 587 1189 duo
615 1121 811 1215 exparte
839 1108 942 1215 regis
973 1107 1184 1212 norwegie
1220 1122 1262 1187 et
1294 1105 1725 1219 duo'exmiaitatihns
1743 1109 1965 1219 premissis,
2003 1140 2050 1193 as·

164 1282 168 1289 .
267 1220 419 1330 sumpti
461 1214 622 1303 ludices
660 1216 922 1299 concorditer
955 1215 1227 1299 determinare
1270 1234 1313 1299 et
1350 1220 1486 1327 sopire
1518 1212 1605 1301 non
1636 1222 1837 1329 poterint,
1878 1220 1971 1301 illud
1990 1250 2051 1303 nos

183 1388 191 1403 ·
267 1330 566 1414 sentencialiter
592 1326 770 1411 diffinire
804 1346 1040 1431 teneamnr3
1084 1328 1314 1440 jurauimus
1341 1350 1518 1441 namque
1552 1331 1774 1414 oeoundnrd
1800 1330 2050 1416 dominans

33 1466 38 1477 ·
131 1462 135 1477 ·’
268 1457 448 1525 nostram
474 1442 767 1523 conscienciam
793 1442 840 1553 in
870 1438 945 1523 hac
969 1454 1161 1551 parte‘et
1190 1441 1234 1523 in
1261 1440 1451 1523 omnihus
1478 1436 1565 1525 lstis
1604 1442 1657 1524 ad
1685 1470 1763 1525 ons
1791 1442 1969 1553 perlatis,
2002 1445 2050 1553 ju·

267 1555 422 1637 stioiam
453 1578 527 1635 nos
556 1551 746 1633 facturos.
1468 1595 1473 1605 ·

268 1702 274 1713 ·
379 1669 709 1773 Acceptancrunt
737 1678 871 1744 autem
886 1673 1112 1771 spontanee
1127 1662 1309 1774 predicte
1325 1682 1462 1774 partes
1474 1663 1581 1746 diem
1597 1662 1704 1745 beati
1721 1662 1911 1762 Micholis,
1940 1668 2051 1774 proxi·

268 1804 336 1860 mo
364 1792 600 1872 venturum,
639 1772 693 1857 ad
733 1770 1048 1885 comparendum
1085 1801 1222 1857 coram
1251 1776 1369 1857 nohis
1411 1776 1668 1871 Kalmarnie,
1696 1775 1749 1856 ad
1771 1776 2048 1885 procedendum
2097 1806 2101 1811 ·

181 1922 185 1931 ’
268 1892 311 1969 in
348 1885 540 1996 predictis
578 1887 711 1969 causis
747 1902 788 1968 et
815 1884 1014 1981 articulis,
1054 1912 1160 1997 qnos
1199 1883 1419 1971 habuerint
1448 1885 1746 1998 proponendos.
1814 1887 2047 1997 Queeumque
2124 1925 2128 1944 r

156 2056 161 2061 -
268 2013 405 2080 antem
434 1996 584 2080 ibidem
613 2024 749 2079 coram
779 1996 898 2079 nobis
921 1999 1138 2107 proposita
1168 1998 1335 2099 luerint,
1361 2003 1450 2082 sine
1478 2026 1590 2081 mora
1621 1999 1690 2079 illa
1710 1998 1769 2079 ibi
1787 1998 2049 2079 infremensen

175 2129 183 2165 ’κ
253 2110 488 2193 terminare
515 2109 705 2191 uolumus
730 2125 775 2191 et
801 2106 1016 2208 debemus;
1047 2104 1243 2221 'obligate
1282 2110 1450 2223 quidem
1484 2100 1535 2191 ad
1564 2112 1642 2193 hoc
1669 2125 1764 2191 sunt
1787 2108 1900 2193 dicte
1924 2126 2049 2219 septen

168 2228 171 2243 '
268 2222 482 2320 Ciuitates,
527 2219 588 2328 J'ta
622 2219 733 2331 quod
766 2218 955 2331 quelibet
988 2220 1145 2304 Ciuitas
1183 2249 1262 2330 pro
1288 2249 1350 2321 se,
1394 2225 1438 2305 in
1466 2222 1579 2303 dioto
1608 2221 1724 2312 festo,
1739 2221 1878 2304 Sancti
1904 2221 2049 2302 michelis

268 2330 429 2415 ludices
457 2348 499 2413 et
527 2335 699 2413 nuncios
727 2356 832 2421 sues
850 2329 979 2425 modis
1000 2334 1238 2445 prehabitis,
1266 2327 1359 2418 cum
1388 2334 1724 2443 procuratoribus
1746 2334 1857 2431 suis,
1899 2335 1937 2414 in
1971 2331 2046 2411 Kal·

267 2445 437 2526 mariam
464 2445 753 2540 transmittant,
783 2460 823 2525 et
850 2443 886 2524 si
913 2440 963 2525 de
992 2446 1127 2556 aliqua
1156 2447 1316 2534 illarum
1345 2446 1568 2527 Ciuitaturn
1585 2472 1688 2527 vntrs
1701 2447 1879 2526 nuncius
1891 2460 1959 2525 ant
1976 2465 2048 2551 put·
2118 2522 2122 2530 ,

1345 1633 1353 1647 l

134 2568 148 2609 -'
267 2570 456 2651 curator,
485 2572 701 2665 antequam
731 2552 784 2637 ad
810 2578 886 2637 nos
914 2556 1070 2653 veniat,
1099 2562 1316 2656 morietur,
1346 2549 1552 2669 superstes
1580 2552 1688 2639 illius
1717 2558 1998 2665 Ciuitatispm
2017 2578 2047 2632 se

267 2684 310 2747 et
338 2664 557 2749 decedente
577 2668 846 2773 inomnibus
868 2668 1068 2775 premissis
1096 2656 1278 2751 habehit'
1292 2668 1513 2779 plenariam
1545 2684 1798 2780 potestatem,

304 2833 309 2844 =
379 2780 659 2863 Promiserunt
687 2794 818 2861 autem
849 2776 1072 2862 lubinenses
1106 2806 1194 2891 pro¹
1218 2809 1261 2880 se
1298 2797 1339 2892 et
1366 2782 1602 2865 ciuitatibus
1642 2781 1731 2895 riga
1763 2798 1804 2861 et
1847 2779 1984 2889 wisby,
2017 2768 2048 2857 et

267 2908 400 2973 cetere
426 2908 609 3000 quatuor
636 2890 832 2981 Ciuitates
862 2908 945 2999 pro·
967 2908 1016 2972 ise
1042 2894 1273 3002 specialiter
1299 2890 1595 3004 'promiserunt
1619 2917 1700 3004 pro
1728 2891 1923 3004 predictis
1946 2891 2046 2971 omni-

268 3003 347 3084 hus
373 3017 418 3087 et
445 3001 551 3086 infra
580 3003 742 3112 seriptis
761 3001 942 3084 Jlideliter
957 2995 961 3004 ’
978 3003 1253 3115 obstruendis.
1377 2995 1382 3006 ⁴
1933 3017 1937 3022 ’

378 3113 423 3194 Si
454 3116 577 3198 ceiam
599 3115 678 3195 alie
707 3110 903 3198 Ciuitates
930 3115 1075 3200 similis
1099 3109 1326 3228 questionis
1353 3118 1523 3199 iniurias
1552 3142 1679 3226 passe,
1707 3111 2047 3224 subcompos'rcio·

268 3229 332 3308 nis
360 3224 510 3325 forma,
538 3253 660 3338 quam
690 3225 871 3334 predicte
897 3226 1093 3336 Ciuitates
1116 3246 1440 3338 acceptauerant,
1468 3256 1630 3310 manere
1657 3228 1840 3309 volentes
1859 3252 1973 3336 super
1995 3248 2047 3300 to·

146 3359 149 3366 ’
260 3339 424 3424 ‚luntate
453 3366 523 3420 sua
553 3355 592 3419 et
620 3337 741 3420 dicte·
756 3341 1064 3446 composicionis
1101 3340 1393 3421 ratihahicione
1421 3341 1528 3424 inira
1565 3339 1710 3449 festum
1740 3337 1850 3421 heati
1880 3331 2046 3418 michaelis

269 3452 425 3530 instans
447 3450 641 3557 proximo
669 3474 761 3532 suas
799 3449 918 3532 nobis
947 3453 1128 3533 miserint
1152 3453 1316 3549 litteras,
1359 3453 1646 3560 assumpsimus
1659 3450 1778 3532 nohis
1790 3450 1931 3533 eodem
1942 3442 2053 3533 uodo

271 3561 375 3639 sieut
405 3560 639 3641 ciuitatibus
669 3560 776 3656 aliis,
804 3576 845 3639 et
873 3563 930 3642 eis
958 3589 1082 3669 super
1110 3590 1246 3642 earum
1275 3564 1557 3672 questionibus
1584 3562 1784 3672 justiciam
1813 3555 2045 3669 judicatus

269 3697 368 3749 vero
409 3666 696 3778 impedimento
726 3669 906 3778 legitimo
936 3670 1084 3780 prediti
1128 3671 1235 3752 infra
1264 3672 1410 3755 festum
1439 3672 1643 3754 michaelis
1671 3699 1753 3751 non
1780 3673 1960 3753 venerint
1979 3691 2046 3747 eum

269 3783 368 3889 ipsis
410 3781 553 3863 litteris
595 3781 914 3876 ratihabitionis,
953 3799 993 3863 et
1030 3784 1063 3865 si
1101 3785 1289 3866 uenerint
1317 3783 1370 3864 ad
1405 3781 1697 3894 gulbierehedh
1726 3785 1767 3863 in
1797 3799 1940 3865 octaua
1965 3775 2046 3861 beati

270 3892 465 3996 ,lobannis
495 3891 669 3980 babtiste
696 3893 790 3972 anni
820 3895 1008 4002 proximo
1036 3893 1183 3993 futuri,
1225 3922 1318 3976 cum
1351 3895 1571 3978 sufficienti
1600 3890 1809 3992 mandato,
1849 3891 1985 3993 ibidem
2006 3887 2047 3968 eis

270 4005 472 4112 justiciam
499 4003 701 4084 (sommus.
759 4001 823 4082 Illi
851 4004 976 4086 eciam
1007 4007 1114 4112 parti
1143 3992 1302 4088 nullum
1331 4002 1526 4089 debemus
1554 4005 1752 4115 impertiri
1774 4005 1977 4088 consilium
1998 3994 2046 4122 tel

269 4117 593 4224 irruentemque
621 4113 822 4197 sentencie
858 4114 921 4194 vel
957 4120 1176 4214 sentenciis
1202 4118 1352 4203 nostris
1381 4144 1472 4216 non,
1493 4118 1858 4228 obtemperauerit,
1900 4142 1965 4198 seu
1989 4109 2046 4190 aba

270 4247 356 4309 aton
399 4225 560 4322 fecerit,
589 4253 670 4339 que
702 4224 858 4306 ineius
885 4226 1036 4334 apertis
1074 4225 1235 4327 litteris,
1279 4255 1402 4338 super
1435 4229 1514 4340 hijs
1533 4230 1756 4325 confectis,
1800 4227 2045 4310 continentur.

271 4338 401 4420 donec
426 4336 651 4430 ‚seeundum
679 4351 861 4417 tenorem
887 4339 1095 4420 sentencie
1123 4336 1187 4422 rel
1214 4341 1508 4423 sentencisrum
1541 4356 1771 4424 nostrarum
1794 4337 1967 4448 plenarie
1980 4331 2046 4412 lue

272 4454 326 4528 rit
353 4451 449 4532 satis
478 4448 639 4532 factum.
694 4521 698 4526 .
1303 4455 1306 4461 '

383 4559 430 4646 In
459 4559 744 4670 premissorum
773 4573 904 4662 auteur
934 4559 1205 4643 testimonium
1230 4560 1405 4671 sigillum
1433 4578 1616 4646 nostrum
1646 4557 1903 4674 presentibus
1921 4573 1975 4641 est
1990 4579 2046 4660 ap

273 4697 441 4779 pensum
471 4672 521 4754 ad
552 4669 800 4753 euidenciam
836 4669 1068 4778 pleniorem.
1480 4672 1484 4680 “
1703 4685 1706 4690 ’

274 4894 295 4972 J
326 4889 372 4969 1⁰·
391 4784 538 4866 Datum
567 4781 677 4892 apud
704 4779 1023 4884 Gulbierehedh,
1051 4811 1163 4866 anno
1188 4783 1420 4874 dominibl⁰
1449 4785 1538 4870 (1ίῖο
1554 4785 1783 4885 Lxxxv0,
1804 4776 2046 4896 quassos

299 4920 383 4999 urJ.
1181 4977 1184 4980 ,
1657 4962 1661 4971 .
