4317 5975
828 391 885 420 «-
997 351 1072 438 561
1190 397 1247 421 -

135 572 260 679 igitur
293 572 527 679 temporalia
546 595 624 681 pro
640 568 789 654 eternis
810 594 1078 674 commutare,
1107 576 1157 658 de
1181 579 1300 658 rebus
1324 571 1463 656 miliia
1487 570 1562 657 deo
1585 577 1781 658 concessis
1796 571 1936 660 Testa·
2024 627 2026 634 ι

137 701 316 762 mentum
349 711 477 765 meum
516 684 649 764 condo
682 702 724 764 et
761 684 908 765 ordino
938 689 978 767 iu
1015 688 1123 768 hune
1154 687 1333 784 modum,
1378 690 1511 770 Primo
1542 717 1618 797 pro
1647 691 1936 770 Auniuersario

64 878 73 893 Ι
133 821 223 874 meo
252 797 461 874 annuatim
484 794 754 888 celebrande,
788 797 973 876 ecclesie.
995 801 1222 906 vpsalensi,
1252 800 1402 908 inqua
1433 799 1538 906 eligo
1566 799 1812 906 sepulturam
1843 801 1935 908 lego

50 972 52 979 .
131 905 284 985 curiam
329 933 452 984 meam
489 905 790 1012 Risaby,‚cum
820 907 1065 989 dimidietate
1095 915 1271 991 omnium
1310 913 1507 990 bonorum
1548 911 1755 992 mobilium
1786 909 1934 990 ibidem

131 1017 514 1125 existencium,quia
532 1015 672 1096 vilicus
690 1013 737 1125 (l)
766 1017 1053 1100 dimidietatem
1084 1022 1274 1128 possidet,
1302 1023 1377 1102 sub
1406 1051 1485 1130 qua
1516 1024 1626 1102 curia
1657 1038 1752 1101 suut
1780 1038 1934 1130 septem

129 1152 202 1207 ore
230 1145 338 1208 terre
367 1156 457 1207 cum
485 1124 653 1207 dimidio
680 1125 823 1224 solido,
854 1127 941 1210 Hiis
970 1129 1089 1226 addo,
1119 1132 1220 1211 duos
1234 1131 1384 1212 solidos
1413 1149 1518 1212 terre
1547 1135 1588 1212 iu
1637 1132 1862 1238 adaruaby.
1893 1149 1934 1212 et

129 1267 253 1318 vnum
282 1235 455 1319 solidum
485 1254 591 1317 terre
620 1241 662 1318 iu
686 1236 953 1336 Gelterstum,
981 1244 1086 1320 Jtem
1111 1259 1205 1323 octo
1233 1240 1382 1321 solidos
1411 1260 1517 1350 terre
1547 1245 1586 1323 in
1618 1243 1798 1350 abigiby.
1827 1246 1932 1322 Jtem

130 1349 234 1431 duos
262 1350 412 1430 solidos
439 1358 547 1428 terre
574 1351 616 1429 in
644 1348 894 1456 alberghum.
935 1369 976 1430 et
1003 1349 1209 1432 dimidiam
1235 1379 1347 1431 oram
1371 1369 1478 1432 terre
1502 1353 1542 1432 iu
1566 1353 1804 1462 vplaudum,
1841 1352 1933 1432 Tali

129 1466 300 1556 racione,
316 1459 428 1570 quod
448 1462 488 1539 iu
504 1459 569 1541 die
583 1461 849 1569 annuiersarij
866 1463 954 1570 mej,
983 1489 1122 1543 omues
1150 1464 1272 1544 vicari
1276 1492 1290 1569 J
1319 1462 1369 1545 de
1397 1464 1525 1544 choro
1554 1462 1689 1544 dicant
1706 1467 1839 1544 missas
1856 1491 1931 1571 pro

129 1572 262 1652 anima
292 1601 375 1652 mea
406 1587 447 1652 et
473 1571 645 1681 quilibet
675 1571 782 1651 leuet
811 1601 923 1652 oram
953 1573 1223 1670 denariorum,
1247 1577 1349 1653 ltem
1380 1575 1470 1682 lego
1494 1573 1657 1654 ecclesie
1688 1573 1738 1654 de
1767 1574 1931 1655 vendill.

127 1682 227 1764 Tres
264 1711 418 1764 marcas
457 1679 594 1764 denar.
623 1697 664 1763 et
691 1683 902 1765 Fratribus
937 1685 1160 1768 minoribus
1198 1685 1347 1792 vpsalie
1384 1702 1466 1766 tres
1495 1713 1648 1766 marcas
1676 1686 1810 1766 deuar.
1839 1714 1929 1765 cum

129 1822 270 1902 magna
303 1792 481 1902 peluiet
509 1793 690 1890 vrceolo,
727 1797 832 1875 Jtem
869 1795 1033 1875 ecclesie
1070 1799 1186 1878 beate
1221 1798 1389 1903 virginis
1424 1797 1576 1904 vpsalie
1606 1825 1725 1876 vuam
1755 1824 1931 1878 marcam

127 1903 289 1987 denar(
321 1903 498 1986 Ecclesie
525 1920 662 1985 sancte
691 1907 883 1986 trinitatis
911 1906 1061 1988 ibidem
1091 1936 1207 1986 unam
1238 1936 1409 1987 marcam
1439 1909 1575 1990 denar.
1633 1909 1735 1988 Jtem
1764 1905 1931 1988 ecclesie

126 2017 237 2125 beatj
265 2019 390 2125 petri,
427 2044 545 2097 vuum
573 2041 747 2096 marcam
777 2016 912 2098 denar.
949 2035 989 2096 et
1017 2019 1267 2127 pauperibus
1296 2021 1337 2098 in
1366 2017 1487 2101 domo
1516 2019 1579 2100 dei
1608 2047 1726 2099 vuam
1755 2041 1931 2099 marcam

125 2128 262 2210 denar.
292 2130 395 2207 Jtem
425 2128 632 2208 sororibus
661 2129 702 2206 iu
725 2127 800 2207 sko
829 2157 947 2210 vnam
973 2158 1145 2210 marcam
1168 2129 1302 2210 denar.
1358 2129 1546 2210 Fratibus
1587 2131 1778 2226 simonie,
1807 2157 1930 2210 vnam

118 2267 298 2320 marcam
327 2237 461 2319 denar.
519 2241 623 2318 Jtem
653 2237 930 2321 Fratribus‘iu
959 2240 1162 2320 stokhOlm
1201 2270 1320 2321 vuam
1350 2267 1524 2322 marcam
1548 2239 1684 2319 denar.
1714 2240 1927 2324 Fratribus

91 2370 96 2376 “
124 2351 167 2432 iu
187 2369 447 2458 straeugenes,
478 2378 596 2430 vuam
620 2378 794 2432 marcam
816 2353 953 2433 denar.
1010 2352 1148 2434 Sancti
1177 2352 1417 2434 monialibus
1446 2355 1486 2432 iu
1503 2350 1658 2444 iodhct.
1680 2379 1799 2440 vnam
1822 2379 1927 2430 mar·
1952 2413 1956 2419 .

124 2491 213 2545 cam
250 2460 387 2542 denar.
426 2461 635 2542 liratribus
665 2464 706 2542 iu
741 2463 921 2571 arbugha
952 2491 1069 2543 ruam
1107 2493 1280 2544 marcam
1315 2463 1452 2544 denar.
1481 2461 1693 2544 ffratribus
1722 2463 1765 2541 in
1793 2480 1928 2564 vestra

122 2602 224 2656 aros.
255 2601 374 2654 unam
405 2601 575 2652 marcam
607 2570 744 2655 denar.
802 2577 906 2654 item
937 2573 1131 2654 iratribus
1165 2577 1348 2683 enicopie
1376 2603 1494 2654 ruam
1526 2600 1695 2654 marcam
1724 2570 1929 2653 deaucet

66 2708 79 2730 ‘
120 2685 314 2792 hospitali
337 2681 486 2764 ibidem
516 2713 634 2763 vnam
656 2713 829 2765 marcam
863 2681 1134 2781 denariorum,
1191 2687 1254 2768 Ad
1285 2687 1359 2768 bec
1388 2687 1521 2765 omnia
1551 2682 1746 2766 soluenda·
1771 2681 1927 2792 deputo
2029 2741 2045 2762 ·.

112 2799 356 2879 vestimenta
379 2823 464 2874 mea
494 2794 771 2903 infrascripta,
802 2795 986 2877 videlicet
1015 2826 1138 2879 vuum
1170 2796 1384 2880 tabardum
1414 2798 1592 2880 blauium
1622 2795 1816 2876 forratum
1841 2793 1928 2902 pel·

66 2943 73 2958 ·
120 2908 227 2997 libus
269 2905 525 2987 mardellinis.
563 2922 604 2987 et
646 2908 817 2989 alterum
855 2908 1036 2990 blauium
1073 2909 1271 2993 forratum
1300 2909 1421 2991 variis
1452 2907 1644 3017 pellibus,
1686 2909 1788 2987 Jtem
1827 2905 1925 2987 bina

120 3021 234 3129 paria
270 3020 600 3100 vestimentorum
637 3022 756 3099 variis
792 3019 967 3128 pellibus
1006 3023 1272 3119 ferratorum,
1309 3040 1349 3102 et
1387 3022 1526 3101 cistam
1555 3046 1681 3099 meam
1722 3018 1924 3113 maiorem,

118 3136 223 3214 Item
244 3129 357 3229 volo,
386 3128 498 3241 quod
522 3131 657 3211 soluto
681 3147 916 3212 testamento
937 3161 1045 3230 meu,
1073 3130 1275 3243 quidquid
1298 3132 1545 3240 superfuerit
1572 3131 1622 3211 de
1646 3131 1783 3238 precio
1805 3132 1925 3211 vesti·

117 3260 348 3349 mentorum
366 3242 615 3350 pauperibus
629 3262 829 3351 erogetur,
849 3246 952 3323 Jtem
969 3242 1059 3351 lego
1076 3241 1127 3321 ud
1143 3243 1334 3351 capellam
1352 3270 1476 3322 meum
1493 3270 1615 3321 vuum
1634 3267 1774 3350 parum
1791 3240 1926 3346 rygla-
2041 3250 2048 3260 '

116 3354 282 3436 kamet
312 3354 456 3461 pellem
487 3379 612 3435 meam
643 3358 828 3436 ursinam.
884 3353 989 3434 Jtem
1020 3372 1166 3435 eruero
1197 3382 1347 3461 paruo,
1383 3354 1457 3449 dc,
1492 3381 1631 3433 omues
1662 3352 1786 3431 libros
1818 3378 1926 3431 meos

116 3467 419 3571 infrascriptos,
463 3462 663 3563 videlicet,
694 3466 879 3562 bibliam,
923 3465 1126 3545 matheum
1155 3465 1375 3573 glosatum,
1412 3465 1659 3544 breuiarium
1688 3463 1731 3542 in
1761 3460 1923 3542 duobus
1960 3548 1964 3555 ,

114 3577 403 3673 voluminibus,
419 3592 459 3656 et
483 3603 607 3655 vuum
638 3576 786 3657 librum
816 3595 1003 3657 vocatum
1033 3573 1321 3657 Gedduhouud
1338 3574 1383 3687 *),
1404 3603 1494 3655 cum
1524 3577 1620 3655 cista
1650 3604 1735 3656 mea
1763 3572 1926 3681 minorj.

12 3710 20 3721 '
115 3692 224 3771 Jtem
252 3687 413 3769 baeniku
432 3685 560 3793 plott.
592 3688 682 3793 lego
712 3717 855 3767 nauem
885 3718 1011 3768 meam
1038 3689 1250 3782 minorem,
1281 3688 1396 3766 vxori
1417 3714 1488 3765 sue
1522 3686 1718 3766 Tunicam
1757 3684 1925 3766 rubeam

114 3802 310 3882 forratam
346 3797 516 3904 pellibus
546 3796 805 3877 mardellinis.
871 3800 972 3877 item
1016 3798 1182 3878 domiuo
1219 3796 1416 3878 lamberto
1460 3818 1618 3875 nauem·
1642 3824 1767 3875 meam
1799 3796 1924 3875 maio·

111 3940 213 4009 rem,
241 3927 282 3992 et
301 3926 578 4018 vuumequm,
607 3937 697 3988 cum
723 3908 951 3988 martelliuo
974 3937 1144 4017 cupre0,
1175 3910 1277 3987 Jtem
1306 3906 1405 3987 Filie
1435 3908 1520 3985 eius
1547 3906 1769 4013 gerthrudi.
1827 3904 1925 3985 Ful·

115 4053 231 4106 crum
256 4052 346 4103 cum
369 4016 554 4100 culcedra
580 4020 621 4098 iu
646 4020 795 4128 quibus
819 4022 1048 4128 requiesco,
1076 4019 1214 4102 villico
1244 4046 1333 4097 meo
1365 4020 1407 4096 in
1441 4018 1595 4115 Risabir
1626 4018 1764 4097 cellam
1795 4044 1924 4098 meam

115 4160 208 4217 cum·
227 4133 362 4229 freno,
391 4147 431 4211 et
457 4128 665 4211 dimidium
696 4130 823 4211 vrfiell
853 4158 973 4241 quem
1003 4131 1083 4238 emj
1113 4130 1349 4213 deecclesia
1377 4128 1523 4209 vendil.
1547 4130 1618 4239 qui
1641 4128 1788 4208 dicitur
1811 4130 1922 4209 kem-

9 4233 25 4248 '
111 4246 271 4359 paboll.
323 4247 424 4325 Jtem
456 4241 639 4323 michaeli
667 4242 718 4323 de
746 4241 836 4323 het.
867 4242 957 4349 lego
988 4272 1111 4322 vnum
1141 4271 1282 4339 cornu,
1311 4258 1350 4323 et
1379 4270 1500 4320 vuum
1530 4242 1712 4321 mensale.
1741 4259 1781 4319 et
1806 4256 1924 4347 petro

111 4357 276 4468 gerardi
316 4352 500 4437 cultellos
538 4382 664 4448 meos,
693 4381 803 4462 *quos
832 4354 1010 4460 possedit
1038 4372 1154 4463 pater
1182 4382 1288 4434 suus.
1344 4355 1400 4431 Vt
1429 4368 1561 4433 auteur
1592 4380 1754 4463 presens
1781 4353 1922 4431 Testa·

109 4486 293 4551 mentum
323 4466 454 4548 meum
484 4464 612 4545 robur
640 4464 786 4544 habeat
815 4466 1031 4562 firmitatis,
1073 4465 1279 4574 Sigillum,
1326 4464 1493 4570 capituli
1525 4462 1840 4575 upsalensis,'ct
1868 4464 1921 4542 si·

112 4580 212 4689 gilla
240 4575 571 4659 Reuerendorum
602 4576 1106 4673 virorum‚‘domiuorum,
1136 4577 1352 4658 Laureu'cii
1376 4574 1517 4655 decani
1546 4576 1709 4656 ecclesie
1734 4574 1919 4681 vpsaleu·

108 4692 190 4774 sis.¹
208 4692 325 4799 dyari
353 4690 524 4799 Matbej‚
552 4687 708 4769 Nicolai
742 4690 883 4769 marci.
918 4703 958 4767 et
994 4690 1181 4795 johannis
1209 4689 1259 4769 de
1289 4686 1601 4770 resbohundere.
1633 4688 1919 4767 canonicorum

107 4876 386 4896 *un-u·-

152 4938 181 5017 *)
199 4936 396 5053 Boletaf‘ven
414 4931 436 4996 d
456 4937 471 4996 ἰ
488 4934 580 4998 struet
601 4938 641 4997 tir
659 4936 675 4997 ι’
692 4903 855 5017 originalet
875 4932 1097 5017 liodradsrcln
1116 4942 1139 4996 t.
