4317 5975
962 397 1030 424 ...·
1132 359 1212 468 59²
1323 259 1510 426 ...Ι

381 591 578 674 Gerentes
606 581 659 668 ad
687 606 900 694 personam
926 595 1038 662 tuam
1068 596 1236 690 paterne
1250 579 1492 692 ¹dilectionis
1519 578 1711 665 allectum
1735 579 1845 665 illam
1869 585 1934 669 tibi
1950 617 2019 699 gn.

270 692 367 789 tiam
396 702 570 786 libenter
598 692 889 804 impendimus,
917 720 1138 804 perquam
1168 695 1339 774 existere
1377 693 1505 800 possis
1541 693 1628 775 aliis
1655 696 1863 804 gratiosus.
1910 703 2020 786 Attan-

154 874 159 884 ,
270 815 413 899 dentes
442 815 584 923 igitur,
611 805 725 918 quod
752 804 918 886 Clericis
946 820 1016 884 tue
1049 804 1232 887 Civitatis
1260 804 1526 900 eruissetis,
1555 832 1600 888 ac
1638 808 1847 889 Provincie
1890 831 2024 921 propter

269 953 457 1036 magnam
485 926 668 1005 locurum
696 918 927 1000 distantiam
955 931 1017 997 est
1043 915 1162 998 valde
1189 913 1353 998 difficile
1382 915 1643 1024 apostolicam
1673 915 1816 1000 sedem
1859 919 1969 1020 adire,
1990 954 2035 1009 ae:

179 1029 181 1034 ¹
269 1055 451 1148 gerentes
478 1034 532 1117 de
558 1030 916 1139 circumspectione
950 1044 1019 1108 tua
1054 1027 1244 1112 fiduciam
1272 1029 1315 1108 in
1345 1025 1519 1108 Domino
1547 1029 1782 1139 specialem,
1809 1029 2027 1118 Fraternitati

269 1165 340 1230 tue
368 1140 628 1256 dispensandi
655 1143 910 1222 auctoritate·
930 1156 1069 1222 nostra
1106 1168 1197 1224 cum
1233 1138 1376 1246 viginti
1416 1138 1581 1222 Clericis
1622 1138 1821 1223 dictarum
1860 1143 2041 1244 Civitatis,

268 1276 310 1342 et
329 1260 519 1353 Diocesis,
547 1282 595 1336 ac
621 1252 833 1334 Provincia
861 1249 912 1332 de
939 1251 1175 1332 Presbiteris
1203 1251 1347 1360 genitis
1375 1264 1416 1330 et
1443 1249 1606 1348 solutis,
1634 1271 1778 1334 etcum
1800 1251 2029 1363 quadraginta

269 1370 356 1451 aliis
384 1367 552 1451 Clericis
580 1360 796 1446 earundem
816 1361 1001 1442 Civitatis
1028 1378 1070 1442 et
1099 1363 1289 1458 Diocesis,
1317 1389 1365 1442 ac
1394 1363 1606 1443 Provincia
1625 1363 1764 1473 quide
1777 1364 1913 1444 solutis
1931 1367 2030 1474 patri·

269 1480 369 1577 bus,
390 1498 431 1561 et
458 1476 658 1560 Matribua
685 1475 767 1556 sint
792 1474 970 1580 suscepti
992 1499 1116 1582 super
1138 1470 1368 1555 huiusmodi
1387 1471 1595 1555 Natalium
1605 1473 1848 1573 defectibus,
1867 1475 1966 1585 quod
1988 1478 2033 1560 eis

267 1618 355 1698 non
391 1590 650 1671 obstantibus
690 1583 865 1696 quilibet
906 1581 1105 1665 dictorum
1136 1583 1403 1679 Clericorum,
1445 1584 1664 1666 dummodo
1708 1613 1791 1672 non
1819 1589 1869 1667 sit
1894 1603 2043 1694 paterne·

269 1700 564 1783 incontinentia
591 1699 787 1790 imitator,
816 1693 887 1774 sed
917 1696 1024 1776 bone
1051 1697 1388 1792 conversationis,
1417 1711 1458 1775 et
1485 1697 1586 1794 vite,
1615 1696 1690 1786 alia
1745 1725 1795 1777 ue
1822 1697 1895 1777 sibi
1921 1699 2033 1780 merita

250 1811 567 1919 suffragentur,
613 1805 665 1887 ad
707 1803 937 1886 huiusmodi
981 1803 1292 1914 dispensationis
1334 1808 1504 1915 gratiam
1546 1725 1811 1890 obtineddam
1850 1809 1964 1918 possit
1994 1807 2042 1890 ad·

269 1944 410 2004 omnes
438 1917 600 2002 ordines
629 1918 879 2026 promoveri,
918 1931 960 1995 et
993 1917 1301 2000 ecclesiasticum
1345 1918 1581 1999 beneficium
1624 1920 1826 2016 obtinere,
1872 1921 2036 2000 etiamsi

269 2061 408 2121 curam
437 2030 585 2112 habeat
612 2030 835 2109 animarum
864 2028 1024 2135 plenam
1052 2028 1312 2111 concedimus
1354 2044 1494 2110 tenore
1536 2033 1781 2138 presentium
1825 2029 2070 2112 facultatem*

268 2145 330 2226 Ita
359 2163 514 2238 tamen,
543 2139 655 2250 quod
684 2139 805 2221 iidem
833 2139 980 2220 Clerici
1009 2138 1060 2220 ad
1097 2137 1279 2237 ordines,
1326 2156 1449 2248 prout
1484 2167 1587 2220 onus
1629 2143 1810 2248 ipsorum
1854 2141 2036 2221 beneficio·

149 2277 151 2281 ’
268 2281 361 2336 rum
388 2253 585 2360 exegerit,
613 2277 667 2332 se
683 2247 831 2332 iaciant
864 2251 1023 2330 statutis
1051 2279 1074 2331 a
1102 2252 1192 2359 jure
1228 2252 1479 2360 temporibus
1515 2254 1766 2360 promoveri,
1800 2268 1841 2332 et
1878 2279 2046 2360 persona·v

268 2366 363 2448 liter
397 2363 603 2446 resideant
643 2361 687 2440 in
722 2356 880 2442 eisdem.
951 2361 1146 2472 Alioquin
1188 2360 1419 2444 huiusmodi
1461 2365 1650 2470 gratiam,
1693 2358 1831 2472 quoad
1874 2353 2036 2444 beneficia

268 2479 366 2587 ipsa·
386 2472 539 2566 nullius
569 2471 731 2581 penitus
758 2475 812 2551 sit
839 2474 1040 2554 momenti.
1097 2477 1248 2556 Datum
1274 2475 1319 2556 in
1348 2475 1533 2558 Prioratu
1572 2473 1624 2556 de
1650 2473 1867 2556 Grausello
1894 2473 1941 2556 X.
1965 2469 2045 2572 lut,

268 2585 504 2672 Decembris
531 2586 654 2670 Anno
682 2583 851 2688 Quinto.

280 3012 456 3145 1643,
511 3012 671 3144 1644.
751 2975 754 2978 ⁴
886 3014 1288 3169 -1309dsan
1337 3014 1462 3122 Nov.
1724 3008 2044 3147 Grauselluru

350 3196 630 3266 pervademus
651 3200 708 3264 Vas
729 3198 821 3262 Bulla
842 3187 890 3262 ¹till
911 3196 1055 3265 Kanilen
1088 3198 1227 3265 Thomas
1258 3202 1396 3267 Alleason
1425 3200 1592 3286 iUpsala,
1625 3201 1846 3283 ruedgiirande
1878 3202 1981 3267 boncm
2006 3192 2046 3261 atl'

391 3286 514 3348 arbella
535 3296 581 3349 ett
602 3284 699 3365 ledigt
719 3283 796 3345 cller
817 3283 891 3345 lbrst
910 3284 1154 3365 ledigblifvande
1175 3285 1317 3348 Pastorat
1339 3291 1348 3347 i
1371 3286 1535 3369 Streognis
1555 3282 1654 3366 stila,
1676 3286 1818 3349 oalta'dt
1834 3284 1986 3349 ban·med
2003 3284 2040 3345 siu

390 3368 573 3433 Kauonilat
594 3367 675 3430 bade
698 3366 735 3427 H.
756 3363 1106 3453 Trefaldigbetslyrkau
1129 3368 1189 3431 ocb
1211 3368 1383 3449 Skuttunge
1405 3368 1528 3454 Kapell.

343 3452 552 3516 ΙΒιιιιιιιιιιιι
571 3451 662 3513 Bulla
685 3449 731 3510 till
753 3450 959 3531 Domprosten
982 3452 993 3511 i
1014 3452 1171 3516 Westerds
1192 3462 1274 3513 aamt
1295 3451 1502 3515 scholasticus
1528 3451 1662 3517 Fredrik
1693 3450 1754 3513 och
1788 3450 1930 3515 Kauikeu
1960 3446 2040 3513 lledar

390 3532 554 3613 Ololason,
575 3532 887 3615 medliiror'duande‚
907 3543 953 3595 att
973 3534 1053 3595 tillse
1074 3533 1128 3597 det
1146 3534 1285 3597 Thomas
1305 3535 1447 3599 hammer
1469 3537 1481 3600 i
1501 3535 1680 3689 ἂὲιῇιιιιιέιῖἶι
1689 3536 1743 3671 ild
1756 3534 2042 3691 {pnigitpnl'brmln-
2107 3532 2108 3545 ¹

379 3714 578 3799 Cernens
604 3719 652 3796 V.
680 3716 826 3797 Tlcome
854 3718 1007 3798 Alconis
1039 3718 1238 3802 Canonico
1271 3706 1481 3831 Vpsalensi
1513 3723 1748 3827 Benefituim
1791 3724 1948 3825 confert
1982 3744 2040 3795 on·
2107 3724 2108 3727 ‘

429 3857 542 3925 cons,
573 3828 643 3908 vel
663 3834 847 3937 proxime
874 3847 1117 3911 vacaturum
1145 3839 1187 3913 in
1218 3836 1397 3915 Dioecesi
1422 3834 1707 3940 Stranginansi.

375 3937 567 4021 Cauneas
596 3942 670 4019 &a
698 3936 857 4017 Dilecto
885 3938 971 4018 filio
997 3936 1153 4021 Thome
1182 3942 1320 4023 Alonis
1350 3941 1400 4025 de
1429 3942 1647 4025 Oduistum
1675 3942 1907 4025 Presbitero
1935 3940 2038 4020 Cano-

289 4114 291 4118 .
378 4118 383 4125 .
426 4052 523 4132 nico
543 4048 762 4158 ÷Vpsalensi
788 4047 963 4130 Salutem
987 4054 1126 4131 &cr
1198 4124 1204 4131 .
1292 4098 1301 4151 ·.
1383 4126 1385 4129 .
1428 4076 1435 4131 ;
2029 4074 2032 4126 :

321 4160 324 4165 ’
377 4160 481 4243 Cum
508 4159 613 4240 sicut
641 4188 692 4241 ex
720 4176 835 4270 parte
861 4177 931 4242 tua
961 4161 1039 4241 fuit
1066 4158 1466 4271 expositum'coram
1501 4162 1629 4245 Nobis
1670 4164 1832 4270 labores
1873 4156 2039 4267 multipli-

266 4301 353 4372 ces,
379 4288 421 4355 et
449 4272 628 4378 pericula
650 4271 788 4379 gravia
820 4299 895 4380 pro
924 4264 1158 4355 Venerabili
1185 4272 1327 4361 Fratre
1355 4270 1495 4359 nostro
1524 4266 1693 4357 Nicolao
1723 4264 2039 4384 archiepiscopo,

266 4402 308 4465 et
335 4382 493 4464 dilectis
520 4381 611 4463 liliis
640 4380 829 4492 Capitulo
864 4382 1077 4491 Vpsalensi
1112 4383 1345 4495 frequenter
1386 4388 1644 4483 sustinueris,
1684 4403 1730 4467 et
1765 4388 1907 4469 adhuc
1946 4380 2040 4464 susti·
2099 4418 2101 4428 ¹

266 4522 363 4575 neas
390 4493 656 4589 incessanter,
685 4521 761 4601 pru
789 4494 939 4602 quibus
967 4495 1304 4607 Archiepiseopo,
1333 4514 1374 4583 et
1402 4498 1591 4606 Capitulo
1620 4496 1670 4578 de
1700 4500 1887 4607 partibus
1907 4495 1978 4576 illis
2000 4487 2039 4571 ad

269 4601 412 4686 Sedem
441 4602 717 4713 Apostolicam
744 4630 828 4694 uon
868 4605 940 4686 abs
973 4634 1021 4687 ue
1056 4609 1211 4713 magnis
1246 4606 1454 4690 laboribus
1496 4610 1714 4707 accessisti,
1757 4610 1843 4690 Nos
1886 4608 2039 4687 volentes

266 4714 344 4796 tibi
372 4734 553 4824 propter·
570 4716 659 4813 hoc,
687 4741 734 4796 ac
761 4727 927 4798 'tuorum
941 4634 1217 4799 laudabilium
1240 4720 1481 4803 meritorum
1508 4724 1693 4817 obtentu,
1722 4720 1775 4802 de
1801 4716 2039 4833 quibusalias

131 4887 136 4898 ι
266 4825 543 4936 multipliciter
571 4824 886 4924 commendaris,
915 4830 1089 4939 gratiam,
1123 4830 1254 4915 lacere
1295 4832 1507 4941 specialem
1550 4832 1788 4914 beneficium·
1828 4825 2040 4913 ecclesiasti·

266 4968 356 5022 cnm
387 4934 492 5020 nulli
510 4933 587 5018 alit
613 4935 662 5018 de
690 4936 780 5046 jure
809 4940 991 5024 debitum
1024 4930 1189 5024 curam*
1207 4941 1363 5025 habens
1402 4942 1800 5045 animarum,·'cuius
1843 4950 2039 5055 proventus
