4317 5975
996 463 1414 559 ...324-

306 686 539 797 nostrisque
565 682 880 779 successoribus,
917 710 964 762 ac
993 685 1200 763 canonicis
1229 679 1440 777 faciendis,
1476 678 1650 761 decimas
1677 678 1730 761 de
1754 678 1939 774 ecclesiis,
1969 690 2048 775 ride

306 798 550 897 licet,sk3iri.
580 794 837 893 Nessircbult.
868 820 1068 874 verrramo.
1098 790 1252 873 'laruda
1274 793 1530 900 uwaxthorp.
1560 784 1811 888 Gaellurirdb
1831 790 1956 882 ledele.
1978 800 2049 883 har.

306 909 484 1006 siobult.
513 904 729 1002 Toltridh.
759 904 934 1012 kaepsio
963 903 1070 984 ater.
1102 906 1289 985 decerem
1318 906 1576 1011 recipiemus,
1605 901 1691 981 aliis
1719 900 1879 981 decimis
1907 921 1975 986 tam
1999 941 2050 993 nu·

305 1022 369 1098 uis
396 1048 518 1127 quam
548 1018 736 1123 antiquis,
766 1019 806 1095 in
836 1017 1022 1097 Ecclesiis
1052 1014 1256 1107 videlicet,
1292 1014 1472 1111 alsidba.
1509 1008 1780 1111 Mirisbodhe.
1824 1014 2052 1105 limandabult.

306 1130 499 1227 Mirisiro.
529 1127 744 1225 Naeuilsiro.
774 1126 923 1207 sletba.
956 1128 1202 1233 integraliter
1223 1145 1260 1205 ct
1281 1127 1527 1221 inconcusse,
1545 1123 1749 1232 predictis,
1768 1123 1901 1206 abbati
1928 1145 1963 1208 et
1984 1158 2053 1213 cou-

306 1241 468 1337 uentui,
499 1266 604 1319 noue
632 1238 747 1318 vallis
776 1237 1076 1316 remanentibus
1105 1240 1145 1317 iu
1185 1258 1423 1346 perpetuum
1464 1238 1585 1345 pleno
1613 1234 1714 1341 jure.
1756 1233 1928 1331 eosdem,
1964 1238 2054 1323 abba.

307 1368 456 1434 temet
477 1345 751 1444 conuentum,
783 1348 834 1427 ab
862 1350 1046 1455 expensis
1076 1348 1288 1454 predictis,
1309 1348 1586 1454 stipulacione
1621 1344 1853 1453 sollempni,
1882 1347 2054 1457 cartagin-

307 1490 370 1539 ma
399 1459 665 1562 absoluentes
694 1487 741 1538 ac
770 1462 1070 1554 renunciantes,
1103 1475 1260 1555 nostro,
1289 1458 1625 1553 ccclesienostre,
1653 1483 1988 1567 successorumque
2006 1490 2055 1541 no·

298 1588 502 1670 atrorum,
532 1572 713 1666 nomine,
742 1571 850 1648 omni
880 1572 1133 1676 excepcioni,
1164 1568 1257 1649 doti.
1287 1566 1593 1663 rnaliplrandis,
1631 1564 1905 1676 decepcionis,
1947 1570 2055 1651 aliena·

298 1676 453 1777 rionis,
481 1709 551 1761 seu
581 1682 659 1761 alio
687 1707 934 1789 quocunque
963 1670 1176 1777 beneficio,
1206 1679 1266 1759 vel
1292 1679 1462 1776 auxilio,
1491 1678 1675 1759 canonici
1695 1678 1797 1785 juris
1838 1678 1896 1757 vel
1944 1680 2056 1779 ciuilis,

306 1791 419 1901 quod
450 1790 584 1887 nobis,
620 1790 784 1872 ecclesie
813 1807 969 1886 nostre,
996 1808 1037 1869 et
1066 1790 1552 1887 successoribus-nostris,
1581 1790 1621 1869 in
1659 1789 1859 1897 premissis
1901 1789 2058 1896 prodesse.

299 1930 361 2003 :aa
384 1902 595 2010 predictis,
625 1900 766 1983 abbati
793 1917 835 1979 et
863 1904 1105 1995 conuentui,
1134 1930 1241 1982 noue
1272 1900 1384 1989 vallis
1411 1901 1553 1983 obesse
1581 1898 1713 1981 valeat
1735 1899 1991 1982 infuturum.
2017 1904 2059 1983 Ne

305 2014 445 2119 igitur⁴
460 2010 641 2119 predicta
660 2008 897 2108 ordinacio,
927 2008 977 2091 de
1006 2028 1140 2091 cetero
1169 2013 1221 2091 ab
1251 2011 1388 2119 aliquo
1418 2012 1585 2095 inficiari
1602 2010 1751 2106 valeat,
1781 2027 1850 2091 aut
1876 2013 2059 2121 quomodo·

303 2122 407 2206 libet
436 2122 592 2204 violari.
636 2122 760 2230 ipsam
790 2123 830 2200 in
859 2122 1021 2228 scriptis
1048 2120 1262 2201 redactam.
1298 2124 1429 2228 sigillo
1472 2122 1670 2229 lllagnilici
1699 2122 1904 2231 principis.
1943 2118 2059 2205 donini

305 2232 473 2339 birgeri
500 2228 566 2311 dei
593 2234 729 2339 gracia
756 2232 924 2313 illustris
950 2234 1072 2337 Regis
1100 2232 1293 2327 swecbie,
1322 2251 1362 2313 et
1394 2233 1526 2341 sigillo
1558 2230 1768 2314 reuerendi
1797 2234 1918 2339 patris
1943 2228 2058 2339 donini

306 2343 465 2429 Nicolai
492 2340 632 2423 diuina
660 2344 920 2423 miseracione
951 2342 1171 2450 upsalensis
1199 2342 1364 2425 ecclesie
1393 2343 1697 2450 archiepiscopi.
1740 2370 1829 2426 vna,
1848 2370 1934 2423 cunr
1961 2344 2058 2450 sigillo

302 2470 468 2553 nostru,
503 2468 544 2531 et
571 2452 738 2561 capituli
774 2454 902 2533 nostri
947 2456 988 2533 in
1026 2456 1305 2534 testimonium
1333 2471 1374 2533 et
1402 2454 1604 2535 munimen
1649 2470 1891 2561 perpetuum
1934 2452 2060 2547 fecimus

299 2564 506 2668 roborari.
534 2565 682 2644 Datum
698 2562 945 2661 stolrbolmis.
974 2590 1082 2643 anuo
1097 2562 1260 2644 domini.
1278 2564 1501 2650 lllille'simo.
1534 2564 1856 2645 Triscentesiruo.
1872 2565 1966 2646 seria
1979 2582 2059 2649 sexta

306 2676 523 2786 proxima,
539 2690 633 2782 post
660 2690 844 2755 octauam
873 2676 1116 2757 ascensionis
1145 2673 1311 2755 domini.

390 2814 542 2897 sigitur,
558 2827 645 2881 utum
663 2824 712 2879 ¹ett
731 2817 885 2898 fragment
907 2817 946 2879 al
961 2816 1020 2881 aa
1046 2838 1087 2894 r.,
1110 2818 1171 2879 alls
1195 2816 1380 2895 bestialium
1402 2817 1496 2881 balea
1519 2818 1628 2901 magt,
1649 2818 1689 2881 de
1710 2818 1729 2880 3
1749 2818 1850 2883 ffirsta
1871 2816 1910 2903 pt
1929 2816 2005 2895 rddn

457 2968 461 2975 ,
524 2930 528 2937 ·
644 2930 648 2939 ·
944 2899 997 2961 det
1017 2899 1088 2977 dede
1109 2901 1150 2986 pa
1171 2901 1243 2986 gula
1265 2900 1473 2965 saltantur.

300 3211 484 3436 '1‘3r7a
584 3259 588 3268 Ι
724 3371 728 3376 ⁴
942 3259 1093 3435 1300
1139 3293 1188 3402 d.
1235 3337 1310 3442 29
1357 3283 1471 3442 Maj.

301 3527 307 3536 ·
387 3509 522 3596 Konong
543 3513 670 3576 anem
690 3511 769 3575 Brel
785 3515 826 3598 pt
847 3513 917 3577 bela
939 3513 1209 3598 Fjerbundrelsnd
1242 3518 1312 3579 med
1344 3515 1524 3602 Enlb'pings
1546 3517 1628 3594 stad,
1651 3519 1698 3580 till
1722 3521 1942 3602 morgcngdlra
1962 3511 2065 3579 tortu

322 3621 339 3664 a
438 3597 567 3673 Gemdl,
591 3597 661 3659 med
684 3597 882 3674 sdrbindelse,
903 3607 966 3674 att,
987 3597 1082 3680 caliga
1105 3601 1189 3660 ldmt
1212 3599 1323 3661 rraffad
1344 3602 1663 3678 direrenslummelse,
1691 3603 1751 3664 dle
1772 3623 1893 3665 sensnm
1915 3603 1996 3683 gtlra
2015 3593 2064 3658 ned

439 3677 536 3740 andra
559 3679 650 3760 gods,
670 3700 720 3742 om
742 3679 842 3742 denne
863 3679 962 3743 slrrlle
985 3681 1120 3760 &lineas
1145 3703 1219 3743 vara
1243 3684 1362 3747 miudre
1394 3693 1431 3744 tn
1464 3685 1522 3746 den
1546 3685 1734 3768 Konungens
1766 3699 1865 3770 syster
1897 3683 2029 3766 lngeboig
2044 3675 2067 3738 tl

438 3759 612 3843 Kooungen
636 3763 644 3822 i
665 3761 825 3824 Dacauaek
846 3761 981 3824 erlrdllit.
1747 3847 1771 3902 L
1798 3849 1816 3902 d

1773 3887 1781 3901 .
1818 3867 1869 3906 :a
1885 3869 1909 3903 ι.
1927 3867 1966 3921 7²·

182 4036 185 4048 .
383 4015 395 4045 ·.
414 3975 615 4058 Omnibus
643 3997 855 4085 praesentes
884 3978 1037 4059 litteras
1066 3981 1323 4090 inspecturis,
1358 3979 1576 4079 Bracaros,
1606 3985 1681 4063 Dei
1715 3986 1865 4090 gratia,
1894 3985 2065 4067 Sueorun,

304 4082 616 4201 Gothorumque
644 4089 751 4183 Rex,
783 4090 953 4168 salutem
982 4091 1025 4170 in
1051 4093 1229 4170 Domino
1257 4093 1554 4201 sempiternam.
1583 4093 1748 4175 Rationi
1784 4122 1995 4175 consonum
2019 4113 2064 4166 ar·

305 4196 516 4293 bibantur,
544 4215 592 4297 ut
619 4226 678 4295 ea,
702 4227 792 4309 qnae
821 4229 894 4307 per
909 4201 1117 4310 Principes
1146 4201 1313 4310 provida
1344 4202 1636 4285 deliberatione
1658 4233 1735 4314 pro
1770 4205 1882 4286 bono
1912 4205 2016 4314 pacis,
2037 4215 2065 4276 tt

307 4325 456 4387 mutnae
484 4307 710 4403 dilectionis
738 4310 902 4390 viuculo
916 4328 1025 4418 gesta
1042 4313 1237 4419 sagaciter
1253 4312 1406 4394 luerint
1434 4331 1474 4394 et
1502 4319 1866 4422 statuta,ipsorum
1897 4335 2063 4396 successo·

307 4445 369 4498 res
398 4417 603 4499 stabiliant
631 4437 672 4500 et
699 4419 927 4501 observent.
957 4424 1063 4502 Hinc
1085 4440 1156 4519 est,
1188 4421 1299 4535 quod
1316 4425 1422 4505 inter
1452 4426 1682 4533 lllagnilieos
1698 4427 1904 4538 Principes
1932 4455 1973 4506 ac
2000 4423 2063 4502 llo·

306 4529 454 4624 minos,
484 4529 646 4611 Ericunr
675 4530 879 4640 quondam
910 4533 1056 4639 Regem
1087 4535 1315 4632 Dacorum,
1342 4553 1383 4615 et
1412 4535 1601 4618 dilectum
1617 4554 1770 4648 patrem
1797 4559 1985 4630 nostrum,
2004 4531 2063 4612 lla·

304 4651 441 4744 gnum',
471 4641 619 4748 Regem
648 4641 819 4738 su‘cciae,
852 4642 978 4724 felicis
1006 4641 1315 4743 recordationis,
1337 4663 1519 4754 tempore
1548 4646 1793 4758 sponsalium
1825 4653 1930 4732 iuter
1956 4640 2064 4727 Doni·

304 4775 399 4856 num
430 4749 608 4848 Emeum,
637 4780 748 4832 nunc
777 4781 909 4862 regem
925 4756 1057 4836 Daciae
1086 4754 1300 4854 illustrem,
1329 4772 1370 4837 et
1399 4758 1587 4840 dilectam
1614 4788 1792 4842 sororem
1812 4778 1980 4842 nostram
2003 4753 2064 4834 De

288 4860 454 4957 ,minam
489 4859 754 4976 Ingeburgem
785 4891 835 4945 ex
863 4893 944 4950 una
973 4883 1108 4974 parte,
1152 4883 1192 4947 et
1221 4866 1305 4952 Nos
1341 4887 1382 4950 et
1425 4871 1662 4975 Consortem
1685 4889 1862 4954 nostram
1892 4899 1939 4954 ex
1967 4865 2063 4948 attera

1893 5009 1981 5064 con·
