4317 5975
951 464 1367 547 -152-

273 693 442 804 1086.
592 746 597 751 -
683 607 686 615 ’
790 622 1027 844 s1293
1082 694 1131 802 a.
1179 646 1448 803 „resa
1656 696 2054 847 attingamus.

342 886 495 971 Bialopsn
517 884 616 947 Yms
635 886 647 947 i
668 880 841 965 stangan,
862 882 961 945 dmm
983 882 1140 945 Executor
1159 881 1195 945 sl
1212 880 1390 967 Bislopens,
1410 883 1521 968 Hertig
1541 886 1655 966 Bengts
1675 894 1867 965 manente,
1887 883 2056 966 gun-don

393 980 441 1032 att
461 971 545 1031 Lena
567 966 643 1051 gdrd
665 972 677 1029 i
697 964 972 1047 Westergiitbland
993 964 1183 1027 tilllommer
1204 965 1394 1049 Linliipings
1414 968 1609 1069 Domiyrks.

1640 1050 1647 1065 '
1761 1048 1921 1103 Lbon

370 1150 574 1233 Omnibus
604 1168 808 1257 presentes
843 1150 997 1231 litteras
1032 1150 1287 1259 inspecturis.
1333 1150 1497 1232 Yssnus
1543 1148 1609 1232 dei
1650 1151 1784 1259 gracia
1827 1151 2054 1263 Episcopus

258 1266 532 1373 strengnensis
559 1261 727 1343 salutem
756 1264 797 1341 in
827 1259 1002 1343 domino.
1031 1262 1229 1341 Constare
1257 1261 1446 1343 volumus
1467 1259 1582 1373 quod
1609 1290 1685 1343 nos
1713 1262 1923 1342 constituti
1960 1291 2052 1345 exe·
2092 1357 2099 1373 s

135 1367 140 1377 ”
223 1392 424 1569 'putores
452 1375 680 1454 testamenti
709 1370 861 1453 domini
891 1369 1092 1453 benedicti
1122 1373 1250 1455 felicis
1279 1375 1468 1453 memorie
1507 1374 1702 1496 Episcopi
1743 1372 1985 1480 lincopensis
2011 1381 2052 1458 8(

286 1489 380 1578 ucis,
412 1486 763 1595 auctoritateque
794 1485 983 1565 nobisin
1015 1484 1092 1566 hac
1122 1503 1238 1592 parte
1260 1488 1454 1595 competit
1481 1488 1636 1566 curiam
1672 1483 1822 1565 dictam
1854 1484 1975 1566 Lenae
2007 1488 2052 1568 in

165 1682 169 1691 ,
208 1632 216 1641 ·
255 1597 421 1697 diocesi
449 1596 628 1677 skarensi
657 1624 780 1706 quam
810 1594 914 1675 idem
942 1595 1185 1677 venerabilis
1221 1611 1340 1703 pater
1377 1599 1434 1675 inx
1454 1596 1596 1679 eodem
1631 1608 1871 1679 testamento
1904 1611 2052 1677 contu·

255 1710 303 1789 lit
333 1709 497 1789 ecclesie
527 1708 751 1815 linoopensi
779 1734 870 1787 cum
887 1707 1074 1788 omnibus
1089 1709 1170 1791 suis
1184 1708 1412 1788 attinenciis
1427 1706 1507 1816 ipsj
1528 1706 1753 1817 lincopensi
1780 1706 1946 1788 ecclesie
1974 1736 2056 1816 per

200 1916 203 1923 ¹
254 1819 493 1904 difinitiuam
523 1816 841 1899 adiudicauimus
869 1819 1132 1916 sentenciam,
1157 1818 1320 1899 Teuore
1363 1821 1615 1927 presencium
1660 1834 1856 1928 ponentes
1888 1820 2053 1900 camin

199 2012 205 2019 .
252 1931 454 2041 corporali
471 1932 719 2039 possessione
735 1929 917 2039 predicte
932 1932 1044 2011 curie
1060 1937 1099 2011 8(
1114 1932 1291 2009 omnium
1307 1931 1385 2010 sibi
1405 1932 1667 2011 attinencium
1696 1937 1736 2013 8(
1764 1931 1896 2037 parati
1924 1944 2053 2039 prout

253 2070 357 2152 opus
386 2042 508 2122 fuerit
536 2040 753 2123 defendere
782 2042 918 2122 taliter
946 2041 1231 2123 introductam.
1268 2043 1320 2121 ln
1348 2044 1463 2122 cuius
1491 2044 1565 2122 Rei
1592 2040 1843 2123 euidenciam
1871 2041 2052 2151 sigillum

252 2171 437 2235 nostrum
486 2153 740 2262 presentibus
788 2173 847 2236 est
896 2180 1130 2262 appensum.
1193 2154 1343 2233 Datum
1385 2153 1698 2261 Liutbgutbuwi
1740 2178 1848 2234 anno
1894 2151 2052 2236 domini

254 2266 426 2349 Mtcc'.
455 2267 717 2374 nonagesimo
745 2264 891 2347 Tercio
919 2270 972 2346 Jn
1001 2262 1359 2436 gatlpedrakpancti
1387 2266 1504 2375 petri.

1029 2394 1068 2455 tgr
1095 2385 1127 2436 et
1152 2394 1191 2436 aa
1244 2383 1297 2454 (μ

262 2672 422 2895 1a87.
859 2738 1008 2887 1293
1066 2738 1116 2845 a.
1163 2740 1238 2848 as
1283 2739 1434 2849 rear.

218 2984 221 2995 .
284 2920 286 2928 ’
333 2929 437 2992 Bauer
458 2924 556 2990 Enors
577 2944 645 2990 ross
665 2924 761 3011 betyg
780 2936 827 2990 att
846 2924 999 3007 dulilliga
1020 2926 1223 3010 upprtlnade
1245 2927 1361 3009 girdar
1381 2924 1443 2992 ocb
1464 2922 1640 3008 ltgenbctet·
1660 2922 1791 2989 tilliallit
1815 2921 1894 2988 ban·
1917 2931 2047 3008 triger-

382 3012 466 3092 skor,
495 3009 660 3073 frb'knarne
686 3011 841 3096 lugeborg
866 3009 926 3073 och
954 3012 1131 3093 Margareta
1153 3013 1163 3072 i
1185 3012 1239 3074 ari
1255 3013 1335 3074 ester
1355 3009 1557 3075 deraefuder·
1724 3087 1810 3147 Μ
1828 3107 1850 3146 ι.
1870 3107 1908 3144 m

360 3195 562 3277 Omnibus
590 3194 731 3276 christi
760 3193 947 3276 fidelibus
984 3213 1190 3303 presentes
1226 3197 1483 3302 inspecturis,
1520 3195 1776 3298 Banumcrus
1805 3219 1931 3275 uteru
1964 3217 2047 3278 sort

249 3306 420 3388 salutem
451 3309 493 3388 in
533 3302 696 3386 domino
725 3307 1007 3420 sempiternam
1036 3310 1209 3415 Propter
1251 3306 1460 3388 hominum
1504 3306 1665 3388 labilem
1707 3307 1951 3387 memoriam.
1980 3308 2044 3388 ri·

246 3434 369 3528 teque
397 3416 550 3524 fragilis
578 3415 818 3496 breuitatem
848 3415 1040 3528 pleraque
1067 3445 1148 3527 que
1176 3432 1354 3525 aguntur
1384 3446 1477 3497 raro
1519 3421 1769 3527 perueniunt
1809 3417 1860 3499 ad
1896 3432 2046 3526 puram

246 3528 440 3619 noticiam
469 3541 723 3635 posterorum
752 3528 827 3608 nisi
856 3555 929 3635 per
958 3529 1158 3636 scripture
1187 3530 1414 3637 superstitis
1442 3530 1565 3609 viuax
1600 3529 1872 3610 testimonium
1908 3529 2043 3610 eluce-

246 3655 363 3720 scant
392 3639 546 3718 Harum
575 3639 700 3746 igitur
732 3641 832 3720 serie
862 3637 1087 3719 litterarum
1123 3637 1287 3747 prouidi
1316 3657 1397 3720 tam
1428 3643 1598 3747 posteris
1625 3669 1749 3751 quam
1783 3637 2084 3748 presentibus*

246 3749 500 3846 elucendum,
528 3749 683 3830 curiam
710 3749 754 3830 in
782 3812 792 3832 .
819 3810 829 3831 .
859 3810 868 3829 .
897 3750 1027 3858 sbrtgb
1055 3778 1144 3830 cum
1175 3750 1329 3832 colonis
1358 3750 1521 3848 ibidem,
1549 3756 1589 3832 8(
1618 3753 1770 3832 curiam
1802 3753 1844 3833 in
1866 3749 2040 3850 alcauid,

244 3861 514 3944 &coloniam
545 3861 587 3940 in
615 3859 899 3968 tubbaetborpe
929 3867 966 3941 8(
995 3858 1201 3941 dimidiam
1236 3863 1477 3968 piscaturam
1511 3861 1661 3943 dictam
1683 3861 1941 3973 laxaepbischi
1969 3891 2042 3971 pe·

242 4002 314 4058 nes
340 3973 523 4058 thrasnes
552 3968 651 4052 duas
680 3973 801 4053 siluas
829 3969 956 4053 dictas
985 3971 1264 4080 tansersscogh
1294 3979 1335 4052 8(
1363 3973 1619 4084 alxersscogh
1640 3973 1970 4067 &molendinum
1993 3977 2040 4056 in

243 4086 549 4194 heriaelungum,
578 4081 811 4181 domicellis,
840 4083 1047 4192 ingiburgi
1077 4090 1117 4164 8(
1144 4090 1367 4190 margarete
1395 4087 1482 4166 iure
1510 4082 1753 4167 hereditario
1769 4106 1861 4194 post
1880 4099 2041 4193 patrem

158 4201 167 4208 ”
244 4225 361 4280 suum
391 4223 572 4277 socerum
604 4223 735 4276 meum
765 4194 890 4280 felicis
920 4197 1111 4277 memorie
1137 4223 1334 4275 consensu
1366 4198 1501 4279 uxoris
1530 4225 1616 4278 mee
1643 4195 1824 4278 katerine
1859 4203 1900 4276 8(
1923 4222 2040 4279 soro-

244 4311 300 4392 r'is
328 4335 400 4388 sue
429 4305 638 4415 byrghitte
660 4305 843 4387 adhibito
871 4308 1031 4387 cessisse
1067 4335 1140 4414 per
1178 4305 1344 4414 legalem
1388 4313 1636 4416 porcionem,
1681 4307 1937 4417 presentibus
1973 4323 2040 4388 te-

246 4416 376 4502 stibus
403 4416 571 4527 ydoneis
600 4425 638 4500 8(
671 4418 852 4501 discretis
881 4415 1073 4514 dominis,
1102 4419 1330 4498 Laurenoio
1366 4419 1551 4524 bobergh
1586 4420 1736 4499 llorico
1771 4421 1915 4532 byrgir
1947 4445 2039 4518 son,

166 4583 174 4592 -
244 4529 411 4638 elgotho
438 4529 510 4636 jon
540 4557 613 4609 son
642 4528 706 4614 Ad
733 4533 845 4612 ouius
874 4527 971 4608 iacti
1001 4530 1233 4612 memoriam
1260 4535 1300 4610 8(
1327 4528 1574 4610 euidenciam
1603 4531 1823 4641 pleniorem
1858 4529 2037 4640 sigillum

245 4667 377 4722 meum
406 4667 498 4720 cum
525 4637 665 4748 sigillis
695 4641 969 4748 predictorum
999 4639 1254 4748 presentibus
1281 4657 1341 4722 est
1370 4668 1605 4750 appensum,
1636 4645 1781 4726 Datum
1809 4672 1918 4726 anno
1959 4640 2040 4725 do·
2092 4725 2099 4731 ,

245 4750 345 4832 mini
374 4749 713 4848 M⁰cc·xc·111·,
743 4753 784 4832 in
814 4753 949 4861 vigilia
978 4751 1086 4832 beati
1115 4751 1260 4832 mathie
1288 4753 1473 4862 apostoli,
1925 4758 1930 4768 '

907 4895 1034 4987 Sigilten
1059 4895 1138 4979 r-4
1158 4904 1212 4958 tro
1232 4893 1376 4960 skadade.

1692 5097 1696 5102 .
1786 4969 1948 5108 1088.
2044 4988 2054 5000 “
