4317 5975
993 367 1410 450 ...522-

311 603 479 746 1576.
591 692 597 701 a
807 518 813 530 ¹
933 599 1491 723 1308d.'21Mars.
1929 609 2038 724 llara'.

286 789 299 849 ι’
330 898 337 909 ⁶
383 825 492 904 Hertig
514 823 613 884 Earss
634 817 833 883 sudtsuene
854 821 894 905 pt
914 819 975 882 des
997 812 1129 884 amellae
1153 825 1261 904 Birger
1283 823 1443 884 Peterseon
1464 819 1526 882 oola
1549 821 1613 882 Fru
1627 817 1910 972 windiwrii
1924 831 2042 978 alEllrals·

1823 915 1881 968 emt
1910 933 1925 974 e
1973 933 2044 1000 ggeru

433 907 526 989 tborp
546 907 643 981 ania,
663 904 682 964 d
704 924 782 985 agna
804 903 862 966 ocb
881 904 996 966 beonet
1030 905 1123 966 barm
1155 916 1284 986 vtgnar,
1318 919 1398 968 tamt
1430 907 1508 967 Ysar
1540 903 1600 966 och
1624 902 1770 984 Koared,

431 991 611 1071 sllgtingar,
633 988 785 1069 ingfogns
808 987 975 1070 lbrlikning
998 989 1009 1049 i
1029 988 1229 1052 fdreutmnde
1252 991 1334 1051 trist.
1463 1027 1468 1042 -
1768 983 1771 993 '
1846 1071 1905 1130 Η

1870 1111 1875 1122 ·
1907 1093 1946 1128 ιΙ.

409 1208 558 1289 Emcus
587 1206 652 1287 dei
681 1204 814 1315 gracia
844 1202 929 1285 dux
960 1229 1164 1285 sweorum
1196 1207 1406 1287 Vniuersis
1447 1221 1651 1314 presentes
1681 1202 1832 1286 litteras
1859 1211 2045 1318 inspecturis

300 1319 475 1400 Salutem
505 1319 545 1397 in
575 1316 742 1398 domino
770 1319 1072 1424 sempiternam,
1101 1315 1261 1396 Tenore
1291 1319 1541 1424 presencium
1578 1332 1763 1397 constare
1792 1318 1956 1402 volumus
1989 1313 2046 1407 cni·

297 1433 443 1512 denter
472 1429 594 1532 Quod
627 1430 668 1508 in
700 1429 905 1536 presencia
935 1429 1133 1534 magnifici
1166 1429 1363 1536 principis
1391 1429 1545 1510 domini
1575 1429 1730 1536 Birgeri
1758 1429 1824 1511 dei
1857 1435 1972 1538 gracia
1994 1439 2045 1516 lle·

201 1641 206 1652 ·
298 1545 360 1650 gis
387 1567 590 1621 sueorum
622 1541 817 1620 karissimi
854 1540 989 1620 fratris
1042 1540 1170 1619 nostri
1199 1555 1239 1620 et
1269 1556 1407 1620 nostra
1449 1569 1496 1620 ac
1545 1539 1715 1620 aliorum
1761 1569 1877 1651 quarn
1916 1545 2045 1650 pluriuu

298 1653 562 1733 discretorum
579 1649 687 1759 apud
717 1651 922 1730 ecclesiam
939 1649 1062 1730 haara
1078 1647 1261 1757 dyocesis
1289 1653 1503 1734 arusiensis
1525 1653 1736 1733 constituti
1766 1655 1827 1732 vir
1855 1655 1978 1736 nobilis
1998 1656 2046 1737 do

262 1766 431 1861 «minus
461 1764 646 1871 birgerus
674 1777 892 1871 paetersson
918 1780 959 1843 et
986 1761 1156 1843 discreta
1195 1763 1380 1845 Matrona
1424 1763 1586 1854 domina
1615 1763 1826 1872 Ragnildis
1864 1768 1980 1847 relicta
2001 1767 2047 1852 dn

298 1877 396 1956 mini
435 1873 600 1983 eggardi
642 1871 846 1982 quondam
877 1873 977 1954 dicti
1013 1873 1246 1984 bralstborp
1289 1879 1449 1957 nomine
1491 1902 1564 1956 suo
1606 1893 1647 1956 et
1676 1868 1891 1958 liberorum
1927 1905 2048 1959 suumn

297 2014 456 2068 necnon
488 2001 529 2066 et
558 1987 740 2066 Ysarnns
768 2013 814 2064 ao
829 1984 1030 2066 conradus
1060 1987 1291 2096 bralstborp
1316 1987 1461 2069 fratres
1477 1987 1574 2068 dicti
1603 1989 1758 2069 domini
1787 1987 1941 2098 eggardi
1955 1991 2048 2070 militis

298 2098 479 2180 defuncti
509 2095 739 2190 fratrueles,
769 2115 1094 2204 recoguouerunt
1124 2097 1250 2180 libere
1280 2127 1415 2180 coram
1446 2099 1564 2180 nobis
1592 2099 1705 2210 quod
1734 2127 1856 2208 super
1882 2105 2049 2182 contracti·

299 2214 376 2293 bus
405 2205 444 2290 in
476 2212 597 2289 rebus
626 2207 843 2290 mobilibus
870 2225 911 2288 et
939 2207 1212 2302 immobilibus
1248 2211 1561 2321 quibuscunque
1605 2215 1709 2292 iuter
1738 2210 1935 2319 predictos
1958 2213 2049 2292 doni·

296 2349 394 2402 num
424 2321 881 2428 birgernmapaetcrsson
909 2337 950 2400 et
977 2321 1185 2403 dominum
1216 2323 1437 2430 eggardum
1482 2323 1644 2404 militem
1676 2322 1774 2404 dum
1804 2325 1949 2404 uiueret
1972 2323 2038 2404 bab'

298 2436 351 2512 tis
380 2461 427 2513 ac
454 2432 544 2539 alijs
570 2431 759 2513 omnibus
788 2432 894 2510 inter
921 2430 1082 2512 eosdem
1114 2433 1304 2514 hactenns
1333 2436 1534 2516 ventilatis
1562 2434 1787 2516 concordes
1815 2452 1854 2516 et
1882 2433 2051 2516 vnilornu

298 2573 341 2626 se
368 2571 453 2624 esse
482 2571 555 2652 per
582 2544 717 2624 ornnia
747 2561 842 2622 sunt
871 2543 1040 2650 professi
1069 2560 1109 2622 et
1140 2571 1210 2652 per
1239 2545 1553 2654 assignacionem
1583 2545 1817 2653 prediorum
1846 2575 1915 2654 per
1940 2545 2049 2626 dictura

191 2653 193 2657 ’
299 2657 506 2738 dominnm
536 2654 741 2762 birgerum
772 2670 989 2761 paetersson
1019 2654 1156 2765 liberis
1185 2657 1311 2764 ipsius
1340 2655 1493 2738 domiui
1537 2654 1704 2766 eggardi
1733 2661 1858 2739 eciam
1891 2659 2050 2738 innostra

299 2769 506 2878 presencia
537 2766 680 2846 factam
711 2782 835 2873 prout
863 2766 904 2844 in
937 2766 1077 2847 litteris
1114 2768 1197 2847 suis
1226 2769 1461 2875 patentibus
1497 2795 1620 2876 super
1649 2769 1728 2850 hoc
1757 2768 1944 2852 confectis
1969 2768 2050 2876 plene

299 2895 412 2990 patet
440 2903 533 2987 pars
560 2877 742 2989 quelibet
770 2877 820 2958 de
848 2894 1019 2987 optento
1061 2877 1240 2960 reddidit
1277 2907 1318 2958 se
1347 2896 1596 2976 contentam,
1639 2883 1778 2984 Quare
1816 2909 1903 2962 oum
1938 2879 2065 2986 singula·
2108 2883 2110 2902 '

298 2994 377 3073 rite
405 3007 446 3071 et
473 2980 777 3070 racionabiliter
819 3006 907 3069 acta
951 2991 1200 3099 potissimum
1232 2993 1272 3072 in
1306 3010 1442 3073 nostra
1486 2994 1691 3101 presencia
1719 3008 1925 3075 teneamur
1962 2991 2052 3071 diuini

297 3120 339 3183 et
382 3102 545 3182 humani
596 3100 696 3210 juris
739 3102 889 3181 intuitu
926 3104 1118 3184 roborare
1161 3104 1244 3184 Nos
1287 3102 1436 3185 factum
1481 3102 1708 3185 huiusmodi
1750 3104 2004 3214 approbamus
2026 3115 2052 3179 et

280 3215 581 3317 ⁸confirmamus
609 3242 655 3292 ac
684 3215 881 3320 presentis
907 3214 1047 3322 scripti
1078 3216 1303 3322 patrocinio
1332 3219 1627 3297 communimus
1642 3216 1906 3298 Prohibentes
1930 3214 2052 3295 firmiter
2109 3270 2110 3327 q

298 3342 339 3406 et
367 3325 549 3407 districte
579 3326 722 3434 nequis
751 3341 911 3433 pactum
936 3323 1012 3405 boc
1041 3328 1235 3432 impetere
1265 3328 1327 3407 vel
1359 3327 1579 3434 infringere
1602 3346 1809 3437 presumat
1836 3355 1902 3407 seu
1929 3350 2052 3435 quone
2109 3328 2110 3335 ’

298 3437 454 3519 dolibet
481 3435 633 3516 violare
660 3438 763 3515 sicut
792 3441 968 3543 graciam
998 3452 1175 3516 nostram
1213 3464 1455 3519 conseruare
1484 3456 1524 3519 et
1554 3466 1698 3547 penam
1731 3438 1987 3547 pecuniariam
2009 3460 2054 3513 ro

298 3548 420 3630 luerit
448 3549 601 3629 euitare
637 3548 689 3625 Jn
717 3548 831 3640 cuius
859 3548 916 3625 rei
946 3548 1220 3627 testimonium
1262 3550 1437 3657 sigillum
1467 3548 1618 3632 ffratris
1645 3552 1777 3631 nostri
1802 3548 1985 3632 karissimi
2006 3542 2054 3625 do

297 3662 395 3740 mini
424 3659 579 3766 Birgeri
608 3655 675 3738 dei
703 3658 838 3765 gracia
867 3658 986 3765 Regis
1014 3684 1216 3739 sweorum
1246 3679 1287 3740 et
1318 3678 1499 3759 nostrqm
1542 3690 1700 3743 necnon
1730 3678 1773 3743 et
1802 3662 1988 3745 nobilium
2007 3656 2055 3736 de

299 3772 498 3852 minorum
527 3771 683 3850 henrici
724 3770 934 3877 borgrauij
964 3769 1154 3853 ffnlconis
1182 3770 1348 3879 jonsson
1388 3773 1538 3853 Mathie
1572 3772 1894 3859 ketilmundason
1923 3773 1967 3851 Et
1989 3768 2056 3876 qnia

297 3882 402 3964 dicta
432 3884 594 3965 domina
624 3880 832 3987 Ragnildis
860 3881 1034 3989 sigillum
1066 3885 1277 3993 proprium
1309 3913 1391 3965 non
1423 3883 1563 3965 babuit
1579 3886 1755 3991 sigillum
1773 3884 1925 3967 domini
1952 3876 2055 3961 kanuti

139 3992 144 3999 ’
224 4034 231 4059 ι
297 3992 484 4103 laghman
512 3995 603 4073 loco
631 3996 694 4071 sui
732 4020 809 4073 vna
854 4022 945 4072 cum
988 3994 1130 4101 sigillis
1176 3995 1453 4103 predictorum
1502 3997 1761 4103 presentibus
1790 4014 1852 4079 est
1879 4012 2057 4104 appensum

298 4104 763 4297 Datuqucllnnodomini
778 4104 986 4185 blillesimo
1014 4106 1135 4186 CCC⁰
1170 4108 1302 4187 v111·.
1330 4107 1373 4215 jn
1405 4106 1471 4189 die
1494 4106 1604 4187 beati
1621 4106 1824 4191 benedicti
1840 4105 1983 4191 abbatis
1995 4102 2057 4181 loco

299 4246 420 4327 supra
454 4235 544 4298 reto.
652 4264 656 4270 -

299 4360 349 4428 Pa
359 4360 553 4445 frdnsidane
577 4358 751 4422 Concordia
773 4358 853 4419 facta
874 4359 953 4418 inter
972 4355 1132 4420 dominum
1155 4358 1189 4420 B.
1212 4368 1373 4443 petemus
1395 4370 1426 4421 et
1447 4358 1605 4422 dominam
1622 4359 1802 4443 Raguildim
1824 4360 1956 4425 relietum
1974 4348 2058 4419 domiti

801 4441 917 4521 Egardi
938 4441 977 4503 de
998 4442 1176 4527 brelstborp
1196 4455 1227 4505 et
1247 4462 1353 4507 omnes
1373 4445 1401 4505 ei
1422 4445 1594 4508 attinentes.
1736 4444 1744 4455 ”

660 4559 785 4643 Sigillen
807 4560 867 4623 lito
891 4578 918 4635 r,
939 4558 974 4635 3,
996 4578 1015 4639 7
1037 4558 1224 4639 bortfsllnaj
1246 4560 1304 4624 Nto
1326 4580 1354 4638 a,
1376 4557 1459 4638 4-6
1481 4554 1572 4643 uiget
1593 4558 1737 4624 sledede.
