4317 5975
800 417 922 517 ’--’
988 454 1069 551 aas
1181 500 1237 519 .-

133 674 232 751 ltem
262 666 462 751 sacerdoti
491 689 532 753 et
559 672 722 754 ecclesie
752 675 792 753 in
820 674 947 774 serbi
976 676 1188 757 marcham.
1220 702 1294 783 pro
1323 674 1473 785 quibus
1496 676 1684 757 omnibus
1706 673 1925 773 soluendis,

129 782 265 890 obligo
293 782 412 862 aliam
441 784 691 865 medietatem
723 786 954 892 prediorum
987 815 1165 867 meorum
1183 788 1224 865 in
1239 815 1327 894 aeng
1344 790 1384 867 in
1409 786 1574 897 paroltia
1592 795 1691 887 ebe,
1719 788 1925 898 predicto-

129 924 228 975 rum.
257 898 335 975 Pro
364 891 511 977 debitis
540 924 636 978 vero
665 898 763 977 meis
790 898 1042 1007 integraliter
1070 896 1367 1006 persoluendis,
1403 899 1541 1007 obligo
1570 900 1766 980 coloniam
1797 928 1924 980 meam

129 1008 167 1087 in
198 1005 434 1113 ransbiaerg‚
462 1025 503 1091 et
532 1007 804 1088 molendinum
836 1012 877 1089 in
908 1009 1125 1105 tiaernaekit
1155 1038 1244 1089 cnm
1277 1009 1403 1090 snndo
1433 1038 1561 1118 prope
1590 1010 1695 1091 idem
1726 1009 1923 1093 molendi-

129 1146 221 1199 num
252 1118 350 1213 sito',
379 1119 450 1226 qui
478 1120 668 1227 importat
696 1119 881 1229 quolibet
911 1151 1020 1201 anno
1049 1121 1125 1201 tria
1155 1119 1307 1200 talenta
1348 1119 1471 1202 butiri
1502 1123 1664 1203 racione
1707 1124 1922 1231 pensionis.

127 1230 201 1310 boc
230 1255 438 1337 expresso,
467 1230 578 1337 quod
608 1230 774 1313 heredes
804 1234 880 1312 mei
910 1234 1091 1341 predicta
1123 1230 1229 1312 bona
1267 1233 1420 1329 omnia,
1461 1250 1539 1312 tam
1571 1235 1611 1312 in
1646 1262 1753 1343 teng,
1797 1240 1920 1343 quam

125 1345 164 1421 in
196 1340 426 1447 ransbiarg,
470 1358 509 1420 et
539 1342 767 1440 tiaernaelril,
799 1373 820 1422 a
849 1344 915 1425 die
946 1344 1083 1423 obitus
1113 1344 1208 1440 mei,
1250 1343 1450 1424 resoluere
1479 1362 1688 1425 teneantur
1716 1346 1749 1424 si
1779 1345 1922 1441 velint,

124 1450 225 1533 infra
259 1480 421 1532 artuum.
451 1452 623 1562 quodsi
654 1483 735 1536 non
766 1454 953 1551 fecerint,
1002 1455 1188 1549 Domini,
1229 1452 1434 1563 sigualdus
1462 1456 1679 1536 canonieus
1708 1457 1923 1552 soanensis,

123 1581 163 1643 et
191 1562 419 1643 laurencius
448 1565 499 1644 de
527 1565 828 1674 mingendum,
861 1566 1079 1673 plenariam
1097 1579 1335 1675 potestatem
1352 1565 1526 1647 babeant
1555 1564 1661 1646 dicta
1692 1566 1799 1647 bona
1823 1568 1936 1647 veni

122 1674 263 1772 dandi,
292 1671 409 1755 etde
439 1678 576 1784 precio
605 1684 882 1759 testamentum
922 1676 1172 1786 integraliter
1203 1677 1481 1786 persoluendi‚
1509 1679 1606 1788 qnia
1637 1680 1744 1785 ipsos
1773 1706 1922 1788 exequ-

122 1802 229 1867 tores
257 1788 459 1868 constituo
489 1789 726 1869 testamenti.
757 1787 890 1898 siquid
920 1815 1017 1869 vero
1038 1790 1173 1869 soluto
1202 1804 1442 1869 testamento
1470 1787 1521 1870 de
1550 1790 1687 1897 precio
1716 1787 1920 1869 residuum

122 1899 260 1993 fuerit,
291 1898 421 2005 ipsum
451 1897 654 1981 residuum
683 1899 901 1980 heredibus
929 1903 1027 1982 meis
1054 1900 1362 1981 recommittant.
1400 1902 1449 1979 Jn
1481 1900 1765 2009 premissorum
1796 1901 1922 2008 igitur
2068 1990 2071 1999 Δ

121 2010 393 2090 testimonium
423 2029 465 2090 et
492 2012 739 2092 euidencinm
770 2011 1011 2120 pleniorem,
1038 2011 1168 2120 sigilla
1199 2010 1492 2120 predictorum,
1522 2008 1675 2092 domini
1706 2013 1920 2108 scarensis,
2042 2080 2048 2091 .

119 2120 272 2201 domini
300 2120 502 2202 benedicti
530 2121 647 2229 algnz
669 2148 754 2217 son,
784 2124 962 2231 magistri
990 2123 1212 2218 benedicti,
1241 2120 1395 2227 domini
1409 2124 1592 2217 martini,
1625 2123 1787 2203 domine
1815 2150 1921 2202 mar·

121 2252 255 2342 garete
285 2235 421 2313 vxoris
450 2262 554 2330 mee,
584 2250 625 2314 et
654 2232 808 2315 haraldi
839 2233 1115 2334 briniulfsson
1146 2234 1283 2345 generi
1312 2235 1411 2330 mei,
1456 2261 1532 2313 vna
1561 2263 1650 2340 cum
1702 2260 1790 2313 meo
1827 2260 1945 2343 pro·x

53 2358 58 2363 ’
119 2346 226 2454 prio,
261 2345 516 2452 presentibus
549 2360 646 2426 sunt
680 2373 872 2457 appensa.
919 2348 1070 2426 Datum
1100 2362 1140 2427 et
1168 2360 1302 2426 actum
1348 2343 1509 2427 taekkiu.
1554 2372 1663 2426 anno
1692 2362 1732 2426 et
1759 2340 1823 2426 die
1854 2374 1919 2425 su·
2053 2408 2056 2415 .

119 2456 320 2565 pradictis.
1472 2458 1478 2465 '

369 2598 418 2663 Ρᾶ
427 2598 623 2682 srdnsidan:
644 2600 744 2687 Super
764 2597 852 2685 aengb
874 2600 905 2662 in
928 2602 983 2663 eda
1004 2600 1096 2665 coelo
1119 2610 1334 2664 testamentum
1356 2550 1474 2663 domini
1497 2596 1662 2661 tbolnonis.

291 2709 298 2716 ’
420 2712 545 2796 Sigillen
568 2716 628 2778 Neo
653 2735 678 2794 t,
699 2713 721 2777 6
742 2712 830 2795 bela,
853 2715 912 2779 Nto
934 2736 969 2796 a,
990 2715 1021 2796 4,
1043 2716 1080 2796 5,
1103 2736 1121 2798 7
1144 2716 1369 2795 s'o'nderfallns,
1392 2718 1449 2778 Nto
1471 2715 1489 2777 3
1511 2713 1612 2776 bor-to.

127 3109 296 3250 1453.
734 3218 736 3221 ,
784 3108 936 3214 1305
985 3107 1033 3221 d.
1081 3108 1113 3213 6
1160 3109 1267 3213 Jan.

202 3329 337 3410 Kooung
359 3329 489 3391 Bitenas
510 3330 611 3410 lntyg‚
632 3339 680 3389 ott
704 3325 876 3409 Kouungen
898 3329 965 3390 icke
987 3349 1097 3410 genum
1125 3297 1188 3412 ldp
1209 3329 1245 3389 al*
1263 3327 1312 3389 del
1336 3327 1344 3386 i
1367 3324 1520 3386 stannes
1537 3323 1613 3402 gend
1637 3321 1694 3386 bar
1716 3324 1793 3387 eller
1814 3324 1920 3406 tilleg·

250 3435 306 3473 nar
328 3414 372 3492 sig
395 3413 494 3492 nigou
517 3421 576 3474 rett
598 3411 685 3474 lister
707 3410 765 3472 den
787 3411 876 3473 delen
898 3412 935 3472 al
956 3415 1051 3474 derne
1081 3411 1187 3488 lus-sd,
1211 3411 1310 3488 Astu,
1332 3410 1421 3470 Yxnb'
1443 3407 1501 3469 oclr
1537 3409 1620 3482 Mar,
1648 3428 1712 3470 som
1736 3407 1887 3490 Biskopen
1912 3409 1921 3468 i

250 3495 426 3580 Linlb'piug
447 3493 534 3578 lgei,
557 3495 734 3576 derigeuom
757 3506 802 3556 ott
824 3497 862 3556 de
885 3495 935 3555 vid
959 3494 1090 3557 uemnde
1112 3495 1205 3575 gards
1227 3492 1404 3574 lb'rsttljning
1427 3491 1624 3573 undantogos.

1607 3603 1785 3662 bem
1921 3665 1925 3676 Ι

225 3747 450 3832 Braonaaus
476 3745 542 3830 dei
577 3747 712 3857 gracia
754 3755 956 3828 sweorum
1005 3744 1306 3853 gothorumque
1346 3744 1432 3823 Rex
1483 3741 1683 3822 Omnibus
1714 3757 1918 3851 presentes

106 3860 268 3941 litteras
302 3861 542 3970 inspecturis
570 3859 736 3940 salutem
771 3860 813 3938 in
842 3856 1007 3938 domino
1034 3857 1318 3962 sempiternam
1349 3853 1508 3935 Tenore
1537 3855 1786 3960 presencium
1816 3878 1912 3932 eon·

112 3990 221 4053 stare
258 3972 443 4052 volumus
486 3971 698 4053 euidenter
739 3971 823 4051 Nos
859 3985 1012 4076 partem
1042 3994 1164 4076 quam
1207 3964 1383 4074 possidet
1428 3964 1669 4045 venerabilis
1698 3979 1814 4071 pater
1842 3962 1916 4044 do·

112 4086 247 4179 minus
281 4086 494 4193 episeopus
538 4082 792 4190 lincopensis.
839 4080 882 4189 jn
912 4078 1052 4159 insulis
1096 4077 1362 4186 infrascriptis
1411 4071 1597 4156 videlieet
1636 4075 1759 4184 jurset.
1803 4073 1914 4167 aske.

111 4211 226 4305 yxno
254 4214 294 4276 et
322 4225 418 4276 mar.
449 4222 541 4276 oum
569 4197 681 4274 curia
712 4193 819 4274 dicta
849 4188 1131 4299 skyaldawiilr.
1172 4216 1292 4298 qnam
1339 4214 1430 4269 cum
1472 4187 1555 4266 suis
1597 4185 1824 4268 attinenciis
1867 4184 1918 4267 de

108 4305 253 4390 eodem
283 4305 449 4388 domino
479 4308 670 4414 episeopo
698 4306 865 4385 emimus
902 4303 1061 4384 minime
1092 4301 1276 4384 babuisse
1306 4299 1423 4380 Vnde
1454 4326 1526 4380 nec
1557 4301 1842 4407 proprietatem
1873 4299 1915 4376 in
1971 4361 1977 4371 ,

109 4421 190 4500 biis
218 4418 337 4500 nobis
368 4417 544 4529 aliquam
575 4414 831 4497 vendicamus
860 4409 1048 4523 eoquod
1079 4427 1265 4521 exempte
1308 4409 1474 4492 fuerunt
1519 4410 1683 4492 ecclesie
1713 4407 1841 4489 insule
1872 4409 1914 4488 in

106 4532 322 4639 empcione
349 4533 462 4612 curie
491 4544 709 4610 memorate
737 4532 787 4626 ln
816 4529 931 4608 ouius
959 4527 1031 4607 Rei
1062 4524 1332 4604 testimonium
1375 4521 1550 4627 sigillum
1576 4537 1777 4602 nostrum
1823 4547 1916 4628 pre·

105 4642 292 4724 sentibus
322 4639 511 4724 duximus
539 4637 824 4752 apponendum
857 4641 1003 4721 Datum
1034 4665 1143 4719 atino
1174 4635 1325 4718 domini
1348 4632 1558 4715 Millesimo
1588 4634 1752 4717 CCCN.
1781 4631 1827 4741 jn
1850 4632 1916 4713 die

105 4754 344 4865 epiphanie
373 4753 539 4861 dominJ.
