4317 5975
821 472 881 493 -
989 430 1071 536 389
1180 458 1293 493 -2

142 662 307 806 1394.
413 768 423 779 ,
622 709 624 712 ·
746 602 903 763 '1303
948 658 1117 770 d.'20
1164 660 1364 811 April?
1533 610 1535 615 s
1648 744 1652 752 .
1760 663 1929 793 Lund.
2028 677 2031 683 ’

210 884 361 943 Joatsnes
384 876 504 954 llrrrrs,
526 876 596 938 lala
619 876 755 951 Halmii,
776 841 940 939 Follmalt
961 879 1010 942 [ὃν
1030 882 1152 941 sin-son
1174 882 1232 943 oclr
1256 896 1326 943 atne
1348 880 1444 943 andra
1466 890 1552 958 mtn,
1585 893 1629 943 att
1662 882 1730 943 lrin
1764 868 1933 963 migrari

264 962 340 1021 bans
360 961 548 1041 egendomnr
570 973 640 1039 tage
662 963 879 1041 sparnemdlen
902 963 938 1021 as
954 982 973 1022 2
995 963 1152 1039 iireslnnd,
1175 968 1224 1026 [δι’
1239 976 1288 1039 ,ιιι
1306 966 1388 1047 gissa
1406 966 1613 1049 Domprostru
1635 966 1775 1028 Andreas
1796 971 1805 1029 i
1827 968 1928 1048 Laud,

264 1047 362 1106 stisom
387 1043 505 1126 syllnad
529 1046 538 1104 i
560 1045 619 1104 den
641 1043 921 1125 egendomslraadel
943 1046 1004 1106 ban
1026 1047 1117 1128 gjcrt.
1180 1070 1184 1079 ’
1536 1052 1539 1061 ’

1718 1128 1753 1185 Α.
1770 1130 1794 1187 5.

240 1252 451 1343 Omnibus·
472 1290 634 1371 presens
674 1264 878 1371 seriptum.
914 1262 1187 1345 cernentibus.
1232 1266 1444 1345 Jonaunns
1466 1289 1577 1344 awrr
1619 1262 1669 1345 de
1705 1266 1929 1375 malmnghe

132 1374 351 1457 aduocatos
380 1375 420 1453 in
452 1373 597 1470 burlel‚
625 1372 802 1454 Salutem
833 1376 873 1453 iu
903 1375 1070 1456 domino
1098 1378 1394 1481 sempiternam.
1425 1376 1624 1456 Noueriut
1650 1379 1828 1457 uniuersi.
1849 1388 1928 1473 me,

134 1488 290 1599 plenam
319 1482 474 1566 dedisse
504 1501 756 1593 potestatem.
787 1486 901 1583 viris,
929 1487 1124 1569 discretis.
1169 1489 1369 1583 Dominis,
1398 1488 1558 1594 bodrec
1591 1516 1702 1593 gage.
1758 1484 1929 1571 Nicolao

130 1598 356 1707 presbitero
385 1594 436 1679 de
479 1596 702 1702 malmoglre
729 1594 817 1689 nfra
845 1614 888 1677 et
916 1598 1093 1678 Jolranni
1123 1598 1206 1679 lilio
1249 1624 1355 1694 mco,
1397 1626 1530 1679 semen
1561 1598 1731 1677 duarum
1766 1628 1928 1681 orarum
2024 1638 2027 1644 “

133 1711 182 1791 de
209 1708 333 1788 terris
359 1710 458 1787 meis
488 1708 815 1816 abicumque-eis
832 1709 1053 1815 placuerit.
1084 1709 1303 1789 secundum
1333 1710 1598 1789 seotaoionem
1629 1722 1671 1787 et
1698 1713 1929 1815 promissio·

134 1849 220 1902 uem
250 1820 386 1900 dilecti
404 1817 488 1926 lilij
517 1820 592 1897 mei
631 1818 787 1898 laetam.
831 1821 996 1899 domino
1038 1820 1186 1901 andree
1231 1822 1440 1929 preposito
1472 1819 1674 1899 Lundensi
1705 1822 1930 1903 refundere.

97 1989 101 1994 -
131 1950 172 2013 et
198 1932 400 2019 delectum
429 1929 669 2040 quadrantis
698 1946 806 2010 terre
834 1958 915 2039 que
943 1932 1020 2011 sibi
1051 1932 1215 2011 vendidi
1245 1930 1418 2039 pleniter
1444 1930 1675 2037 adimplere.
1713 1932 1859 2011 llatrtm
1889 1954 1931 2013 ct

125 2055 288 2153 gratum
318 2041 762 2149 babituros,'quicqnid
795 2070 868 2149 per
895 2044 1101 2149 prediatus
1128 2044 1207 2121 rite
1233 2044 1380 2121 litetum
1411 2030 1603 2121 fueritin
1635 2044 1845 2149 premissis.
1875 2036 1927 2125 Ja

130 2158 245 2235 enias
272 2154 347 2232 Rei
361 2153 630 2233 testimonium
645 2154 820 2259 sigilium
839 2180 968 2233 meum
985 2154 1240 2261 presentibus
1253 2168 1313 2231 est
1328 2176 1564 2261 appensum:
1584 2154 1737 2233 'Datum
1762 2153 1927 2234 Laudis.

127 2264 429 2347 ‘Annodomiui
459 2263 682 2344 .M⁰.CCC'.
711 2265 849 2343 tercio.
893 2263 1084 2347 sabbato
1115 2264 1321 2371 proximo,
1347 2282 1441 2343 ante
1466 2262 1734 2374 misericordia
1765 2262 1928 2347 domini.
2034 2294 2042 2309 ‘

417 2405 540 2487 sigillet
560 2404 734 2491 obetydligt
754 2402 902 2484 sladum,
930 2406 1090 2489 btngende
1113 2409 1121 2469 i
1144 2428 1181 2467 en
1205 2426 1243 2467 ur
1265 2403 1508 2491 brelretllippt
1531 2427 1640 2469 remu.

58 2842 344 3004 ·1395.
465 2772 471 2781 Ι
806 2772 1287 3004 1303ἀ4,,Μι].

216 3077 407 3163 lalebisltop
428 3081 500 3141 Nus
523 3076 688 3142 Annrssors
711 3081 718 3139 i
740 3077 861 3162 Upsala
883 3078 1077 3160 Anteelning
1096 3079 1255 3160 angiende
1276 3069 1457 3165 iippnandet'
1476 3079 1513 3138 al
1529 3077 1604 3140 Eril
1627 3072 1830 3160 den'llelige's
1846 3076 1929 3144 slrin

107 3161 111 3167 ’
223 3188 228 3196 ’
265 3164 306 3246 pb
330 3163 437 3242 Hertig
459 3161 550 3224 Erils
576 3164 727 3242 begienc,
758 3184 812 3224 oar
832 3159 1080 3226 beslaffenlretea
1113 3165 1150 3224 af
1171 3163 1296 3226 dederi
1329 3161 1493 3224 torturas
1522 3162 1684 3244 reliquier,
1715 3162 1788 3246 oclr¹
1806 3185 1858 3224 cm
1890 3165 1930 3226 de

264 3243 392 3325 styelea
414 3243 522 3321 derass.
536 3266 600 3306 som
624 3247 675 3306 vid
697 3265 814 3317 samma
837 3245 958 3306 ritttstte
980 3246 1139 3308 atdelarlcs
1161 3247 1208 3308 till
1229 3243 1361 3308 ntrnnde
1383 3245 1506 3326 Her-lig,
1528 3255 1608 3330 sumt
1630 3243 1675 3304 till
1702 3244 1813 3330 mrtop
1834 3247 1931 3319 Nilei

139 3355 146 3366 ·
234 3329 238 3336 ’
262 3327 421 3391 Westerbs
443 3327 503 3388 oclt
526 3328 638 3389 Priora
662 3325 754 3387 lsrael
778 3330 785 3388 i
808 3325 945 3410 Sigluna.
1756 3347 1759 3355 ·

568 3479 571 3494 Ι
1607 3377 1609 3382 7
1721 3407 1798 3462 bu.
1872 3395 1875 3404 ⁴

115 3548 119 3556 '
240 3548 362 3640 Anno
389 3541 546 3652 dominj
574 3541 921 3625 M'CCC'tercio
953 3546 1003 3624 Jn
1033 3545 1209 3626 crastino
1229 3539 1647 3626 iaueucionis'sancte
1677 3533 1816 3638 crvcis,
1846 3543 1931 3624 Nos
2037 3610 2043 3616 .

127 3653 337 3736 Nrcontos
366 3653 430 3735 dei
461 3656 595 3761 gracia
626 3657 954 3766 archiepiscopus
992 3653 1232 3764 upsalensis,
1270 3658 1503 3764 aperuimus
1547 3683 1710 3764 presens
1740 3651 1932 3736 scrinium

130 3765 240 3846 beati
272 3767 380 3847 Eriei
411 3783 452 3846 et
483 3763 652 3854 vidimus
683 3767 738 3846 ibi
769 3782 893 3876 caput
922 3774 1013 3845 cum
1042 3767 1184 3845 ceteris
1214 3771 1397 3874 corporis
1428 3765 1633 3862 membra,
1663 3772 1803 3874 paucis
1827 3767 1931 3858 sorte

123 3871 179 3955 'et'
201 3879 365 3978 minutis
394 3876 602 3987 particulis
633 3893 802 3986 propter
833 3879 1134 3956 veneracionem
1166 3878 1351 3976 martiris
1379 3876 1473 3988 inde
1504 3877 1677 3986 demptis
1708 3879 1819 3984 prius
1841 3905 1933 3986 pre·

129 3988 237 4068 dicta
268 4003 401 4067 autem
432 4005 554 4097 capm
583 4003 624 4067 et
656 3988 843 4070 membra.
888 3989 1108 4094 composita
1139 4003 1180 4066 et
1209 4015 1388 4068 connexa
1429 3987 1587 4078 luerunt
1615 3989 1657 4068 in
1688 4013 1756 4068 sex
1785 3985 1933 4094 ligatu·

114 4091 187 4179 'ris
215 4101 301 4179 siue
338 4102 474 4179 massis
504 4100 618 4179 Hanc
647 4117 778 4179 antem
813 4098 954 4204 scrinij
983 4100 1239 4206 apercionem
1278 4116 1322 4178 et
1348 4098 1608 4209 reliquiarum
1634 4101 1932 4206 inspeocioaem
2005 4119 2007 4124 '

129 4212 299 4291 fecimus
326 4211 382 4290 oh
412 4211 646 4291 instanciam
678 4211 875 4317 magnifici
907 4209 1102 4320 principis
1131 4207 1286 4316 dominj
1315 4211 1422 4290 Eriri
1450 4207 1514 4288 dei
1545 4213 1678 4316 gracia
1701 4208 1815 4290 ducis
1843 4235 1932 4290 sue·
1989 4265 1994 4281 ι

129 4351 270 4417 orum,
298 4323 368 4402 filii
398 4325 503 4430 regis
530 4321 665 4428 Magni
695 4321 801 4402 bone
831 4322 1021 4401 memorie
1049 4317 1128 4401 Cui
1157 4319 1212 4399 ob
1249 4320 1432 4403 deuotam
1478 4323 1717 4428 peticionem
1747 4317 1957 4402 dedimus.

129 4431 184 4513 de
214 4432 406 4541 predictis
436 4433 508 4514 reli
542 4433 617 4539 uijs
650 4433 932 4529 sacrosanctis,
975 4431 1104 4512 silicet
1139 4432 1262 4512 eciam
1293 4435 1352 4512 tit.
1397 4431 1762 4526 venerabililratri
1793 4429 1933 4525 nostro

127 4541 297 4626 domino
327 4463 588 4625 Nicotaobei
617 4545 752 4652 gracia
782 4543 976 4653 episcopo
1005 4543 1215 4639 moslensi,
1259 4559 1300 4623 et
1337 4543 1452 4621 lratri
1482 4539 1620 4622 Jsraeli
1647 4544 1816 4639 Priori,
1856 4571 1933 4652 pro

59 4669 63 4673 '
127 4683 208 4735 suo
235 4674 440 4736 conuentu
470 4657 734 4763 sigtboniensi
772 4654 1019 4735 contulimus
1047 4652 1098 4734 de
1128 4653 1298 4749 eisdem,
1344 4654 1545 4761 premissis
1575 4670 1780 4762 presentes
1809 4655 1939 4736 inter4

127 4767 300 4847 suerunt
329 4783 451 4848 testes
478 4766 716 4874 subscripti,
754 4764 941 4847 videlicet
977 4762 1153 4870 domiui,
1197 4764 1381 4844 Olauuus
1409 4764 1716 4846 archidiaconus
1745 4763 1935 4872 Magister

94 4879 381 4969 ¹Laurencius
423 4876 474 4958 de
501 4875 729 4974 Waxbeld‚
769 4877 940 4978 nisurus,
992 4875 1161 4956 Matlrias
1204 4874 1392 4957 Nicolaus
1438 4874 1669 4957 scolasticus
1718 4879 1936 5048 eaponicus

134 5075 139 5080 ⁸
268 5003 315 5060 ευ,
334 5003 454 5076 apros.
472 5005 513 5056 rr.
1781 5007 1801 5046 ⁰
