4317 5975
794 498 854 540 a·
952 415 1044 583 ⁴39¹3
1157 480 1360 543 -·

113 697 283 779 discreto
311 690 595 776 vicedomino
624 697 919 802 patronatum
939 697 1112 779 'ecclesie
1141 692 1457 803 ringboberedbi
1491 693 1657 777 vendidi
1685 677 1787 777 duos
1811 694 1910 777 soli·
1960 796 1963 804 Δ

112 802 181 891 dos
209 836 301 889 cum
330 804 466 887 decem
510 807 685 907 denariis
726 826 853 904 terra,
883 808 925 887 iu
953 807 1268 917 albypcrocbie
1311 825 1537 903 estarnum,
1582 833 1705 888 vnum
1736 804 1909 889 solidum

90 950 195 1011 ‚cum
226 922 265 1000 X
294 918 472 999 denariis
500 935 606 999 terre
636 920 676 997 iu
706 917 857 1023 uorby,
887 920 928 998 in
958 919 1110 1014 riland,
1155 920 1327 1001 solidum
1364 947 1454 1001 cum
1485 916 1676 1013 dimidio,
1704 919 1746 999 in
1777 916 1910 999 karle·

111 1032 163 1139 by
193 1031 383 1140 parochie
409 1031 532 1138 dstby
560 1058 583 1109 a
612 1029 919 1136 garmsolidum
937 1058 1030 1113 cum
1046 1030 1215 1113 dimidio
1241 1034 1285 1113 in
1305 1029 1466 1137 sebya
1496 1059 1610 1137 garn,
1638 1029 1814 1139 qualiter
1843 1055 1909 1107 su·

110 1142 308 1252 prad-ictas
337 1138 465 1222 terras
492 1169 561 1223 seu
591 1143 860 1249 possessiones
888 1170 989 1231 cum
1010 1142 1198 1223 omnibus
1227 1140 1459 1249 attinencijs
1486 1138 1540 1245 ad
1570 1142 1677 1249 ipsas
1702 1140 1909 1249 pertinen·

108 1253 238 1353 tibus,
267 1283 288 1333 a
321 1280 381 1332 me
405 1252 540 1331 alieno
568 1270 608 1331 et
636 1254 765 1333 eidem
782 1252 948 1333 domino
980 1256 1023 1335 P.
1052 1252 1288 1362 supradicto
1310 1253 1533 1361 opproprio
1562 1267 1603 1331 et
1631 1252 1799 1359 asingno
1816 1276 1908 1359 per·
2025 1346 2037 1359 ·

108 1384 230 1477 petuo
260 1363 522 1474 possidendas
551 1363 796 1472 Jnsuperad
811 1367 999 1451 mitiorem
1025 1366 1088 1473 rei
1118 1365 1367 1457 euidenciam
1397 1379 1437 1445 et
1467 1364 1686 1471 pleniorem
1719 1360 1836 1443 fidem
1865 1376 1907 1443 et

107 1480 335 1572 certiorem,
365 1475 474 1555 dabo
502 1476 751 1580 actoritatem
780 1493 822 1555 et
850 1493 1090 1583 potestatem
1137 1475 1324 1571 liberam,
1354 1473 1511 1557 famulis
1548 1475 1663 1571 meis,
1705 1474 1906 1565 Gutstauo
1939 1538 1944 1545 ,

107 1602 147 1669 et
169 1590 322 1683 Ola‘uo,
354 1614 428 1667 nec
457 1614 538 1665 non
568 1604 609 1668 et
638 1586 845 1667 laurencio
872 1587 932 1681 'de
955 1587 1197 1669 finstadbum
1229 1588 1361 1669 vicino
1377 1613 1487 1682 meo,
1515 1604 1557 1665 vt
1584 1603 1806 1665 memorato
1831 1580 1905 1662 do·

108 1702 217 1780 ruino
246 1704 297 1792 P,
326 1699 521 1787 firmarios
569 1698 787 1805 vulgaliter
816 1698 946 1778 dictos
989 1699 1121 1795 fastae,
1151 1700 1313 1779 nomine
1354 1700 1452 1787 mei,
1481 1698 1697 1801 asingnant
1724 1698 1765 1786 in
1796 1714 1904 1781 oom-

107 1813 218 1890 muni
246 1810 398 1919 placito
427 1806 720 1903 suundberedi,
748 1826 790 1888 et
816 1807 928 1919 quod
960 1812 1035 1918 ipsi
1073 1810 1242 1892 fecerint
1271 1828 1310 1891 et
1338 1807 1617 1891 ordinaverint
1653 1834 1777 1914 super
1812 1832 1905 1912 pro·
1937 1854 1945 1875 ι

106 1923 251 2017 missis,
279 1936 409 2000 ratum
427 1936 466 2000 et
482 1920 637 1999 firmum
657 1920 787 2001 babeo
803 1919 1031 2000 nullatenus
1058 1918 1424 2016 contrauenlendo,
1452 1923 1628 2028 Jnsuper
1645 1920 1770 1999 eciam
1799 1914 1905 1997 idem
2011 1925 2018 1933 ’
2134 1964 2138 1971 -

107 2034 242 2113 famuli
272 2033 351 2112 mei
379 2039 418 2112 e't
447 2033 621 2125 vicinus,
650 2032 706 2129 G,
737 2034 792 2127 L,
821 2048 860 2112 et
889 2033 946 2127 O,
976 2034 1302 2140 inpinnbrabunt
1343 2028 1590 2139 sepedicto
1637 2046 1752 2138 petro
1781 2054 1905 2110 vnum
2022 2130 2026 2143 ι

103 2143 275 2225 solidum
304 2161 411 2233 terre
441 2144 480 2222 in
512 2142 610 2251 viby
639 2171 716 2252 pro
743 2139 903 2228 duabus
928 2142 1072 2223 Marcis
1101 2142 1260 2241 denan,
1291 2140 1386 2221 mibi
1410 2141 1443 2221 si
1465 2156 1617 2250 'potero
1645 2142 1686 2221 in
1717 2139 1905 2248 proximo

103 2256 208 2353 sesto
237 2254 345 2335 beati
376 2255 564 2335 mambini
594 2252 830 2336 redimendo
860 2258 1003 2335 Actum
1019 2269 1059 2333 et
1080 2252 1217 2335 datum
1235 2280 1344 2334 anno
1372 2252 1523 2335 domini
1552 2252 1811 2346 mcccutt,
1843 2248 1905 2329 XI

105 2364 182 2447 lral.
224 2366 316 2473 julij
371 2364 627 2475 presentibus
667 2364 881 2473 fidedignis
928 2362 1103 2445 dominis
1153 2365 1404 2473 presbiteris,
1453 2380 1569 2473 petro
1624 2366 1674 2449 de
1724 2360 1901 2467 husaby,

102 2475 309 2585 agmundo
336 2474 386 2557 de
415 2475 636 2573 bledalsaer,
664 2484 841 2583 ragneio
865 2473 916 2557 de
945 2475 1120 2572 lennum,
1150 2476 1263 2586 lajcis
1291 2474 1492 2557 forc'undo
1521 2473 1571 2557 de
1602 2472 1905 2570 bershamar,et

102 2604 222 2697 petro
250 2589 302 2670 de
330 2617 435 2697 vago
465 2588 724 2697 carpentario
750 2588 1018 2668 ecclesiarum.
1074 2585 1078 2593 “

430 2782 433 2794 .
518 2726 640 2813 sigillet
661 2726 822 2793 bortsallet
843 2729 914 2791 sidu
935 2727 995 2791 den
1017 2746 1055 2792 ur
1076 2729 1197 2792 brelvet
1219 2725 1340 2815 llippt‘a
1363 2738 1493 2791 retussa.

63 3145 272 3260 adora
548 3060 551 3070 Ι
620 3089 623 3097 .
700 3127 843 3234 1303
889 3127 938 3234 d.
988 3129 1059 3264 28
1106 3132 1276 3236 luni..

74 3375 77 3378 ·
184 3349 325 3428 Konuug-
343 3348 471 3412 uncam
490 3347 553 3410 och
574 3349 682 3430 llestig
705 3348 802 3413 Ensis
825 3349 902 3412 uret
927 3349 989 3412 neb
1023 3350 1194 3431 belalluing
1225 3351 1274 3412 till
1306 3349 1447 3434 Uplaods
1479 3345 1625 3411 insta-re
1657 3358 1702 3412 stt
1723 3346 1837 3428 atgitva
1859 3346 1899 3414 de

234 3435 455 3516 upplysningar
476 3453 540 3492 som
565 3433 667 3494 luade
700 3432 853 3494 inlordras
884 3433 921 3494 al
936 3432 1166 3516 delebislopeu
1194 3434 1275 3510 Nils,
1308 3435 1513 3516 Domprosten
1548 3431 1687 3493 Andreas
1719 3431 1777 3492 ocb
1816 3433 1900 3510 Lag-

234 3523 374 3575 msnneu‘
390 3513 497 3592 Birgen-
520 3515 658 3591 Perssou,
681 3511 859 3578 titillatam
882 3519 891 3576 i
913 3515 1058 3598 uppdrag
1078 3529 1121 3578 att
1144 3519 1312 3578 bestttmma
1336 3512 1441 3578 livilla
1464 3512 1539 3596 gods
1560 3514 1657 3577 borde
1679 3511 1793 3595 Koogl,
1810 3515 1899 3597 Majtt

231 3598 293 3660 ocb
315 3597 432 3658 lronau
453 3597 531 3658 eller
552 3596 766 3678 Hertigddmet
789 3599 970 3661 tilllomma.
1269 3605 1272 3614 “

1657 3677 1774 3734 sss

211 3795 412 3896 Briossus
438 3813 504 3894 dei
533 3815 668 3924 gracia
696 3841 899 3896 sweorum
927 3817 1240 3927 Gothorumque
1262 3817 1368 3910 Rex,
1396 3829 1438 3894 et
1467 3811 1615 3896 Emotis
1638 3812 1775 3893 eadem
1804 3841 1897 3918 gra·

89 3931 158 4012 cia
191 3927 276 4008 dux
305 3924 545 4021 eorundem,
588 3927 781 4005 Discretis
812 3927 909 4007 viris
938 3930 1137 4008 uniuersis
1167 3925 1398 4035 vplandiam
1428 3923 1764 4020 inhabitantibus,
1793 3923 1896 4003 Gra·
1988 3959 1991 3972 ·

90 4045 202 4122 ciam
231 4068 321 4119 cum
351 4038 492 4120 salute.
530 4039 731 4141 Quoniam
761 4035 931 4119 dubium
959 4037 1165 4150 quoddam
1204 4041 1374 4118 vertitur
1403 4047 1525 4144 super
1549 4029 1693 4130 bonis,
1743 4035 1896 4143 predijs
2003 4045 2021 4092 ι’
2143 4099 2145 4111 .

90 4171 137 4233 et
170 4149 489 4260 possessionibus
526 4151 695 4243 uostris,
738 4175 859 4256 penes
887 4179 959 4230 vos
988 4151 1094 4246 sitis,
1136 4178 1219 4260 quc
1247 4149 1374 4229 silicet
1403 4175 1572 4242 corone,
1617 4147 1681 4226 rel
1710 4173 1789 4255 que
1819 4147 1895 4225 du·

41 4293 46 4298 ·
90 4264 211 4347 cutui
240 4261 290 4341 de
320 4261 410 4368 jure
439 4258 612 4340 debeant
640 4262 811 4341 attinere
846 4261 1123 4370 Signilica'mus
1161 4261 1275 4341 vobis
1307 4287 1377 4371 per
1408 4275 1631 4367 presentes,
1674 4256 1785 4368 quod
1820 4257 1894 4362 nos

92 4374 323 4455 venerabili
358 4375 399 4452 in
427 4372 580 4462 cbristo
609 4374 720 4452 Patri
747 4373 923 4456 Domino
952 4373 1123 4457 Nicolao
1147 4373 1286 4456 diuina,
1315 4373 1575 4452 miseracione
1589 4363 1893 4477 archiepiscopo

88 4487 321 4595 vpsalensi,
351 4484 624 4593 Discretisque
653 4485 749 4564 viris
777 4485 973 4594 Magistro
1015 4483 1165 4566 andree
1195 4484 1403 4593 preposito
1446 4480 1614 4576 ibidem,
1643 4498 1684 4559 et
1717 4481 1893 4559 Domino
1928 4547 1932 4558 ,

88 4602 263 4704 birgero
293 4613 509 4706 paeterssou
526 4593 692 4703 legifero
708 4612 852 4693 vestro,
881 4596 1120 4703 consiliariis
1150 4591 1573 4701 nostris‘predilectis,
1604 4591 1892 4690 commisimus,

87 4727 139 4789 vt
171 4736 294 4816 super
331 4707 554 4814 premissis,
596 4707 904 4816 inquisicionem
933 4725 975 4787 et
1012 4705 1296 4786 discussionem
1328 4703 1502 4783 habeant
1532 4701 1776 4807 diligentem.
1812 4703 1893 4784 lla·
1960 4757 1964 4765 ·

86 4841 186 4904 tum
215 4836 256 4899 et
284 4819 442 4899 lirnmm
486 4812 690 4914 babituri,
716 4816 912 4929 quicquid
943 4845 1016 4926 per
1044 4819 1204 4898 eosdem
1248 4817 1432 4897 dominos
1462 4814 1512 4894 de
1542 4814 1731 4924 predictis
1775 4811 1891 4900 bonis

87 4930 252 5043 predijs
279 4950 320 5012 et
349 4931 665 5039 possessionibus
692 4957 862 5026 corone,
906 4931 968 5010 vel
1002 4926 1166 5028 ducatui
1210 4926 1334 5008 luerit
1377 4925 1673 5021 adiudicatum,
1703 4942 1743 5008 et
1770 4928 1892 5006 certis
2000 4925 2003 4932 '

79 5046 295 5129 limitibus
323 5041 581 5152 deputatum,
624 5024 811 5142 sulcares·
832 5061 873 5124 et
903 5036 1142 5120 mandantes
1167 5055 1209 5120 vt
1237 5065 1358 5146 super
1388 5037 1557 5134 veritate
1599 5035 1767 5122 dicenda
1800 5065 1892 5145 pre·
2001 5135 2004 5146 Ι
2089 5057 2091 5064 ’
