4317 5975
806 388 866 413 ..
975 347 1058 453 uc
1157 390 1227 416 ....

137 562 407 646 notitiarum
435 562 797 645 sanctimonialium
827 563 919 662 slro,
962 594 1039 675 pro
1074 567 1343 652 luminaribus
1375 564 1539 652 ecclesie
1581 591 1670 661 sue,
1703 558 1916 673 Ιιηιιιιιζῑιιι·

136 676 217 757 beat
241 674 289 756 ad
320 703 504 783 presens,
534 675 708 756 fidelium
738 674 926 783 subsidijs
951 679 1158 776 adiuuari,
1187 680 1290 775 Nos,
1320 679 1370 761 ad
1400 683 1623 788 tempium
1653 704 1777 783 opus,
1806 677 1915 783 ipsos

133 785 271 880 fideles,
300 785 814 893 remissiuisindulgencijs,
843 790 956 897 quasi
985 790 1171 871 illectiuis
1200 790 1442 901 quibusdam
1473 788 1648 899 premijs,
1677 788 1912 881 innitentes,
1996 843 1999 852 ι

131 896 314 981 Omnibus
343 926 436 979 vere
465 897 742 1007 penitentibus
770 913 811 977 et
839 898 1048 994 ourtfessis,
1076 903 1147 1010 qui
1169 904 1219 981 ad
1244 904 1319 983 hoc
1337 930 1495 982 manum
1516 898 1769 1009 porrexerint
1797 897 1911 978 adiu·

129 1002 274 1102 tricem,
303 1008 353 1089 de
382 1011 669 1118 omnipotentis
699 1009 764 1091 dei
795 1010 1065 1091 misericordia
1095 1029 1135 1091 et
1166 1012 1374 1093 beatorum
1398 1014 1505 1115 Petri
1534 1009 1720 1091 et.Pauli
1747 1023 1911 1115 aposto·

126 1121 243 1200 lorum
271 1118 677 1226 necnonLaureneij
705 1138 745 1200 et
773 1121 881 1201 Erici
907 1123 1120 1203 blartirum
1142 1124 1228 1203 eins
1260 1127 1497 1205 atrctoritate
1526 1122 1686 1217 confisi,
1724 1116 1909 1221 Qtradrv

122 1233 223 1341 ginta
251 1230 404 1331 dierum
435 1229 730 1337 indulgencies,
760 1230 810 1311 de
840 1233 1031 1315 iniunctis
1060 1236 1116 1314 eis
1145 1235 1400 1343 peniteneijs,
1431 1232 1740 1313 misericorditer
1763 1232 1805 1308 in
1835 1229 1908 1309 do·

122 1344 222 1422 mino
247 1342 506 1436 Relnxatnus,
569 1358 764 1422 rosentem
796 1361 927 1447 autem
959 1361 1137 1426 nostram
1167 1349 1360 1451 graciam,
1395 1360 1550 1424 tantum
1581 1338 1741 1423 extendi
1770 1356 1811 1419 et
1840 1366 1908 1421 va·

117 1454 195 1534 lere
223 1453 419 1547 u'olu'mus,
449 1456 491 1533 in
520 1453 954 1563 mendicaeionequam
983 1454 1033 1535 de
1062 1455 1151 1534 foca
1181 1456 1318 1536 feeerit
1341 1454 1684 1559 dietimonesterij
1715 1448 1906 1541 bedallus,
2044 1532 2047 1539 ,

111 1563 357 1644 stukholmis.
386 1568 427 1645 in
459 1566 649 1674 presenti.
699 1566 845 1644 Datum
874 1564 982 1676 apud
1011 1566 1255 1646 mansionem
1301 1584 1479 1649 nostram
1524 1564 1908 1657 A1·n5o.AnnoDo-

116 1677 218 1756 mini.
247 1675 321 1759 Μ’.
351 1677 486 1757 CCC&
516 1676 686 1780 Quarto.
717 1677 894 1763 Decimo.
925 1677 1003 1760 lral.
1032 1678 1140 1786 lulij.

47 1799 50 1918 l
409 1820 457 1883 At
474 1820 593 1899 sigillet
615 1819 711 1880 finnes
732 1828 775 1879 ett
797 1819 951 1900 fragment
973 1821 1013 1904 pt
1035 1820 1094 1882 den
1118 1842 1155 1883 ιιι·
1177 1820 1297 1883 brelret
1318 1822 1438 1905 llippta
1461 1840 1603 1881 remsam.

50 2327 57 2345 ‚
120 2184 284 2311 1431.
540 2342 548 2357 ·
764 2167 915 2315 130d
966 2184 1015 2289 d.
1061 2148 1252 2295 dtuli.
1671 2174 1905 2327 Firuryd.

189 2403 271 2465 Grau
291 2392 514 2463 Rmnm'ssms
547 2402 715 2485 Bytesbrel'
737 2406 775 2487 pt
798 2428 835 2468 en
858 2405 1008 2487 spi-dodel
1039 2406 1077 2466 ai
1106 2408 1168 2467 siue
1191 2404 1267 2488 gods
1288 2408 1297 2467 i
1318 2404 1449 2485 Elghult
1470 2403 1530 2468 och
1564 2399 1759 2485 blyltlehult,
1794 2398 1902 2461 tnttta

236 2488 354 2546 lemnes
375 2485 423 2545 till
444 2484 555 2545 Petrus
576 2482 713 2566 (liarrson
737 2501 803 2549 mot
825 2490 1010 2570 tredjedelen
1034 2491 1071 2549 af
1088 2488 1163 2551 bans
1185 2492 1260 2568 gods
1283 2492 1290 2549 i
1313 2488 1439 2569 Tinga,
1462 2486 1531 2549 med
1556 2484 1743 2549 ffirbindelse
1764 2494 1811 2543 stt
1833 2502 1904 2542 vara

232 2568 311 2629 hans
333 2566 547 2645 llemulsman,
569 2569 579 2629 i
601 2568 744 2630 hendelse
764 2572 802 2631 ai
817 2573 962 2648 klunder,
995 2585 1073 2634 samt
1094 2574 1127 2633 sd
1149 2573 1245 2656 iramt
1276 2572 1338 2635 hen
1369 2573 1396 2654 ej
1428 2570 1528 2637 skulle
1561 2569 1666 2631 luunt
1688 2565 1784 2629 stulta
1805 2566 1901 2627 andra

233 2649 311 2731 gods
331 2652 341 2711 i
364 2651 524 2731 vederlag,
546 2652 716 2714 dterlemua
738 2653 821 2717 lrvad
844 2654 905 2717 han
927 2659 1096 2737 emouagic
1582 2732 1599 2783 J
1624 2730 1649 2783 6·
1668 2731 1714 2799 ²4¹
1745 2746 1760 2784 v

186 2869 430 2963 Omnibus,
467 2866 517 2949 ad
562 2897 666 2978 quos
711 2898 883 2976 praesens
920 2872 1115 2979 scriptum
1164 2874 1365 2981 peruenit,
1408 2873 1607 2953 Knosos
1649 2868 1902 2949 Ricnnoss-

96 3006 196 3076 sort,
223 2980 392 3061 salutem
421 2979 463 3059 in
492 2981 671 3060 omniurn
699 2982 918 3078 saluatore,
946 2987 1090 3064 Omnia
1122 3013 1213 3094 quae
1240 3001 1417 3092 aguntur
1451 2986 1491 3064 in
1521 2999 1725 3089 tempore,
1753 2994 1901 3057 etcum

96 3111 281 3200 tempore
309 3108 404 3170 sunt
432 3109 689 3189 evanescant,
730 3093 863 3172 solent
906 3096 1138 3176 testimonio
1166 3114 1209 3176 ct
1236 3097 1379 3204 sigillis
1418 3093 1683 3176 discretorum
1713 3086 1764 3168 ad
1794 3090 1901 3167 nuti-

97 3207 197 3284 tiam
226 3201 374 3283 deduci
401 3218 669 3310 posterorum,
699 3202 858 3284 Idcirco
886 3220 1028 3284 tenore
1058 3210 1266 3314 praesentis
1295 3224 1435 3289 notum
1467 3205 1571 3284 facio
1601 3199 1900 3299 uniuersisme

94 3341 190 3396 cum
218 3317 340 3396 Petro
368 3326 553 3410 oarsson,
583 3312 733 3394 dilecto
762 3332 935 3422 cognato
970 3344 1058 3395 meo
1074 3319 1284 3412 Cambium
1313 3334 1355 3398 et
1382 3315 1748 3406 commutationem,
1777 3335 1901 3416 super

92 3424 342 3536 quibusdam
371 3425 517 3502 nostris
546 3425 728 3532 praedijs,
762 3428 840 3506 rite
867 3443 909 3508 et
938 3426 1120 3532 legaliter
1162 3429 1318 3525 fecisse,
1361 3425 1411 3507 dc
1441 3444 1671 3506 nostrorum
1701 3445 1898 3501 consensu

91 3551 137 3616 et
166 3535 423 3644 beneplacito
452 3552 737 3645 utrorumque,
781 3539 834 3616 ita
873 3536 1079 3635 videlicet,
1124 3538 1236 3649 quod
1265 3537 1314 3618 de
1342 3534 1574 3646 supradicto
1613 3539 1733 3617 Petro
1763 3531 1897 3636 recepi

88 3647 254 3728 tertiam
286 3645 712 3755 partempraediorum
743 3649 783 3726 in
814 3647 1047 3755 Tanggum,
1091 3678 1179 3729 curn
1210 3649 1399 3729 omnibus
1439 3648 1535 3743 sibi,
1579 3647 1683 3724 inira
1716 3669 1831 3751 sepes
1859 3657 1901 3719 et

86 3775 209 3840 extra
238 3755 611 3866 adiacentijs,-quae
640 3759 681 3834 in
710 3757 849 3840 eodem
876 3758 966 3841 loeo
983 3760 1233 3864 possidebat,
1261 3776 1301 3837 et
1329 3778 1513 3868 quartam
1535 3775 1688 3866 partem
1718 3754 1898 3833 omniurn

87 3897 186 3981 quae
215 3868 372 3976 possedi
403 3870 444 3948 in
475 3866 681 3974 Elgiahult
710 3884 751 3946 et
780 3867 1027 3973 Myklabult,
1057 3869 1161 3950 infra
1182 3897 1295 3978 sepes
1323 3865 1396 3979 (et)
1425 3885 1559 3964 extra,
1591 3880 1783 3975 perpetue
1804 3888 1895 3970 pos·
2103 3961 2106 3970 .

86 3979 318 4077 sitiendam,
346 3978 422 4058 sibi
452 3993 494 4056 et
522 3975 857 4058 suisbaeredibus
885 3981 1103 4088 assignaui,
1140 3967 1211 4060 teli
1240 3995 1373 4060 tamen
1402 3971 1636 4059 conditione
1665 3975 1894 4066 interiecta,
2031 4011 2037 4018 ·
2113 4043 2116 4076 Ι

87 4093 209 4202 quod
238 4094 271 4171 si
301 4089 492 4198 praedicta
522 4087 651 4184 bona,
680 4117 757 4197 pro
781 4087 985 4197 sepedicto
999 4093 1119 4171 Petro
1135 4093 1378 4200 contigerint
1393 4087 1671 4198 calumpniari,
1701 4086 1761 4164 vel
1792 4110 1895 4192 quo·

86 4230 260 4312 cunque
290 4201 410 4281 modo
439 4200 491 4280 ab
520 4200 658 4307 aliquo
688 4201 892 4309 impediri,
937 4229 998 4282 me
1041 4203 1119 4283 sibi
1160 4204 1532 4313 appropriatorem,
1575 4202 1645 4308 qui
1675 4195 1895 4303 vulgariter

84 4313 244 4398 dicitur
272 4311 571 4404 Hemulsemnn,
601 4310 739 4420 obligo
768 4341 841 4420 per
870 4330 1125 4421 praesentes·
1152 4316 1187 4394 si
1214 4334 1346 4400 autem
1392 4314 1496 4396 dicta
1542 4308 1689 4419 praedia
1729 4322 1895 4416 propter

83 4425 282 4554 aliquem.
300 4453 431 4507 casum
462 4421 640 4503 futurum
672 4427 970 4531 contingentem
999 4425 1077 4504 sibi
1106 4427 1372 4535 appropriare
1398 4453 1478 4505 non
1496 4421 1694 4502 suffecero
1724 4433 1769 4497 ut
1801 4445 1894 4526 pro·

78 4541 192 4645 πηῷ]
212 4537 455 4633 auctoritate
486 4537 690 4642 praesentis
720 4535 883 4616 liberam
927 4535 1076 4618 hebeat
1122 4555 1355 4645 potestatem
1394 4533 1619 4616 resumendi
1649 4549 1688 4611 et
1717 4526 1892 4638 habendi

80 4648 246 4758 praedia
274 4675 346 4743 sua
376 4673 466 4755 quae
496 4648 535 4724 in
567 4643 656 4724 loco
686 4648 799 4754 prius
828 4647 1059 4755 possederat
1088 4665 1324 4746 memorato,
1359 4649 1405 4725 ln
1435 4644 1548 4726 cuius
1578 4645 1633 4730 rei
1665 4642 1892 4727 roboratio-

79 4789 187 4847 nem
207 4776 257 4843 ‘et
284 4759 511 4848 firmitatem
539 4756 810 4848 Discretorutn
847 4757 1132 4852 Dominorum,
1175 4759 1311 4864 Magni
1340 4759 1576 4850 Karlssons,
1625 4751 1777 4862 legiferi
1808 4763 1891 4830 wai-

80 4871 323 4967 rendensis,
351 4885 392 4950 et
420 4852 643 4948 Thorcbilli
673 4866 983 4976 Eringislassons
1024 4867 1174 4976 sigilla,
1217 4897 1293 4952 vna
1331 4897 1420 4950 cum
1457 4867 1590 4974 sigillo
1620 4859 1787 4973 proprio
1817 4891 1890 4970 po·
