4317 5975
982 404 1041 435 ..
1149 357 1235 467 aas,
1343 302 1476 431 ...⁵

165 613 171 623 ¹
226 596 232 617 ”
293 586 448 689 bretun.
476 586 528 677 tn
557 591 655 665 vero
682 582 810 665 missis
836 580 1030 689 omnibus
1052 578 1154 698 vole
1176 578 1288 699 qupd
1306 577 1549 665 oblaciones.
1578 573 1639 659 de·
1658 576 1851 683 dictorum
1876 584 2031 684 bonorum
2102 590 2104 600 ’

292 691 522 787 redditibus
551 696 831 793 ministrentur
859 694 912 778 Et
933 690 992 775 'de
1020 690 1309 775 oblacionibus
1333 688 1575 773 huiusmodi.
1604 693 1746 773 vicarii
1774 693 1811 773 in
1838 696 1946 781 choro
1968 685 2033 789 lunss

291 808 411 894 deaei
429 804 669 917 percipiant
693 803 796 890 duas
822 830 927 889 oran
955 803 1156 917 reliquam
1187 830 1282 887 vero
1308 803 1426 885 inter
1465 804 1683 885 canonicos
1709 806 1781 915 qui
1807 808 1971 915 predictis
1992 821 2036 901 in·

190 944 235 967 ”
293 920 520 1003 terfuerint.
560 916 763 1028 equaliter
802 914 1023 1002 diuidatur.
1078 920 1184 1000 ltem
1216 910 1356 1001 eodem
1385 912 1452 995 'die
1483 932 1557 1025 per
1585 932 1710 999 totam
1752 917 1938 1003 ciuitatem
1973 928 2037 1011 luu-

163 1047 170 1061 “
207 1031 228 1048 ”
290 1029 460 1113 densent
486 1028 608 1111 debet
635 1029 902 1111 communiter
932 1056 1007 1138 pro
1035 1030 1265 1109 animamea
1281 1055 1372 1109 eum
1401 1026 1605 1136 campanis
1627 1028 1789 1135 pulsari.
1817 1033 1909 1113 item
1933 1038 2038 1122 eaden

292 1134 682 1251 ‹ttaf‘a‘xsaqniarum
709 1134 761 1223 de
787 1133 1237 1249 predictis'redditibus
1263 1137 1459 1230 fratribus
1488 1136 1812 1247 predicatoribus
1836 1164 1906 1223 vna
1933 1145 2038 1255 lagena

223 1347 228 1357 ¹
293 1246 499 1335 ceremsie
528 1252 654 1335 altera
682 1248 878 1344 fratribus
900 1252 1147 1337 minoribns..
1165 1251 1292 1339 tercia
1313 1251 1442 1331 sancti
1466 1252 1836 1361 patrimonialibus
1861 1246 2040 1343 ministren-

198 1441 201 1447 Α
294 1381 374 1447 tur'
394 1359 540 1474 Siquid
564 1391 663 1447 aero
704 1366 942 1445 remanserit
976 1362 1029 1449 de
1068 1356 1268 1448 dictorum
1313 1362 1515 1445 bonorum
1558 1359 1794 1445 redditibus.
1844 1370 2042 1475 pauperibus

296 1476 524 1559 scolaribus
549 1494 596 1556 et<
619 1476 707 1557 aliis
740 1474 902 1585 publice
931 1471 1266 1569 mendicantibus.
1299 1490 1508 1581 erogetur..
1534 1476 1710 1583 lmuper
1732 1475 1835 1556 volo.
1861 1476 1957 1586 quod
1983 1485 2043 1563 ani·

138 1619 141 1624 ¹
211 1636 217 1641 -
294 1579 440 1669 artabus
468 1589 595 1696 patris
622 1605 663 1667 et
691 1587 835 1672 matris·
856 1611 905 1667 sc
931 1582 1069 1669 dilecti
1097 1583 1305 1696 quondam
1327 1620 1331 1627 ·
1351 1587 1482 1666 mariti
1511 1588 1589 1667 mei
1617 1584 1771 1694 dominj
1799 1587 1995 1695 godmundi
2016 1597 2043 1673 in

296 1700 472 1808 singulis
494 1688 789 1791 anniuersariis]
808 1701 910 1779 meis·
931 1694 1012 1779 due
1039 1690 1202 1781 marche
1229 1698 1521 1779 ‘denariorum
1536 1695 1587 1791 de
1617 1696 1771 1779 fabrica
1799 1696 1981 1781 lundensis
2001 1732 2045 1784 ec·

296 1801 419 1893 clesie
446 1808 707 1920 deputentur.
743 1807 803 1902 ,ad
831 1805 1107 1893 offerendum·
1127 1802 1225 1890 ve'ro
1267 1804 1432 1892 dimidia
1474 1808 1648 1889 marcha.
1711 1811 1948 1919 Pauperibus
1984 1842 2045 1895 sco

182 1950 188 1961 ·
280 1923 458 2003 'laribus
483 1921 612 2002 scolas
640 1938 682 2003 et
705 1921 877 2029 chorum
903 1919 1282 2033 ⁴frequentantibus
1325 1920 1406 2003 due
1441 1945 1513 2001 ore
1541 1920 1628 2000 aliis
1658 1920 1900 2030 pauperibus
1925 1924 2046 2031 publica

297 2026 633 2123 mendicantibus.
656 2032 742 2113 due
768 2057 841 2116 ore
855 2022 1027 2115 Viearii's
1049 2054 1148 2115 vero
1175 2033 1249 2143 qui
1263 2032 1411 2140 vigiliis
1437 2048 1479 2113 et
1508 2034 1624 2113 misae
1639 2032 1895 2114 interfuerint
1913 2032 1979 2115 due
1998 2062 2047 2116 ore

301 2147 535 2255 largiantur,
564 2136 777 2271 Quidquid
805 2157 939 2256 autem
967 2144 1171 2254 residuum
1202 2136 1347 2225 fuerit.'
1367 2147 1474 2224 inter
1502 2145 1722 2225 canonicos
1764 2146 1850 2225 siue
1876 2145 2049 2227 residentes

295 2259 385 2365 siue
411 2280 497 2365 non
526 2254 600 2365 qur
630 2255 775 2363 vigiliis
805 2276 848 2338 et
873 2257 991 2337 misse
1019 2251 1289 2337 interfuerint
1317 2254 1515 2365 equaliter
1535 2254 1758 2336 diuidatur.
1786 2258 1887 2335 ‚item
1902 2258 2049 2363 ministris

167 2392 175 2409 ‘
296 2370 372 2481 qui
399 2365 466 2449 die
497 2394 571 2475 exe
617 2360 1053 2478 'iaruw‘tnniuersarii
1081 2368 1124 2453 in
1152 2368 1259 2449 turri
1286 2368 1453 2449 ecclesie
1481 2365 1675 2477 predicte.
1691 2386 1928 2475 campanas
1954 2368 2050 2475 puba-

295 2478 450 2562 nerins.
478 2504 552 2560 ora
573 2385 1214 2568 dinariorumftrlbuatur.item
1242 2478 1350 2559 uolo.
1379 2496 1424 2559 vt
1444 2480 1688 2591 quicunque
1717 2506 1795 2588 pro
1824 2495 1986 2589 tempore
2008 2504 2051 2557 or·

300 2590 555 2673 dinacionem
591 2590 794 2677 bonorum
835 2617 971 2672 mense
1008 2590 1235 2673 eommunis
1274 2590 1564 2671 canonicorum
1607 2590 1808 2673 babuerit.
1842 2586 1942 2673 dicta
1978 2592 2052 2672 bona

176 2759 179 2770 ,
301 2699 617 2811 iustaffnstorp
644 2715 689 2780 vt
718 2703 956 2812 premissum
984 2717 1064 2797 est.
1106 2700 1255 2783 habeat
1281 2698 1508 2787 ordinanda
1537 2702 1744 2785 Ceterum·
1771 2701 1957 2790 discretos
1980 2704 2053 2781 viros

210 2847 215 2855 ’
263 2894 268 2902 ,
301 2813 490 2897 dominos
517 2812 709 2894 andream
725 2817 989 2923 prepositum.
1017 2814 1240 2895 iohannem
1266 2812 1477 2894 decanum.
1506 2813 1684 2896 aslonem
1700 2830 1741 2894 et
1757 2834 1912 2923 petrum
1941 2812 2052 2896 dictun

300 2924 470 3008 holmbo
497 2925 716 3007 canonicos
744 2922 957 3009 lundenses
993 2926 1173 3006 omnium
1203 2950 1337 3006 rerum
1368 2952 1544 3007 mearum
1560 2925 1768 3008 mobilium
1799 2926 1871 3038 qui
1891 2941 1973 3036 post
1995 2920 2054 3004 obi

237 3095 245 3102 -
301 3054 391 3139 tum
418 3065 552 3118 meum
580 3038 624 3117 in
651 3039 772 3118 curia
793 3064 879 3118 mea
907 3055 1066 3148 reperte
1108 3036 1259 3149 fuerint
1286 3057 1534 3146 erogatores,
1574 3035 1871 3146 dispensatores
1896 3053 1935 3120 et
1958 3033 2055 3118 distri·

302 3149 472 3232 butores
499 3176 661 3230 exnunc
689 3147 795 3236 facio
821 3147 969 3230 ordino
993 3151 1268 3230 etseoustituo
1290 3147 1453 3228 uolens.
1498 3176 1548 3229 ne
1576 3152 1669 3260 quis
1698 3149 1891 3232 heredum
1919 3171 2055 3230 meoruu

293 3287 374 3359 ‚seu
403 3259 617 3369 quisquam
635 3258 751 3358 2nlius
777 3286 821 3340 se
848 3258 898 3342 de
927 3261 1025 3368 ipsis
1053 3259 1282 3370 aliqualiter
1310 3259 1550 3343 intromittat
1578 3257 1648 3342 sed
1676 3259 1754 3369 ipsi
1784 3289 1849 3344 res
1876 3261 1973 3342 meas
1994 3281 2056 3364 pre

305 3369 435 3452 dictas
464 3371 569 3452 inter
598 3369 811 3452 familiares
828 3398 959 3475 meos.
996 3391 1167 3480 erogent
1194 3368 1427 3479 dispensent
1455 3387 1497 3452 et
1520 3370 1784 3458 distribuant.
1822 3388 1941 3482 prout
1965 3372 1998 3450 in
2019 3381 2056 3444 te·

286 3499 506 3584 ,stamento
535 3508 625 3562 meo
651 3509 719 3562 seu
754 3481 892 3568 ultima
932 3482 1142 3564 voluntate
1188 3481 1309 3561 fuerit
1350 3480 1582 3564 ordinatum
1626 3484 1676 3562 Jn
1717 3511 1894 3593 quorum
1921 3479 2057 3563 omniun

303 3592 557 3680 euidenciam
583 3608 624 3677 ct
651 3593 934 3680 certitudinem
965 3593 1197 3703 pleniorem.
1223 3591 1355 3700 sigilla
1382 3591 1639 3678 dominorum
1656 3595 1815 3676 Nicolai
1847 3612 2058 3702 anagnussou.

306 3709 414 3816 petri
441 3707 620 3816 moeson
646 3703 869 3823 quondam*
897 3703 1077 3814 prefecti.
1119 3705 1226 3814 petri
1254 3701 1324 3786 lilii
1352 3705 1413 3793 .N.
1443 3705 1623 3813 prefecti.
1665 3705 1816 3788 andree
1843 3705 1894 3786 de
1921 3699 2053 3810 hoghby

293 3815 457 3904 andree
484 3813 585 3904 dieti
611 3844 741 3926 gagge
768 3815 953 3900 militum.
983 3817 1090 3926 petri
1119 3815 1284 3898 vffaeson
1321 3831 1363 3898 et
1391 3817 1537 3899 nicolai
1566 3833 1737 3900 tuneson
1768 3815 1820 3898 da
1850 3807 2061 3915 harabiargh

296 3955 634 4016 vunacumrneo·
651 3929 831 4037 proprio.
862 3929 1117 4037 presentibus
1142 3944 1239 4008 sunt
1267 3954 1455 4036 appensa.
1485 3932 1630 4010 Actum
1664 3946 1705 4009 et
1733 3927 1876 4010 datum
1905 3923 2018 4006 lundis
2035 3921 2062 3996 ia

2057 3710 2060 3721 ι

107 4023 114 4067 ²
212 4107 215 4115 .
303 4041 511 4124 communi
542 4040 692 4150 placito
718 4042 916 4122 scaniensi
934 4042 1066 4124 Anno
1092 4036 1247 4120 domini
1274 4039 1456 4122 M⁰CCC'
1474 4059 1648 4150 quarto.
1685 4039 1751 4122 die
1778 4039 1936 4161 sabbati
1951 4029 2063 4146 ¹proxi·

220 4157 230 4168 '
281 4143 370 4249 'ma
403 4170 498 4235 ante
524 4151 668 4235 festum
699 4150 806 4232 beati
835 4149 1030 4233 laurencii
1057 4152 1233 4236 martiris
1261 4149 1306 4264 Ἴ.
1373 4223 1378 4232 .

418 4293 633 4380 ofsersbtfl:
654 4292 754 4376 Super
775 4291 864 4356 bonis
882 4293 915 4354 io
935 4269 1138 4376 esumuorp
1157 4311 1216 4378 pro
1242 4291 1438 4356 aniuemriis
1462 4291 1587 4356 domim
1607 4293 1737 4377 johanne
1757 4306 1789 4361 et
1812 4293 1914 4356 mariti
1932 4293 1983 4355 ull.

366 4429 369 4437 .
999 4375 1118 4458 domini
1144 4375 1315 4458 gudmundi
1337 4375 1414 4436 litle.
1804 4407 1807 4412 .
1977 4415 1980 4422 ·

351 4563 378 4640 a)
399 4553 463 4622 vta
485 4557 580 4635 slutet
598 4558 638 4620 af
652 4557 775 4620 brefret
795 4557 935 4642 tilltgges
965 4557 1066 4620 denna
1087 4557 1308 4642 anmtrining:
1339 4557 1433 4628 Extat
1464 4557 1503 4625 de
1535 4557 1595 4626 bec
1627 4543 1729 4625 litteris
1762 4581 1858 4626 unum
1890 4555 1986 4622 vidisse
2001 4542 2063 4640 quod
2091 4599 2096 4610 .

367 4662 370 4666 ⁴
391 4661 520 4726 ysarnus
541 4640 790 4731 archiepiscopus
810 4641 848 4713 E
865 4645 933 4728 regi
954 4643 1108 4712 danum
1130 4642 1261 4714 miserit
