4317 5975
946 260 1042 433 ζίῄ-
1152 323 1233 420 640
1313 363 1398 429 ·-“.“““

89 578 93 591 ·
159 634 163 642 ,
198 569 202 582 “
288 573 346 652 ρο,
365 543 648 644 diuidendam,
677 548 780 626 Jtem
811 544 1035 653 presbitero
1063 545 1106 624 in
1135 547 1257 654 Aspu.
1285 542 1396 625 duas.
1425 539 1610 622 Marchas
1638 537 1775 623 denar.
1811 542 1963 626 Ecclesia
1985 550 2037 634 ibi·

158 746 164 756 ,
295 658 399 740 dem.
429 685 548 758 unam
579 658 782 738 Maicham
813 656 948 738 denar.
1006 657 1086 736 Pro
1114 651 1318 734 soluendis
1355 673 1486 733 autem
1518 649 1712 760 predictis
1755 653 1890 761 legatis
1924 658 2038 758 aliis,a
2110 725 2112 760 ,

294 768 492 860 fratribus
520 769 830 850 sictunicu'sibus
858 783 899 852 et
927 765 1180 878 quibuslibet
1208 766 1293 846 aliis
1322 762 1469 846 debitis
1499 765 1844 862 restitutionibus,
1870 784 1906 847 et
1933 770 1975 848 ad
2000 799 2041 853 st·
2110 767 2112 830 l

294 879 577 961 tissaeiendum
608 880 719 978 lesis,
750 880 856 990 siqui
883 880 1164 990 apparuerint,
1194 877 1349 985 deputo
1378 893 1418 955 et
1446 874 1586 982 obligo
1623 877 1775 956 curiam
1807 875 1921 976 dalbi
1944 881 1978 959 in
1998 911 2043 963 su·

288 990 560 1072 dhermannia
588 991 687 1072 dicti
716 994 841 1100 petri,
867 1009 909 1074 et
943 992 994 1073 de
1031 989 1120 1070 aliis
1157 989 1274 1070 bonis
1315 989 1397 1068 suis
1440 1003 1640 1096 quantum
1670 986 1794 1068 fuerit
1821 1015 1926 1096 opus.
1972 996 2043 1074 Acta

293 1119 391 1182 sunt
418 1101 491 1182 hec
520 1119 560 1183 et
587 1102 794 1211 puplicata
823 1105 865 1184 in
893 1102 1101 1212 sepultura
1129 1097 1228 1180 dicti
1257 1100 1388 1206 petri„
1416 1101 1535 1178 Anno
1564 1096 1730 1179 domiui.
1759 1099 1830 1180 ΜΟ.
1858 1101 1977 1182 CCC⁰.
1998 1105 2045 1185 de·

295 1215 412 1301 cimo.
440 1213 540 1294 feria
569 1216 725 1323 quinta.
749 1217 932 1322 proxima
956 1226 1048 1323 post
1078 1211 1223 1294 festum
1250 1210 1360 1290 beati,
1386 1207 1555 1305 andree,
1583 1209 1882 1290 Testesautem
1932 1213 2046 1297 uibuic

149 1354 153 1363 ·
294 1324 549 1410 ordinationi
568 1342 784 1441 ¹presentes
812 1328 989 1406 fuerunt.
1018 1343 1114 1404 sunt
1131 1322 1195 1400 bii.
1223 1322 1420 1402 Dominus
1442 1323 1586 1422 Petrus
1609 1242 2047 1429 Ragwaldson,lrarolus

286 1435 478 1541 telmon.
511 1435 702 1517 abraham
740 1436 1015 1530 thorstenson,
1051 1431 1288 1517 benedictus
1330 1429 1646 1538 sighurdhason,
1690 1419 1846 1513 Olauus
1873 1435 1920 1514 de
1944 1433 2049 1543 langu-

286 1546 437 1645 ¹thoru,
463 1548 714 1628 Laurencius
742 1548 942 1628 Cornhest
978 1547 1149 1640 Narwo,
1194 1544 1308 1652 siggo
1338 1541 1541 1636 b'raxator.
1586 1542 1830 1652 jngiwaldus
1858 1544 1905 1625 de
1944 1545 2049 1627 lunda·

207 1752 209 1755 ¹
287 1676 419 1756 stum,
448 1658 593 1768 etalii
627 1686 750 1767 quam
787 1659 953 1767 plurimi
986 1655 1192 1763 fidedigni.
1262 1659 1406 1736 Actum
1437 1671 1477 1735 et
1506 1655 1757 1764 puplicatum
1800 1657 1840 1734 in
1883 1659 2053 1764 sepultura

284 1795 379 1850 sua.
407 1771 528 1849 Anno
561 1786 603 1850 et
637 1767 701 1848 die
741 1768 993 1878 supradictis.
1057 1770 1110 1848 Jn
1146 1764 1272 1847 Cuius
1315 1767 1390 1846 Rei
1431 1767 1703 1846 testimonium
1747 1765 1917 1872 sigillum
1954 1795 2049 1849 meua
2110 1853 2111 1856 Ν

293 1881 506 1989 proprium
536 1879 790 1988 presentibus
817 1898 878 1961 est
905 1906 1140 1990 appensum.
1168 1893 1208 1957 et
1236 1877 1332 1989 quia
1371 1879 1459 1984 Ego
1497 1868 1622 1958 Elena
1662 1876 1840 1983 sigillum
1880 1881 2049 1987 proprium

292 2018 376 2083 non
407 1993 555 2088 habeo,
583 1991 759 2098 sigillum
787 1993 977 2100 Religiosi
1008 1990 1085 2104 viri
1114 1989 1250 2071 fratris
1292 1988 1447 2097 israelis
1475 1989 1622 2098 prioris
1656 1989 1895 2070 sictunensis
1926 2016 2050 2098 presen-

293 2101 404 2184 tibus
432 2129 522 2183 meo
550 2103 711 2190 nomine
738 2109 890 2215 apponi
919 2119 1027 2214 peto.
1139 2155 1148 2172 ,
1888 2131 1892 2142 ’
1945 2092 1950 2106 ’

985 2243 1119 2328 sigilles
1140 2241 1238 2326 negot
1251 2194 1404 2310 ¹skatdude.
2110 2119 2112 2210 l

305 2645 468 2788 1:⁷05·
960 2568 1499 2760 1310d.28s1)ee.
1588 2582 1591 2591 Ι
1766 2685 1775 2696 ·
1836 2637 2053 2789 Hessleby.
2110 2749 2111 2792 j

377 2831 482 2898 Parsa
503 2835 648 2899 lonssoss·
664 2833 725 2896 oob
746 2831 823 2896 bans
844 2833 961 2897 bustru
981 2831 1130 2910 Sestridt,
1153 2853 1194 2895 m.
1216 2831 1248 2894 fl.
1269 2831 1516 2912 medarlriugars
1529 2826 1757 2910 medgilrande,
1769 2838 1818 2891 att
1839 2829 2055 2910 derasslagtirgt,

417 2919 568 3062 llblophen
591 2939 602 2977 ι
623 2917 903 3019 Linldpingssarl,
923 2915 1000 3017 egde
1020 2925 1079 2995 att,
1102 2922 1176 2977 utun
1199 2915 1291 3013 derne
1307 2914 1447 2992 klander,
1467 2915 1547 2974 aller
1568 2911 1671 2994 bebag
1689 2911 1969 2991 anordnaomsina
1982 2911 2055 2972 lider-

418 3022 458 3064 ue
477 3022 516 3063 oc
561 3003 721 3064 modernes
742 3002 923 3085 lattrgheter
950 3023 961 3061 t
985 3000 1097 3062 Hwem
1127 2999 1188 3062 och
1219 2998 1393 3083 Linderyds
1423 2997 1564 3075 soeknar,
1597 2995 1691 3060 aeden
1723 2994 1786 3059 bau
1822 2998 1860 3059 dt
1890 2997 1958 3061 dem
1984 2994 2057 3057 alstltt
2110 3048 2111 3051 ,

417 3094 516 3147 reaten
537 3086 574 3147 al
591 3087 656 3147 rina
677 3084 761 3167 gods.
1799 3122 1803 3136 .

1842 3161 1878 3218 Α.
1897 3180 1921 3235 7.
1936 3180 1959 3217 a.

404 3270 607 3352 Omnibus
636 3296 801 3379 presens
828 3269 1025 3379 scriptum
1057 3268 1335 3363 cernentibus,
1365 3252 1524 3347 Partus
1547 3286 1650 3348 toott
1677 3288 1776 3365 sort,
1804 3284 1851 3349 et
1883 3292 1978 3347 vxor
2008 3288 2056 3349 su

126 3468 131 3475 ,
294 3380 518 3479 Sasrntots,
554 3382 796 3463 Nrcsotsus
824 3400 866 3462 et
894 3406 999 3462 uxor
1025 3408 1100 3459 sua
1128 3402 1305 3475 eremis,
1335 3378 1663 3459 Maneansrset
1690 3376 1798 3457 lilius
1832 3405 1931 3460 suus
1965 3377 2057 3456 Bam·

188 3566 194 3578 ,
292 3516 457 3589 uterus,
487 3496 540 3574 Et
567 3494 781 3573 Carssrms
809 3492 960 3572 Relicta
997 3490 1167 3601 haquinj
1196 3489 1351 3597 birghae
1378 3516 1474 3585 son,
1503 3486 1681 3570 Salutem
1709 3490 1751 3569 in
1789 3486 1958 3570 domino
1987 3512 2056 3567 seu

254 3662 259 3672 .
288 3605 514 3713 pimenem,
542 3604 648 3705 Quia
681 3602 923 3683 uenerabilis
950 3620 1089 3711 pater,
1117 3618 1158 3681 et
1186 3598 1375 3681 dominus
1411 3615 1567 3697 noster,
1594 3600 1795 3681 Dominus
1837 3600 1994 3682 karolus
2016 3594 2057 3689 dci

293 3716 429 3822 gracia
459 3715 686 3823 Episcopus
713 3715 998 3822 Lincopensis,
1024 3710 1188 3820 speciali
1219 3739 1291 3792 nos
1318 3712 1549 3792 Dileceione
1570 3736 1835 3822 prosequens,
1867 3728 1909 3794 et
1936 3705 2059 3820 pietatis

293 3824 446 3907 aflectu
489 3826 753 3933 amplectens,
796 3826 929 3904 omnia
973 3826 1078 3905 bona
1121 3850 1217 3920 sua,
1262 3850 1342 3933 que
1371 3820 1423 3901 ad
1460 3824 1591 3931 ipsum
1633 3848 1683 3903 ex
1726 3826 1977 3905 successione
2011 3844 2058 3926 pt·

290 3954 408 4017 terna
437 3951 479 4019 et
507 3952 707 4032 materna,
741 3935 832 4043 jure
859 3934 1107 4016 hereditario
1149 3953 1244 4014 sunt
1286 3934 1500 4027 deuolute,
1543 3932 1620 4014 hiis
1660 3960 1748 4043 que
1787 3934 1832 4013 in
1879 3930 2059 4044 parochiis,

292 4046 436 4129 bwaem
461 4062 503 4127 et
532 4047 752 4146 liuderuth
780 4046 913 4127 habet.
944 4046 1154 4129 dumtaxat
1183 4046 1379 4152 exceptis,
1422 4044 1540 4125 nobis
1581 4061 1623 4125 et
1664 4043 1890 4126 heredibus
1930 4040 2060 4124 nosstris

239 4168 248 4184 ⁸
293 4188 365 4241 sue
394 4159 645 4241 liberalitatis
673 4160 829 4266 gracia,
856 4159 1153 4266 assignauerat‚
1181 4156 1271 4264 jure
1302 4171 1502 4265 perpetuo
1524 4153 1780 4263 possidenda.
1820 4158 1910 4237 Nos
1930 4176 2060 4237 consm-

183 4294 189 4303 ·
294 4300 382 4354 sum
427 4290 628 4367 nostrum,
672 4270 1019 4365 beneuolenciam,
1040 4285 1103 4349 et
1137 4266 1316 4347 fauorem
1361 4265 1619 4363 adhibemus,
1662 4283 1708 4347 ut
1743 4264 1794 4347 de
1838 4266 1976 4363 bonis,
2005 4284 2061 4373 qut

293 4384 335 4465 in
366 4381 485 4463 dictis
513 4382 737 4489 parrochiis
765 4384 905 4463 hwaem
934 4399 974 4461 et
1002 4377 1252 4480 lindtaruth,
1282 4378 1459 4474 obtinet,
1488 4405 1565 4487 pro
1591 4374 1720 4458 salute
1747 4380 1885 4459 anime
1911 4404 1995 4471 sue,
2015 4398 2061 4452 or·

295 4496 438 4575 dinare
465 4495 617 4591 valeat,
647 4492 695 4573 ad
725 4493 985 4574 sue-libitum
1031 4492 1272 4583 voluntatis,
1315 4488 1503 4597 adempta
1545 4488 1663 4569 nobis
1690 4507 1731 4571 et
1758 4488 2062 4571 heredibusno

204 4622 207 4624 *
284 4608 389 4687 stris
424 4605 623 4687 ¹facultate
666 4606 773 4687 dicta
816 4606 924 4687 bona
966 4630 1137 4715 quoquo
1179 4600 1308 4684 modo
1344 4598 1597 4711 inpediendi,
1639 4598 1705 4679 uel
1745 4598 1980 4682 Reuocandi
2013 4620 2062 4675 seu

297 4717 619 4801 contrafactum
650 4718 918 4814 nostrum,·in
951 4717 1027 4796 hae
1069 4732 1186 4823 parte
1215 4712 1448 4823 aliqualiter
1490 4707 1694 4806 veniendi,
1738 4709 1802 4793 Ad
1833 4710 2062 4792 Euidenciau

296 4830 423 4939 igitur
451 4831 756 4939 premissorum,
783 4826 922 4935 Sigilla
949 4842 1088 4907 nostra
1105 4854 1194 4908 nos
1223 4826 1296 4937 qui
1324 4824 1535 4919 babemus,
1571 4850 1650 4903 rna
1686 4848 1778 4903 eum
1820 4821 1961 4933 sigillis
1991 4842 2063 4900 con·

296 4940 610 5053 sanguineorum
639 4958 893 5038 nostrorum,
943 4935 1199 5025 dominorum
1235 4933 1419 5020 thorltilli
1459 4932 1612 5047 dyacn,
1629 4982 1639 5012 ·.
1653 4930 1855 5017 bolmuidi
1895 4930 1975 5015 elel
1987 4952 2062 5021 sou,
