4317 5975
964 456 1354 553 -as-

326 686 330 695 '
369 672 438 756 Ob
465 690 629 755 tuorum
661 673 860 784 carissime
888 676 932 757 in
960 674 1125 755 Christo
1152 674 1211 756 fili
1245 654 1332 781 Rex
1368 671 1643 757 excellentiam
1677 670 1932 770 meritorum,
1966 672 2061 783 qui·

258 781 526 895 busIRegalis
547 784 769 881 sublimitas
797 790 980 867 noscit-ur
1007 787 1199 892 insignita
1229 786 1404 868 libenter
1446 784 1514 865 illa
1557 786 1634 864 tibi
1674 785 1945 879 concedimus,
1989 802 2069 893 pet‘

258 896 351 1005 que'
367 895 504 977 Status
532 897 685 1003 ¹Regius
714 895 911 978 submotis
939 897 1208 1008 quibuslibet,
1237 926 1318 1008 que
1362 911 1534 1007 possunt
1578 894 1870 977 dissensionum
1889 905 1893 916 '
1912 893 2064 975 allerre

257 1009 463 1087 materiam
491 1024 581 1089 tran
615 1002 711 1104 uitia
735 1009 851 1116 'pacis
878 1010 1099 1091 munimine
1126 1008 1329 1091 fulciatur.
1385 1008 1490 1089 Sane
1518 1006 1623 1090 lecta
1650 1034 1787 1089 coram
1822 1006 1951 1089 Nobis
1992 1021 2067 1087 tua

257 1036 683 1308 pztitiocontindbat,
712 1118 825 1229 quod
854 1119 1008 1202 dudum
1038 1121 1145 1202 inter
1173 1137 1225 1219 te,
1253 1138 1295 1202 et
1323 1119 1431 1201 clare
1460 1146 1582 1200 mem·
1604 1119 1768 1200 Ericum
1782 1120 1931 1229 Regem
1948 1116 2067 1198 DatIc

292 1227 517 1309 ''sensionis
543 1230 712 1311 materia
737 1235 943 1329 suscitata,
972 1249 1018 1313 tu
1046 1230 1265 1331 intellecto,
1324 1231 1406 1313 uod
1434 1229 1566 1321 dictus
1594 1231 1680 1312 Rex
1708 1230 1898 1312 Nobilem
1927 1231 2064 1311 virum

256 1333 485 1423 Gerardum
515 1342 710 1422 Comitem
734 1341 950 1424 Holdsacie
978 1361 1188 1453 potentem
1217 1262 1384 1456 quidem
1412 1343 1579 1432 viribus,
1608 1358 1651 1423 et
1678 1342 1808 1423 eidem
1836 1342 1939 1449 Regi
1966 1340 2067 1423 vici·

256 1476 357 1531 num
400 1451 592 1533 adversus
631 1469 673 1532 te
717 1452 943 1537 adiutorem
985 1455 1136 1537 habere
1167 1458 1418 1565 precipuum
1459 1454 1668 1535 nitebatur
1713 1452 1763 1535 ad
1794 1450 2067 1561 dispendium,

258 1560 373 1671 quod
401 1562 548 1675 exinde
577 1563 654 1646 tibi
681 1580 721 1645 et
749 1564 892 1675 Regno
920 1584 993 1646 tuo
1022 1570 1238 1676 provenire
1273 1582 1436 1674 poterat
1475 1562 1711 1649 evitandum
1752 1557 1933 1645 nobilem
1976 1590 2067 1643 mu-

260 1672 413 1769 lierem,
443 1673 650 1785 Heluigim
678 1676 852 1785 predicti
880 1678 1046 1759 Comitis
1074 1678 1197 1759 liliam
1225 1678 1301 1760 tibi
1330 1706 1404 1789 per
1444 1676 1572 1758 verba
1613 1672 1666 1758 de
1706 1675 1884 1785 presenti
1927 1674 2067 1755 matri·

149 1788 152 1797 '
260 1784 492 1884 monialiter
519 1815 568 1868 co
600 1786 739 1887 ulasti,
767 1805 809 1872 et
837 1790 990 1871 carnali
1019 1790 1167 1899 copula
1196 1792 1410 1874 subsecuta
1437 1787 1594 1899 prolem
1623 1816 1674 1870 ex
1705 1790 1794 1896 ipso
1809 1785 2068 1867 matrimonio

238 1889 491 2006 ,prolatanti
548 1819 700 1985 §lerum
729 1902 825 2011 quia
853 1888 958 1987 sicut
985 1902 1175 1983 asseritur
1195 1918 1242 1983 tu
1269 1902 1356 1983 Rea¹
1384 1918 1478 1983 ante
1506 1916 1757 1982 contractum
1786 1898 1885 1980 dicti
1925 1888 2069 1979 matri·

259 2008 387 2089 monii
414 2034 507 2105 cum
534 2010 665 2119 nobili
692 2011 853 2095 mulieri
881 2012 1033 2125 Sophia
1061 2012 1244 2125 predicte
1273 2012 1437 2123 Heluigi
1465 2027 1617 2123 quarto
1657 2008 1788 2117 gradu
1823 2012 2069 2203 consangui-

257 2120 399 2203 nitatis
428 2122 661 2205 coniuneta·
687 2152 762 2233 per
803 2124 928 2207 verba
969 2126 1022 2209 de
1062 2127 1203 2208 futuro
1245 2126 1448 2235 sponsalia
1479 2123 1752 2225 contraxisti,
1794 2137 2069 2232 etquenam

259 2230 378 2313 aliam
398 2232 554 2346 'eodem'
577 2238 941 2346 consanguinitatis
983 2237 1112 2347 gradu
1152 2238 1310 2349 prefate
1352 2234 1517 2344 Heluigi
1557 2236 1795 2316 attinentem
1837 2232 2070 2331 carnaliter,

260 2360 308 2424 ut
335 2346 477 2424 asseris
505 2342 745 2456 cognovisti,
785 2348 900 2459 quod
949 2348 1056 2433 dicta
1098 2350 1281 2458 Heluigis
1322 2366 1503 2457 tempore
1545 2347 1746 2427 contracti
1787 2341 1888 2426 dicti
1928 2348 2070 2427 matri·

259 2454 388 2535 monii
415 2452 579 2564 penitus
607 2454 835 2570 ignorabat,
869 2479 910 2542 et
948 2457 1094 2558 adhuc,
1136 2477 1261 2571 prout
1303 2460 1435 2541 fertur
1473 2456 1548 2539 ab·
1569 2458 1658 2538 aliis
1692 2460 1905 2567 ignoratur
1947 2455 2069 2540 nobis

257 2564 466 2683 humiliter
494 2571 745 2681 supplicasti,
772 2589 821 2653 ut
849 2599 941 2661 cum
966 2599 1017 2657 ex
1045 2574 1298 2683 separatione
1327 2570 1476 2683 prelati
1503 2570 1763 2667 matrimonii,
1790 2570 1825 2648 si
1854 2595 1943 2648 eam
1969 2594 2069 2651 cou-

259 2678 447 2787 tingeret'
466 2681 551 2762 lieri
579 2684 720 2791 gravia
748 2701 916 2794 possent
943 2684 1134 2767 scandala
1161 2685 1352 2780 suboriri,
1380 2712 1431 2765 ex
1472 2683 1622 2793 quibus
1664 2698 1819 2790 strages
1856 2680 2070 2763 hominum

260 2784 520 2875 Perturbatio
548 2796 800 2909 principum,
825 2823 877 2877 ac
902 2798 1031 2879 totius
1062 2798 1195 2907 Regni
1221 2798 1357 2879 Suetie
1397 2793 1624 2876 universale
1665 2788 1926 2923 dispendium
1971 2792 2080 2873 alia··

260 2926 344 3014 que
370 2903 558 3020 pericula
581 2907 849 3004 imminerent,
897 2909 1113 3020 providere
1155 2908 1247 3006 tibi,
1275 2924 1324 2993 et.
1361 2907 1545 3018 predicte
1579 2902 1742 3016 Heluigr
1772 2906 1901 2988 onri
1928 2921 1998 2986 tue
2025 2905 2069 2988 in

257 3011 337 3096 bac
366 3013 563 3122 pertede
591 3015 903 3124 dispensationis
931 3021 1127 3099 beneficio
1154 3018 1427 3128 dignaremur.
1485 3020 1573 3099 Nos
1600 3020 1737 3129 itaque
1778 3016 1961 3097 volentes
2002 3043 2071 3097 ve-

259 3139 344 3206 stre
371 3151 494 3233 super
521 3125 600 3205 boc
629 3125 845 3234 providere
873 3128 1090 3225 saluti,·ae
1116 3127 1348 3211 huiusmodi
1383 3127 1594 3225 scandalis,
1630 3145 1672 3209 et
1706 3129 1895 3238 periculis
1932 3143 2070 3236 pater·

227 3293 229 3300 ,
260 3261 316 3314 na
342 3232 554 3342 diligentia
583 3235 763 3332 obviare,
789 3237 999 3320 uobiscum
1027 3244 1270 3323 auctoritate
1298 3241 1523 3349 apostoliea
1550 3240 1841 3349 dispensamus,
1868 3259 1914 3322 ut
1941 3239 2071 3349 impe·

260 3344 443 3430 dimento
472 3346 636 3456 publice
664 3348 886 3431 honestatis
906 3352 1068 3449 iustitie,
1096 3370 1137 3432 et
1165 3352 1373 3433 affinitatis
1400 3351 1642 3433 huiusmodi.
1670 3352 1784 3464 quod
1812 3381 1863 3433 ex
1877 3352 1968 3449 biis,
1985 3379 2069 3462 que

261 3459 449 3565 superius
475 3458 586 3540 'dicta
613 3479 708 3541 sunt
737 3463 925 3568 provenit
953 3493 1037 3545 non
1063 3464 1252 3545 obstante
1278 3465 1442 3574 possitis
1480 3464 1521 3544 in
1557 3461 1700 3546 eodem
1736 3464 1992 3544 matrimonio
2021 3463 2072 3545 li·

261 3567 342 3649 cite
371 3597 607 3678 permanere
644 3571 800 3682 prolem
828 3589 1001 3655 vestram
1034 3593 1281 3686 susceptam,
1324 3593 1366 3656 et
1407 3574 1702 3683 suscipiendam
1742 3576 1959 3684 legitimam
2000 3573 2083 3657 de«

261 3697 484 3772 cernentes.
541 3681 654 3762 Nulli
682 3710 783 3791 ergo
812 3689 874 3764 &c
902 3685 1007 3766 hanc
1035 3690 1224 3796 paginam
1252 3704 1390 3768 nostre
1433 3686 1743 3796 dispensationis
1788 3704 1830 3768 et
1872 3687 2070 3769 constitu·

259 3791 386 3874 tionis
414 3790 633 3903 infringere
663 3801 725 3876 &c
741 3795 797 3919 ,Si
824 3797 915 3912 quis
944 3815 1078 3879 autem
1108 3806 1182 3884 &c
1212 3799 1456 3881 Dat-Reate
1470 3797 1551 3880 XII
1566 3797 1644 3881 kal.
1660 3799 1774 3911 Junij
1789 3803 1910 3911 Anno
1923 3799 2070 3886 Primo.
2136 3815 2143 3822 '

176 4227 400 4450 ¹963.
526 4434 528 4443 Α
769 4335 771 4343 ·
917 4307 1426 4420 mandatust.
1851 4308 2070 4420 'Arno

345 4525 482 4590 Utvalde
502 4493 753 4614 lale-Blslopen
774 4529 785 4590 i
804 4527 923 4612 Upsala
946 4531 1076 4594 Macros
1099 4476 1226 4592 Bossons
1246 4533 1409 4599 aflanbrel
1424 4473 1475 4599 lar
1495 4533 1583 4615 dem,
1604 4552 1672 4597 torn
1693 4531 1811 4598 besb‘ka
1835 4488 1966 4615 Sigtuna
1990 4533 2066 4598 klo-

393 4621 468 4692 ster,
489 4612 551 4675 ocb
573 4610 758 4676 etedlltstelse
778 4613 820 4698 pd
841 4611 923 4673 bvud
945 4612 1292 4699 lydbisloparuegilvit.

1753 4697 1933 4756 Aba&

370 4827 548 4912 monus
576 4827 642 4910 dei
670 4817 806 4940 gracia
846 4829 1064 4937 upsalensis
1093 4831 1259 4915 ecclesie
1296 4831 1449 4915 electus
1491 4849 1772 4929 consecratus,
1813 4827 1981 4924 Dilectis
2021 4829 2069 4912 in

144 4987 148 4998 .
230 4939 528 5070 ucbristalilijs
557 5001 567 5024 .
599 5003 609 5026 .
639 4940 829 5053 priori&
856 4955 898 5024 et
927 4939 1124 5028 fratribus
1150 4944 1306 5031 ordinis
1332 4943 1637 5058 predicatorum
1663 4944 1709 5026 in
1744 4959 1951 5072 conuentp
1984 4938 2071 5022 sik·

1765 5099 1771 5108 ·
1848 5069 2010 5135 tomen·
2101 5127 2109 5136 .
