4317 5975
917 414 1031 499 ἰ·-
1140 432 1221 527 ard
1330 463 1480 497 -·

282 656 472 739 auunculi
503 656 579 734 mei
609 650 764 760 ‹lominj
793 650 854 733 .Μ.
885 652 1063 759 loanson
1092 651 1265 787 predicti
1291 652 1549 760 contingunt,
1577 660 1616 734 8‹
1647 677 1722 763 pro
1749 652 2062 766 solucione'catc·

281 794 419 847 rorum
450 767 626 845 omnium
658 764 888 846 debitorum
919 791 1098 848 meorum
1129 762 1289 872 deputo·
1304 760 1343 843 &
1358 764 1498 871 obligo
1520 761 1810 864 bialmaeridh.
1832 767 1874 846 in
1895 768 2062 867 widboo,

280 884 320 959 &
351 876 624 957 molendinum
649 880 693 955 8ι
721 892 861 954 omenes
886 874 1057 957 oblouos
1075 872 1368 976 muosibidem
1396 876 1570 957 subha'e
1588 876 1738 970 lorum,
1765 876 1879 985 quod
1906 878 2063 962 heredes

281 990 359 1069 mei
387 1002 479 1067 aute
508 985 756 1067 solrrcionem
787 985 1005 1093 plenariam
1038 985 1312 1097 predictorum
1356 985 1588 1067 debitorum
1618 987 1800 1068 bonaso
1833 986 1982 1069 radium
2011 995 2063 1071 in·

280 1116 389 1179 trare
419 1097 479 1177 uel
508 1096 624 1178 adire
654 1124 735 1179 uon
765 1096 938 1192 valeant,
969 1098 1032 1179 uel
1060 1098 1201 1207 aliquo
1230 1094 1352 1177 modo
1379 1124 1602 1207 eracapere,
1625 1116 1672 1181 et
1700 1100 1778 1204 uisi
1804 1017 1970 1180 beredrs
1995 1106 2063 1183 mei

280 1205 569 1317 esequtoribus
590 1211 695 1291 meis
725 1204 828 1289 infra
860 1236 1012 1292 annum
1037 1200 1285 1294 sullicienter
1314 1204 1566 1310 tradiderint
1595 1205 1701 1293 undu
1760 1206 1913 1293 redicta
1940 1210 2064 1294 debita

279 1316 433 1427 integre
462 1318 547 1399 sine
575 1315 772 1402 dilacione
802 1314 1114 1426 persoluentur,
1154 1337 1304 1405 extunc
1340 1318 1478 1427 elapso
1527 1348 1684 1411 aunoa
1742 1322 1778 1401 ie
1819 1318 1956 1406 obitus
1996 1328 2063 1406 urei
2124 1364 2127 1369 ·

153 1446 157 1451 '
278 1458 354 1516 ste
383 1448 518 1511 utores
549 1428 638 1511 mei.
655 1427 874 1540 plenariam
915 1429 1092 1511 habeant
1135 1446 1372 1539 potestatem
1416 1428 1596 1537 predicta
1633 1428 1739 1511 bona
1766 1426 1977 1525 ,alienandi
2001 1462 2064 1518 seu

278 1458 464 1653 quoslibet
494 1534 612 1619 modo
647 1558 770 1651 prout
799 1542 855 1635 eis
883 1538 1088 1624 uidebitur
1115 1538 1373 1655 disponendi,
1402 1539 1894 1642 Ecclesiesirmboetunum
1923 1571 2063 1653 prom·

278 1650 492 1735 stituoione
520 1678 642 1763 quam
671 1652 749 1733 sibi
778 1652 910 1733 facere
939 1670 1080 1733 teneor
1108 1652 1224 1735 soluo
1247 1651 1452 1737 dimidiam
1482 1682 1675 1747 marcam,
1712 1671 1840 1753 terre,
1869 1655 1911 1736 in
1939 1652 2063 1767 Thig-

249 1762 380 1860 bili.
408 1765 496 1843 iure
526 1760 1035 1871 perpetuopossidendam.
1065 1765 1117 1845 ln
1148 1764 1313 1848 ecclesia
1342 1762 1543 1875 upsalensi
1572 1766 1606 1845 si
1634 1792 1696 1845 me
1725 1764 1767 1845 in
1797 1765 1884 1873 ipsa
1913 1766 2065 1849 ciuitate

278 1874 381 1971 mori
410 1872 627 1980 contigerit
656 1872 776 1977 michi
805 1874 910 1984 eligo
938 1876 1206 1985 sepulturam,
1242 1872 1283 1955 Si
1320 1893 1453 1967 autem
1482 1870 1570 1978 alio
1592 1872 1684 1964 loco
1711 1874 1940 1972 decessero,
1982 1875 2063 1960 uolo
2148 1975 2149 1978 p

278 1982 389 2093 apud
420 1976 562 2065 iratres
592 1986 866 2095 predicatores
894 1981 1111 2095 sightonie
1136 1985 1309 2095 sepeliri,
1342 1986 1508 2076 ecclesie
1524 1984 1724 2095 upsalensi
1753 1986 1847 2095 lego
1873 1984 2062 2070 dimidiam

279 2094 412 2178 uillam
431 2094 713 2205 ⁴bullingstaad
741 2126 833 2177 cum
862 2098 1075 2179 medietate
1096 2098 1273 2202 omnium
1299 2098 1501 2186 bonorum
1531 2096 2061 2183 mobilium&immobilium
2148 2132 2149 2135 ‘

280 2204 332 2291 ad
369 2205 520 2290 dictam
564 2204 703 2289 uillam
741 2208 1034 2317 pertinencium
1066 2214 1107 2290 8(
1130 2206 1408 2313 molendinum
1445 2204 1665 2312 adulastum
1692 2208 1748 2292 sd
1774 2236 1870 2290 rsus
1897 2208 1945 2290 ad
1971 2238 2063 2321 quus

280 2335 519 2429 exequtures
548 2320 624 2399 mei
653 2316 944 2428 deputauerint
968 2317 1096 2431 pleno
1124 2308 1213 2425 iur'e
1243 2336 1442 2428 perpetuo
1471 2309 1733 2429 possidenda,
1759 2317 1955 2401 ¹iratribus
1981 2349 2062 2432 pre·
2148 2415 2149 2422 Ν

279 2430 397 2516 dictis
433 2426 685 2535 sighthonie,
714 2430 840 2511 eciam
870 2430 903 2511 si
937 2430 1049 2539 apud
1076 2460 1146 2515 eos
1173 2460 1256 2513 non
1283 2428 1476 2538 sepeliar,
1503 2430 1595 2539 lego
1617 2432 1772 2514 curiam
1800 2459 1927 2513 meam
1956 2432 2061 2531 bien
2148 2447 2149 2450 ‘

60 2592 64 2619 .
164 2633 205 2651 ,-
279 2542 446 2651 guarin
476 2538 699 2649 ierringaeu.
734 2569 824 2623 oum
854 2540 1044 2623 omnibus
1086 2541 1202 2626 bonis
1231 2539 1448 2629 mobilibus
1476 2533 1818 2641 &immobilibus
1849 2538 2061 2630 addictam
2148 2559 2149 2568 ‘

277 2652 432 2738 curiam
461 2652 776 2759 pertinentibus,
819 2653 877 2761 jta
907 2646 1039 2733 tamen
1083 2650 1196 2765 quod
1234 2652 1405 2735 heredes
1447 2656 1534 2744 mei.
1553 2654 1657 2746 iufra
1699 2682 1853 2741 annum
1882 2649 1933 2744 ab
1959 2654 2060 2761 obitu

279 2792 371 2849 meo
395 2756 618 2843 seeundum
647 2763 894 2845 taxacionem
924 2782 1190 2875 exequtorum
1220 2792 1400 2847 meorum
1429 2761 1538 2849 dicta
1568 2764 1675 2849 bona
1691 2764 1890 2848 redimere
1917 2764 2062 2863 ralcaut

280 2874 463 2983 alioquin
491 2873 664 2983 predicti
693 2874 835 2957 fratres
864 2871 971 2956 dieta
1009 2876 1117 2957 bona
1146 2873 1212 2957 cui
1239 2876 1444 2958 voluerint
1459 2874 1678 2961 ‘uendendi
1705 2876 1875 2958 liberam
1900 2872 2062 2960 babeant
2148 2945 2149 2948 κ

279 2984 523 3068 facultatem.
553 2987 575 3066 J
578 3003 657 3066 tem
678 2984 888 3071 karissimo
904 2987 1017 3070 fratri
1031 3017 1120 3070 meo
1135 2988 1250 3068 lustri
1272 2986 1415 3072 Jsraeli
1430 2989 1571 3074 lectori
1586 2987 1898 3098 Sightboniensi
1908 2987 2062 3071 consero

278 3126 415 3179 omnes
445 3096 571 3176 libros
599 3124 708 3178 meos
736 3102 777 3179 8<
806 3117 959 3206 partem
989 3127 1051 3182 me
1080 3102 1216 3182 contin
1247 3116 1378 3182 entem
1409 3092 1453 3180 in
1479 3098 1784 3184 sualdstadbum
1813 3117 1900 3180 tarn
1927 3099 1967 3180 in
1993 3096 2065 3181 ter·'

278 3209 334 3290 ris
363 3235 485 3317 quam
519 3205 605 3288 aliis
628 3203 752 3288 ¹bonis
779 3207 997 3290 mobilibus
1026 3215 1066 3290 Sc
1095 3129 1390 3305 immobilibus,
1427 3211 1484 3294 ita
1513 3209 1625 3320 quod
1662 3213 1747 3320 ipse
1785 3210 1840 3291 de
1868 3212 1925 3293 eis
1953 3220 2061 3320 prout

278 3319 356 3398 sibi
386 3317 590 3398 videbitur
619 3316 744 3399 libere
773 3319 904 3400 valeat
931 3317 1143 3416 ordinare,
1178 3321 1327 3429 Domuj
1354 3347 1579 3432 pauperum
1623 3319 1777 3432 upsalie
1806 3320 1901 3432 lego
1927 3320 1975 3404 de
2000 3322 2061 3400 mi·
2148 3372 2149 3375 κ

279 3429 386 3509 nutis
422 3431 540 3508 terris
569 3431 665 3510 meis
694 3427 811 3512 dietis
839 3429 1017 3526 umiord,
1047 3460 1164 3513 unam
1195 3431 1369 3512 Marcam
1391 3450 1497 3517 terre
1521 3436 1563 3518 in
1594 3431 1785 3515 bauunde
1813 3438 1858 3514 8s
1886 3427 2060 3525 mirande,

279 3529 389 3624 &in
419 3533 508 3648 slijs
538 3539 634 3620 locis
661 3543 695 3620 si
723 3539 829 3622 dicte
857 3539 964 3623 terra
992 3541 1043 3632 id
1068 3545 1150 3631 boc
1185 3541 1268 3636 tion
1297 3541 1520 3640 sufficiant,
1555 3545 1659 3626 Item
1688 3543 1885 3626 ducentas
1905 3545 2061 3634 ,uuus

280 3649 393 3744 den,
422 3651 576 3757 deputo
605 3649 901 3733 distribuendas
930 3680 1002 3760 per
1031 3669 1274 3763 exequtores
1302 3658 1527 3738 testamenti
1558 3655 1636 3764 mej
1664 3654 1922 3764 lllouasterijs
1950 3652 2060 3735 eccle·

280 3761 349 3870 sijs
377 3767 416 3842 &
442 3755 533 3870 alijs
562 3755 642 3871 pijs
670 3759 767 3842 locis
795 3789 842 3841 ar,
870 3759 996 3844 eciam
1027 3767 1315 3874 personisque
1348 3766 1470 3846 michi
1497 3758 1924 3847 fideliter‘seruierunt
1952 3764 2060 3876 prom
2148 3872 2149 3875 Ν

279 3873 376 3980 ipsis
405 3872 696 3982 exeqrrtoribus
723 3875 819 3954 meis
855 3876 1074 3956 secundum
1117 3876 1238 3956 deum
1285 3876 1405 3956 saluti
1447 3878 1579 3960 anime
1608 3896 1694 3959 mee
1721 3877 1928 3960 ridebitur
1953 3902 2060 3984 expe·

233 3991 237 4000 '
279 3983 386 4079 dire,
416 4011 491 4093 pro
518 3983 667 4093 quibus
695 3981 877 4066 ducentis
906 3989 1060 4083 marcis,
1076 3987 1244 4095 ,deputo
1271 3991 1312 4068 8(
1339 3985 1480 4096 obligo
1505 3987 1761 4073 medietatem
1771 3989 1874 4071 uille
1901 3988 2059 4091 bulling-

278 4096 419 4176 staadb
449 4110 527 4175 tam
558 4097 603 4187 ln
632 4095 750 4176 bonis
779 4094 998 4180 mobilibus
1038 4123 1160 4208 quam
1188 4097 1481 4196 immobilibus,
1516 4097 1574 4208 jta
1601 4097 1715 4210 quod
1743 4101 1777 4180 si
1806 4099 1968 4208 heredes
1994 4096 2060 4179 mel
2096 4125 2106 4136 ·

279 4205 384 4290 infra
413 4229 563 4294 anuum
592 4235 613 4286 a
644 4203 712 4298 die
740 4207 874 4288 obitus
902 4208 980 4290 mei
1009 4208 1211 4317 predictas
1237 4208 1433 4301 ducentas
1453 4209 1637 4295 biarchus
1657 4212 1948 4320 esequtoribus
1973 4206 2060 4289 meis

133 4421 141 4429 „
281 4312 362 4400 uon
379 4318 593 4410 soluerint,
609 4333 758 4398 extunc
786 4315 972 4400 dominus
1000 4317 1326 4428 archiepiscopus
1342 4316 1562 4428 upsalensis
1579 4319 1835 4405 medietatem
1852 4321 1957 4402 dieta
1978 4315 2059 4400 ville

281 4457 357 4535 pro
386 4432 494 4508 iusto
524 4428 660 4535 precio
688 4426 912 4510 redimendi
941 4435 979 4512 8<
1008 4429 1209 4520 retinendi
1238 4431 1458 4538 plenarian
1490 4430 1640 4515 babeat
1669 4449 1927 4540 potestatem,
1959 4432 2076 4513 ,Eae--

148 4603 154 4612 .
280 4557 447 4649 qutores
476 4539 595 4620 huius
624 4540 699 4620 mei
728 4543 955 4624 testamenti
985 4545 1192 4624 constituo
1219 4541 1466 4624 reserabiles
1484 4561 1630 4650 ¹patres
1649 4543 1836 4632 dominos
1866 4543 2059 4625 Nicolaum

280 4649 624 4758 archiepiscopum
665 4649 913 4758 upsalensem
943 4657 1176 4736 &Petrum
1203 4654 1438 4760 episcopum
1475 4656 1727 4744 Arosiemem
1753 4653 1961 4737 (luminum
1989 4655 2060 4732 aa·

159 4865 162 4872 Ι
278 4759 424 4856 dream¹
446 4764 695 4872 prepositum
739 4763 1021 4872 upsalensem,
1046 4761 1234 4845 *dominos
1269 4763 1455 4873 legiferos
1489 4765 1715 4846 Jobaunem·
1740 4764 2059 4874 Jugiwatsson&

154 4939 159 4946 .
279 4871 503 4982 Burgerum
534 4889 763 4982 paetersson,
787 4873 998 4959 dominum
1028 4875 1216 4983 Magnum
1243 4876 1533 4986 Grugouisson,
1558 4883 1600 4958 8t
1627 4876 1878 4970 karissimum
1907 4876 2058 4960 fratnu

280 5012 411 5067 meum
430 4984 601 5069 ‘fratrem
633 4984 822 5069 lsraelem
839 4985 1028 5082 lectorem
1044 4986 1372 5085 Sicbtoniensem,
1401 4988 1543 5080 voleus
1555 4987 1673 5100 quod-
1682 4990 1716 5070 si
1741 4989 1912 5098 predicti
1923 4978 2060 5092 singuli
