4317 5975
678 434 1300 529 'mear--¹

100 660 184 739 Post
208 638 514 758 emptetorium
558 665 704 745 autem,
744 676 781 729 a.
828 650 949 731 Salue
984 652 1140 760 Regina
1182 642 1348 734 dicatur
1381 651 1426 730 in
1461 651 1641 735 sabbatis
1676 658 1716 733 8(
1753 653 1795 732 in
1829 650 1889 734 vi·

101 757 448 879 giliisaaootoru'm
485 780 555 841 seu
592 756 878 843 l'estiuitatibus
904 756 1019 861 taliis,
1055 765 1110 844 ab
1145 762 1335 845 omnibus
1369 764 1495 865 ·simul
1538 792 1631 846 eum
1671 781 1781 845 nota.
1807 797 1811 810 ·
1838 768 1890 844 Jo

99 874 290 960 brialibus
318 869 583 981 nerodiebus
611 871 781 979 legendo
810 872 1119 967 dicenturnam
1156 870 1334 957 collecta.
1372 874 1560 958 Concede
1594 903 1668 957 nos
1704 874 1887 959 fammos.
1959 886 1965 908 '

95 985 426 1092 &subiungatur
457 981 638 1065 Psalmus
665 988 868 1083 continue,
897 987 949 1069 ad
978 1004 1019 1069 te
1048 987 1183 1069 leuaoi
1211 1014 1304 1067 eum
1340 986 1540 1067 Collectis.
1578 986 1777 1068 Pretende
1814 985 1889 1069 do.-

95 1103 184 1183 aine
200 1094 399 1177 adelmus
436 1095 527 1175 tuis.
602 1092 711 1176 Deus
745 1124 769 1177 a
802 1122 887 1208 quo
934 1116 1051 1179 sacra·
1082 1096 1289 1180 desideria.
1337 1100 1614 1209 Omnipotens¹
1646 1102 1890 1209 sempiterne

92 1212 173 1296 drus
201 1205 276 1320 qui
304 1207 494 1287 uiuorum
523 1206 753 1291 dominaris.
817 1213 920 1290 ltem
959 1212 1000 1291 P.
1045 1214 1106 1290 De
1153 1208 1370 1318 profundis
1411 1235 1504 1291 eum
1546 1212 1736 1292 collectis.
1780 1213 1890 1291 Deos
1929 1258 1933 1263 =
2051 1186 2061 1194 ¹

9 1318 10 1375 ³
91 1324 195 1406 aenio
224 1319 657 1429 ingeneratae...
689 1322 898 1404 animabus
928 1322 1230 1403 benefactorum
1262 1337 1503 1403 nostrorum.
1533 1320 1763 1403 &fidelium
1778 1321 1889 1403 deus
1916 1408 1919 1416 ,

92 1440 179 1517 item
191 1432 697 1543 statuimus&ordinamps
711 1432 823 1542 quod
841 1433 975 1516 nullus
991 1437 1032 1515 in
1040 1436 1208 1515 Camere
1225 1433 1395 1521 uelalibi
1408 1462 1588 1517 seorsum
1604 1438 1798 1531 comedat,
1813 1434 1888 1515 nisi

93 1546 260 1629 infirmus
291 1543 416 1655 luerit
445 1540 511 1622 uel
549 1543 613 1655 ῆι(
644 1551 801 1653 pauper
830 1546 950 1656 quod
987 1571 1186 1655 expensas
1221 1572 1451 1625 communes
1487 1546 1622 1626 faeere
1657 1548 1813 1654 nequit,
1850 1551 1890 1625 8(

93 1676 176 1740 tunc
203 1656 257 1767 de
287 1655 453 1755 licentia
487 1654 723 1763 principalis
750 1654 896 1769 domus
924 1684 1102 1739 seorsum
1132 1657 1343 1747 comedere
1371 1660 1549 1765 poterit.¹
1573 1658 1719 1739 Nullus
1755 1655 1889 1737 locum

92 1772 157 1852 sibi
183 1770 225 1849 io
254 1766 380 1847 domo
406 1766 649 1875 assignatum
680 1789 1089 1877 perproouratorem
1119 1786 1247 1850 mutet
1275 1770 1430 1878 absque
1465 1769 1529 1849 sui
1567 1770 1744 1851 licencia.
1782 1770 1888 1849 Con·

92 1882 246 1963 trarium
279 1878 431 1958 taciens
459 1876 511 1958 ad
541 1880 717 1986 primum
749 1883 924 1961 monitus
953 1880 1102 1967 redeat.
1132 1878 1424 1987 Transgressor
1452 1880 1573 1961 huius
1599 1881 1754 1975 statuti,
1789 1909 1889 1989 qua·
1981 1934 1984 1941 -

92 2012 171 2077 tuor
197 1988 390 2070 denarios
429 1991 667 2097 parisienses
707 1986 946 2075 comunit'ati
990 1993 1209 2102 persoluat.
1252 1994 1356 2072 ltem
1397 1994 1637 2087 statuimus,
1665 2010 1710 2091 ut
1729 2056 1735 2072 ,
1755 1984 1925 2072 nullus.¹

92 2104 367 2187 inuitacionem
397 2104 667 2198 comestionis,
698 2130 768 2182 sen
799 2107 1025 2213 potaoionis
1054 2108 1096 2185 in
1124 2105 1293 2184 cameris
1319 2104 1452 2184 faeiat.
1480 2104 1550 2187 sed
1573 2132 1707 2215 neque
1720 2103 1890 2183 abextra

94 2214 339 2298 uenientibus
369 2214 550 2321 recipere
580 2214 708 2310 liceat,
744 2219 980 2323 peregrinos
1009 2218 1146 2297 nullus
1175 2214 1343 2295 inducat
1369 2216 1455 2295 siue
1484 2216 1658 2296 licencia
1696 2224 1889 2323 procura·

95 2329 233 2410 satoris.
266 2326 530 2405 Contrarium
559 2323 719 2420 faciens,
751 2328 792 2405 in
821 2344 997 2437 quatuor
1026 2327 1118 2408 den.
1151 2329 1354 2435 puniatur.
1384 2328 1488 2407 Jtem
1522 2330 1733 2408 statuimus
1771 2344 1817 2405 ut
1845 2329 1890 2406 in
1950 2397 1954 2405 .
2010 2352 2014 2373 ¹
2091 2418 2096 2442 Ι

95 2442 200 2523 domo
227 2464 371 2518 omnes
402 2436 568 2515 latinum
599 2436 821 2546 loquantur
852 2440 927 2527 nisi
966 2440 1102 2519 forsan
1139 2439 1249 2547 apud
1286 2439 1530 2519 seruientem
1567 2440 1634 2520 uel
1672 2436 1888 2517 aduenien·
2015 2513 2017 2520 .

93 2570 160 2634 tem
201 2548 381 2645 aliunde,
424 2573 528 2655 opus
570 2549 621 2627 sit
664 2547 782 2627 alicui
820 2552 898 2631 alio
927 2549 1132 2650 idiomate
1161 2553 1231 2631 vti.
1260 2551 1345 2629 Heo
1373 2553 1575 2648 omittens,
1598 2552 1630 2631 si
1660 2552 1786 2629 tercio
1816 2576 1889 2657 per

92 2662 344 2774 principalem
374 2658 553 2739 monitus
584 2686 664 2739 non
696 2658 907 2751 destiterit,
937 2662 1121 2773 qualibet
1149 2664 1237 2742 uice
1279 2661 1411 2741 soluat
1454 2661 1621 2742 obolum
1663 2663 1888 2741 eommuni-
1967 2726 1970 2729 .
2044 2678 2048 2683 ’

91 2778 162 2865 tati,
191 2776 241 2854 Jn
272 2769 415 2852 tabula
461 2788 693 2879 compotum
747 2776 1043 2879 septimanatim
1090 2802 1175 2854 non
1220 2772 1390 2853 audiant
1430 2772 1501 2853 sed
1545 2775 1788 2880 prepositusx
1814 2774 1888 2883 qui
1966 2863 1972 2878 ι

92 2884 314 2977 redditurus
342 2898 403 2963 est
432 2900 669 2992 compotum
702 2910 790 2963 oum
830 2880 1044 2994 prepositis
1080 2883 1333 2994 precedentis
1370 2887 1409 2962 8(
1446 2883 1728 2996 subsequentis
1764 2885 1887 2994 septi-

93 3025 203 3102 mane,
232 3023 416 3078 seorsum
446 2995 579 3103 ‘ipsum
609 2995 742 3090 iaciat,
787 3001 826 3074 8(
870 2997 1021 3077 facturn
1064 2999 1182 3077 sociis
1225 2996 1384 3076 referat.
1440 2997 1543 3075 Jtcm
1586 2997 1799 3076 statuimus
1841 3013 1888 3076 ut

93 3112 210 3192 nullus
252 3111 299 3189 in
330 3101 451 3186 domo
496 3099 688 3186 clamosas
731 3107 960 3188 locuciones
1002 3124 1201 3200 exerceat,
1244 3124 1316 3186 aut
1357 3109 1572 3213 strepitum
1614 3105 1734 3186 faciat
1777 3105 1885 3187 vnde

92 3225 174 3304 soeii
200 3221 361 3330 possint
390 3215 586 3325 impediri.
617 3217 764 3298 Nullus
786 3220 826 3297 in
859 3217 1238 3301 lerialibus‘diebus
1267 3220 1309 3297 in
1333 3217 1456 3297 domo
1487 3219 1554 3298 uel
1581 3217 1753 3324 gardino
1791 3221 1889 3298 cani
1907 3274 1916 3280 --

92 3353 148 3416 tet.
202 3331 353 3413 Nullus
380 3354 601 3426 scacorum,
633 3330 878 3426 taxillorum,
911 3330 975 3410 uel
1007 3332 1146 3441 aliquo
1175 3330 1255 3410 alio
1289 3357 1436 3437 genere
1472 3329 1661 3409 ludorum
1700 3329 1886 3440 quolibet
2015 3363 2023 3380 ¹

91 3462 260 3556 tempore
292 3444 333 3522 io
365 3439 488 3520 domo
517 3441 584 3520 uel
613 3442 783 3549 gerdino
811 3461 956 3522 uacare
994 3457 1210 3550 presumat.
1250 3441 1397 3520 Nullus
1431 3468 1549 3521 canes
1585 3440 1650 3520 uel
1687 3469 1781 3536 aues
1817 3441 1886 3520 ba·

91 3559 179 3639 beat.
207 3553 472 3636 Contrarium
502 3551 651 3632 faciens
695 3556 737 3632 in
766 3551 934 3634 denario
964 3556 1166 3660 puniatur.
1195 3559 1237 3634 8(
1272 3554 1306 3631 si
1339 3551 1530 3632 desistere
1566 3552 1759 3644 nolueritr
1793 3558 1902 3658 gra?

92 3673 168 3751 nius
195 3667 397 3778 puniatur
423 3661 474 3742 ad
504 3662 718 3744 arbitrium
763 3669 1047 3771 procuratoris.
1092 3667 1198 3746 Jtem
1240 3665 1452 3743 statuimus
1493 3680 1540 3744 ut
1579 3662 1715 3743 nullus
1758 3665 1883 3743 uerba

91 3781 345 3890 obprobrosa,
374 3775 677 3873 contumeliosa,
713 3803 783 3856 seu
821 3779 1092 3873 contenciosa,
1136 3776 1178 3856 in
1215 3772 1337 3854 domo
1379 3773 1446 3855 uel
1491 3789 1605 3854 extra
1650 3775 1768 3854 socio
1809 3800 1885 3853 suo

92 3890 195 3974 dicat.
224 3887 479 3971 eontrarium
509 3883 672 3984 faciens,
693 3893 739 3966 8(
768 3915 911 3966 eoram
934 3889 1157 3999 principali
1176 3889 1390 3967 conuictus
1417 3886 1548 3966 soluat
1587 3883 1692 3966 duos
1728 3883 1883 3981 solidos
1975 3923 1979 3936 ·

91 4000 357 4108 communitati
385 4003 424 4077 8(
454 3996 786 4078 humaliaeionem
816 3996 936 4079 faciat
966 4027 1036 4079 seu
1064 3995 1273 4079 emendam
1305 3999 1493 4078 iniuriam
1518 4023 1652 4104 passo,
1688 3993 1740 4076 ad
1775 3995 1883 4074 arbi-

92 4117 200 4194 trlum
229 4111 510 4222 procuratoris
540 4111 637 4190 &si
664 4111 800 4218 sepius
828 4107 1045 4220 deliquerit
1074 4118 1114 4191 8(
1147 4106 1358 4189 emendare
1392 4135 1435 4187 se
1472 4109 1662 4196 noluerit,
1698 4136 1721 4186 a
1755 4107 1882 4188 socie·

92 4243 161 4308 tate
188 4222 428 4332 expellatur.
458 4222 561 4300 Jten
592 4223 816 4317 statuimus,
845 4237 892 4300 ut
920 4222 1057 4302 nullus
1085 4221 1127 4301 in
1156 4229 1307 4303 soeium
1338 4245 1479 4314 manus
1507 4219 1647 4298 iniciat
1668 4218 1880 4305 uiolentas.

93 4335 127 4417 Si
146 4339 234 4448 quis
263 4336 338 4415 hee
368 4331 521 4426 fecerit,
550 4331 715 4414 domum
744 4350 927 4412 teneatur
956 4336 1093 4430 statim
1121 4334 1244 4428 exire,
1274 4359 1347 4412 nec
1382 4329 1521 4410 redeat
1556 4349 1771 4441 antequam
1808 4327 1881 4407 ab·

94 4449 235 4530 solutus
265 4445 389 4526 luerit
417 4449 458 4523 8(
486 4443 570 4522 leso
598 4441 791 4547 secudum
814 4446 1026 4525 arbitrium
1055 4435 1343 4552 procuratoris,
1373 4443 1414 4522 io
1444 4444 1648 4550 presencia
1668 4443 1880 4522 ‘sociorum

94 4558 224 4642 domus
248 4557 451 4664 condigne
466 4553 715 4651 satisfecerit,
745 4561 784 4635 8(
812 4555 978 4666 insuper
1005 4557 1037 4636 si
1067 4555 1245 4650 redierit,
1273 4554 1550 4635 eommunitati
1580 4553 1882 4662 persoluattres
2020 4565 2024 4570 “
2054 4601 2064 4616 .
2121 4583 2126 4599 ·

94 4670 230 4754 solidos
273 4669 520 4777 parisienses.
562 4669 667 4747 item
709 4666 919 4748 statuimus
960 4667 1073 4780 quod
1113 4669 1148 4747 si
1189 4667 1407 4780 quisquam*
1446 4663 1612 4746 domum
1655 4667 1698 4748 iri
1741 4665 1879 4773 aliquo

94 4779 442 4893 dampniboauerit,
475 4791 661 4860 teneatur
688 4776 740 4860 ad
770 4780 1068 4861 restitucionem
1098 4777 1264 4888 dampni
1292 4775 1345 4858 ad
1374 4775 1587 4858 arbitrium
1607 4781 1784 4861 rectoris
1811 4777 1876 4857 uel

94 4891 328 5006 principalis,
355 4895 397 4978 8,(
437 4890 715 4998 eommuuitati
762 4917 841 5005 pro
883 4889 1040 4976 offensa
1085 4887 1166 4973 dl.¹
1187 4887 1337 4972 solidos
1378 4889 1616 5000 parisienses
1650 4889 1876 5080 persoluat.

1002 5029 1007 5036 .
1536 5027 1544 5034 .
1627 5025 1643 5079 ι
