4317 5975
893 342 1024 459 'a
1127 340 1250 489 sca
1316 422 1384 461 -·-

271 618 334 703 sas
362 612 551 700 dicendas
580 615 621 696 in
649 611 777 695 choro
808 612 851 692 in
880 610 991 693 feriis
1018 614 1071 715 sit
1107 627 1243 705 tamen
1280 640 1385 693 vnus
1423 610 1515 691 loco
1549 609 1724 716 dyaconi
1759 596 1922 697 indutus
1956 616 2047 703 albis

270 746 312 811 et
340 728 443 810 stola
470 729 512 807 in
543 724 722 806 aduentu
750 747 848 805 vero
876 739 916 803 et
939 721 1013 804 XL
1043 723 1232 805 omnibus
1259 726 1381 805 sentis
1409 724 1517 804 feriis
1531 738 1572 802 et
1586 722 1769 804 sabbatis
1782 723 1926 832 vigiliis
1938 745 1975 807 at
2002 754 2048 812 uc

207 890 210 894 ν
271 838 382 920 lestis
409 840 494 920 siue
522 836 603 917 siut
625 838 746 916 trium
778 833 997 915 lectionum
1025 834 1197 916 siuelX
1229 850 1350 916 erunt
1378 832 1460 916 dno
1496 836 1718 935 seruientes
1757 834 1809 912 Jn
1846 758 2053 922 maioribus

270 975 370 1033 vero
397 949 506 1029 lestis
534 964 654 1028 erunt
682 945 813 1027 saltim
842 962 1020 1055 quatuor
1047 946 1269 1027 seruientes
1296 945 1358 1027 vel
1388 946 1525 1054 plures
1552 943 1606 1025 ad
1633 924 1844 1048 arbitrium
1881 936 2060 1030 tabulam¹

270 1060 482 1144 scribentis
510 1058 560 1137 Jn
590 1057 758 1167 singulis
786 1053 933 1153 diebus
959 1057 1169 1137 dominicis
1199 1058 1304 1136 inter
1332 1058 1476 1166 paseha
1493 1071 1533 1137 et
1561 1058 1845 1164 penthecosten
1863 1058 1962 1136 etin
1977 1084 2072 1149 oms

268 1170 391 1253 nibus
418 1168 529 1249 lestis
557 1168 862 1249 IX'lectionum
892 1184 1076 1249 cantores
1109 1170 1287 1247 serniant
1315 1195 1406 1248 cum
1435 1196 1574 1275 cap...
1602 1170 1642 1247 in
1679 1164 1819 1274 primis
1854 1182 1895 1246 et
1921 1194 2050 1249 secun·

269 1278 331 1365 dis
359 1280 536 1389 vesperis
564 1279 773 1359 matutinis
799 1294 839 1357 et
870 1280 982 1358 missa
1012 1280 1179 1359 ltemsi
1211 1280 1382 1359 ministri
1411 1278 1546 1358 altaris
1575 1280 1706 1385 parati
1736 1306 1819 1359 non
1840 1276 1984 1359 fuerint
2004 1274 2052 1362 ad

130 1462 136 1470 .
270 1394 428 1475 missam
469 1386 617 1497 singuli
658 1392 698 1471 in
734 1389 818 1467 suis
859 1388 1005 1471 officiis
1041 1391 1276 1501 priusquam
1313 1389 1511 1470 confiteor
1551 1388 1712 1470 dicatur
1740 1402 1833 1469 ante
1869 1417 2053 1471 summum

271 1505 397 1586 altare
420 1500 558 1582 soluat
586 1498 752 1580 obulum
781 1498 954 1609 quilibet
981 1502 1024 1589 in
1053 1500 1163 1581 seriis
1191 1516 1232 1581 et
1262 1501 1374 1586 lestis
1400 1503 1525 1581 trium
1554 1499 1772 1581 lectionum
1796 1502 1840 1579 in
1863 1499 1970 1582 lestis
1992 1528 2052 1583 ve-

112 1666 116 1674 -
173 1670 182 1711 ·.
269 1644 319 1701 ro
347 1614 406 1694 IX
435 1612 651 1693 lectionum
691 1609 901 1695 denarium
938 1614 989 1691 Jn
1025 1611 1247 1693 maioribus
1281 1631 1415 1694 antem
1452 1611 1555 1693 duos
1587 1610 1775 1693 denarios
1810 1612 2053 1721 Quicumque

273 1721 497 1809 choralium
526 1740 752 1803 ceterorum
770 1738 875 1801 *ante
903 1724 1181 1834 incepcionem
1202 1721 1325 1831 ymnj
1361 1725 1403 1803 in
1440 1723 1647 1802 matutinis
1683 1719 1840 1829 kynelis
1873 1724 1915 1803 in
1949 1725 2052 1823 missa

203 1890 204 1893 κ
270 1836 336 1921 vel
365 1844 457 1917 ante
484 1832 606 1915 linem·
634 1834 753 1943 primi
781 1831 925 1940 psalmi
961 1836 1002 1916 in
1033 1834 1209 1943 vesperis
1246 1862 1330 1915 non
1371 1836 1528 1914 venerit
1555 1833 1738 1912 inferiis
1772 1849 1812 1914 et
1851 1832 1957 1913 lestis
1990 1837 2051 1913 tri·

269 1975 339 2028 um
368 1944 590 2027 leccionnm
620 1944 756 2024 solnat
784 1943 952 2024 obulum
983 1973 1059 2054 pro
1088 1944 1489 2055 qnalibetlhorarum
1521 1940 1789 2051 predictarum
1817 1944 1852 2022 si
1880 1970 1974 2026 vero
1991 1946 2055 2024 arr-⁸

269 2075 312 2141 te
339 2056 607 2171 finem'primi
638 2055 779 2165 psalmi
821 2057 864 2135 in
893 2056 1019 2164 prima
1051 2058 1122 2137 ΙΙΙ.
1151 2057 1220 2138 Vl.
1256 2055 1328 2136 lx.
1364 2084 1434 2136 seu
1468 2054 1734 2163 completorio
1784 2082 1869 2135 non
1911 2056 2052 2159 venerit

269 2166 453 2254 inferiis
482 2185 522 2247 et
549 2165 657 2271 festis
685 2164 809 2246 t'rium
838 2164 1062 2247 leccionum
1091 2166 1225 2249 soluat
1253 2166 1521 2278 quadrantem
1558 2193 1636 2274 pro
1671 2165 1855 2276 qnalibet
1891 2163 1984 2245 hora
2016 2180 2052 2245 et

269 2274 500 2387 supradicta
530 2305 634 2388 pena
665 2305 742 2386 pro
769 2276 936 2386 singulis
972 2279 1081 2359 horis
1116 2294 1398 2385 angmentetur
1420 2276 1652 2361 ‘secundnm
1691 2276 1792 2358 festa
1834 2278 2099 2387 quicunqne?

269 2416 367 2471 vero
392 2386 443 2469 de
471 2388 582 2471 hbris
610 2388 751 2469 absens
780 2384 903 2468 luerit
932 2417 1008 2497 pro
1035 2392 1242 2470 matutinis
1270 2390 1385 2471 missa
1413 2406 1454 2469 et
1480 2389 1659 2493 vesperis
1689 2390 1732 2468 in
1756 2389 1868 2469 feriis
1894 2404 1934 2468 et
1955 2385 2051 2466 festis

268 2502 394 2583 trium
422 2497 646 2581 leccionnm
676 2498 808 2579 soluat
834 2495 1063 2596 denarium,
1100 2527 1177 2609 pro
1206 2499 1390 2610 qualibet
1415 2490 1609 2580 horarum
1645 2500 1773 2608 prima
1801 2500 1883 2595 ΙΙΙ,
1926 2514 2051 2592 texta,

267 2610 332 2693 IX*
372 2636 458 2691 seu·
478 2610 745 2719 completorio
787 2607 920 2689 soluat
960 2610 1130 2691 obulum
1159 2627 1200 2691 et
1242 2610 1317 2690 hec
1345 2636 1450 2719 pena
1484 2610 1667 2693 similiter
1694 2617 1978 2718 augmentetur
2000 2634 2051 2688 se-

270 2717 448 2804 cundum
493 2720 604 2800 festa
635 2721 719 2823 Qui
763 2718 860 2800 false
910 2719 1054 2829 legerit
1104 2721 1169 2803 vel
1209 2724 1435 2803 cantauerit
1485 2724 1680 2831 puniatur
1728 2722 1807 2803 hoc
1851 2718 1972 2802 modo
2014 2714 2050 2798 in

268 2830 383 2914 fe'riis
426 2844 467 2910 et
502 2829 614 2911 festis
655 2832 777 2912 trium
823 2829 1042 2914 lectionum
1085 2834 1127 2911 in
1171 2834 1288 2916 missa
1325 2852 1456 2914 tamen
1500 2834 1597 2915 salse
1636 2833 1772 2942 legens
1820 2848 1864 2912 et
1897 2846 2052 2911 canum

270 2959 311 3024 et
352 2942 424 3132 qui
467 2941 510 3022 in
552 2941 802 3052 simplicibus
841 2940 953 3025 festis
999 2944 1205 3026 matutinis
1253 2946 1370 3025 missa
1399 2962 1441 3026 et
1491 2945 1668 3056 vesperis
1717 2934 1854 3025 soluat
1899 2942 2069 3024 obulum.

271 3057 324 3134 ln
371 3051 463 3133 estis
507 3077 604 3134 vero
639 3056 768 3160 prime
810 3052 942 3135 soluat
982 3053 1192 3136 denarium
1233 3057 1278 3136 in
1320 3055 1540 3160 maioribus
1581 3056 1692 3158 festis
1732 3055 1839 3137 duos
1881 3049 2065 3150 denarios

269 3164 528 3272 Quicumque
554 3163 777 3244 choralium
813 3164 1128 3270 obprobriosum
1170 3166 1339 3249 verbum
1366 3166 1516 3265 dixerit
1555 3166 1807 3276 presentibus
1839 3159 1995 3249 duobus
2017 3173 2065 3251 et'
2135 3266 2136 3271 Ν

269 3272 530 3356 audientibus
558 3273 692 3354 soluat
719 3270 892 3354 solidum
920 3275 1181 3356 denariorum
1210 3278 1523 3388 obprobriosum
1552 3278 1720 3360 verbum
1749 3278 2005 3386 intelligimus
2024 3271 2061 3367 ‘si'
2102 3295 2104 3301 ·

270 3386 363 3496 quis
392 3383 516 3462 alium
545 3384 813 3492 appellauerit
860 3382 1041 3494 liughara
1086 3386 1297 3496 mnslaghn
1341 3417 1436 3470 asna
1479 3388 1660 3499 sltipting
1695 3387 1792 3470 dara
1833 3387 1897 3468 vel
1925 3386 2060 3467 similia
2093 3403 2097 3410 “

269 3495 468 3605 quivero
495 3492 665 3574 vlterius
693 3497 906 3578 excesserit
948 3497 1130 3579 vocando
1173 3501 1326 3579 socium
1368 3524 1487 3582 suum
1524 3500 1654 3582 furem
1682 3501 1747 3582 vel
1775 3498 1973 3581 latronem
1996 3493 2060 3578 vel

269 3605 412 3688 similia
456 3605 708 3712 presentibus
750 3603 911 3686 dnobus
955 3624 996 3688 et
1024 3608 1283 3691 audientibus
1311 3611 1443 3692 soluat
1471 3611 1572 3693 duas
1608 3637 1698 3692 oras
1727 3609 1986 3693 denariorum
2010 3617 2060 3687 ex'

267 3717 346 3800 hiis
373 3712 532 3795 duabus
561 3717 674 3824 penis
703 3717 873 3823 recipiat
911 3714 1208 3801 dimedietatcm
1257 3723 1291 3801 is
1334 3723 1401 3802 cui
1441 3723 1587 3803 iniuria
1632 3720 1738 3829 facta
1774 3739 1838 3802 est
1866 3708 2060 3830 reliquum

267 3850 367 3910 vero
393 3827 658 3907 communitas
686 3825 909 3909 choralium
935 3824 998 3938 (1)
1031 3830 1263 3939 Capitulum
1290 3830 1514 3914 choralium
1543 3832 1741 3935 habeatur
1772 3831 1943 3941 singulis
1975 3857 2061 3938 sex-¹

176 4041 181 4048 .
268 3939 321 4020 tis
336 3937 463 4017 demis
491 3938 524 4016 si
552 3952 687 4017 autem
730 3936 873 4019 festum
903 3937 1068 4050 aliquod
1095 3957 1198 4023 tune
1226 3940 1413 4024 inciderit
1442 3969 1517 4050 per
1556 3933 1669 4054 qnod
1697 3937 1922 4051 capitulum
1949 3946 2051 4049 inpe-

268 4048 403 4130 diatur
431 4046 628 4128 habeatur
669 4049 722 4127 in·
746 4049 886 4157 quinta
917 4048 1014 4130 feria
1047 4054 1230 4160 proxima
1257 4051 1490 4163 precedenti
1516 4057 1762 4165 quicumque
1796 4081 1897 4135 vero
1923 4050 2053 4136 chora·

267 4159 368 4244 lium
396 4156 459 4238 vel
491 4157 873 4268 prebendariorum,
915 4157 967 4240 ad
1008 4163 1231 4272 capitulum
1273 4191 1357 4244 non
1399 4167 1555 4247 venerit
1582 4156 1727 4248 'soluat
1753 4159 1966 4247 denarium
1990 4159 2057 4274 qni*

266 4298 366 4356 vero
395 4267 457 4352 de
488 4296 592 4378 pena
637 4277 770 4378 quam'
792 4269 952 4352 soluere
980 4287 1143 4355 tenetur
1179 4277 1221 4354 in
1249 4278 1383 4382 primo
1408 4276 1591 4384 capitulo
1618 4303 1703 4357 non
1735 4275 1979 4371 satisfecerit„
1993 4270 2054 4382 ‘iel

267 4381 399 4464 saltim
430 4396 862 4491 antequamteneatur
889 4381 1111 4465 secundum
1140 4385 1382 4495 capitulum,
1424 4385 1581 4468 delatus
1603 4379 1665 4468 'de
1700 4387 1851 4470 hocin
1886 4383 2057 4504 capitulo.

267 4487 447 4598 secundo
475 4493 607 4572 soluat
644 4491 813 4601 duplum
840 4507 882 4572 et
924 4495 959 4573 si
1001 4520 1046 4575 vs
1077 4522 1129 4576 ue
1157 4496 1218 4578 ad·
1237 4499 1407 4578 tercium
1435 4498 1656 4608 capitulum
1680 4500 1972 4580 contumaciter
1998 4489 2053 4595 re'·¹

267 4605 417 4695 stiterit
444 4629 519 4683 nec
559 4601 798 4684 satisfecerit
840 4600 998 4684 delatus
1038 4523 1091 4686 de
1124 4605 1204 4686 hoc
1238 4607 1281 4688 in
1308 4599 1437 4690 tercio
1464 4607 1644 4717 capitulo
1670 4603 1802 4692 soluat
1829 4608 1992 4719 triplum
2019 4618 2053 4682 et

268 4713 300 4794 si
330 4711 481 4796 dictum
509 4713 676 4822 triplum
704 4730 803 4796 tuuc
828 4739 914 4795 non
942 4715 1110 4796 soluerit
1137 4720 1189 4796 sit
1216 4719 1399 4801 exclusus
1432 4736 1582 4804 extunc
1609 4720 1663 4803 ab
1695 4719 1836 4802 officio
1870 4719 1982 4802 ebori
2015 4728 2052 4793 et

267 4826 479 4909 consorcic
507 4823 729 4909 choralium
760 4841 800 4907 et
828 4827 1095 4936 percepcione
1121 4828 1257 4912 salarii
1283 4833 1349 4913 sui
1376 4830 1507 4918 donec
1525 4859 1598 4944 per
1624 4821 2052 4954 archiepiscopumovel

1899 4965 2003 5057 capr·
