4317 5975
985 330 1490 441 -lo't--·

287 568 426 651 eolaus
452 563 721 671 hemingson,
750 561 1008 668 recognouit,
1036 577 1078 643 et
1106 560 1311 645 confessus
1332 578 1391 643 est
1419 561 1601 671 puplice,
1629 590 1673 645 se
1700 564 1891 675 quandam
1915 582 2033 687 predia

286 708 379 763 rum
430 675 770 788 permutacionem
804 670 965 769 secisse,
1008 702 1099 755 cum
1134 674 1369 782 ,venerabili
1412 692 1547 784 patre,
1588 677 1763 758 Domino
1802 678 1950 770 Nicolao
1983 698 2036 779 Dei

286 792 420 901 gracia
452 787 757 895 archiepiscopo
786 783 1006 895 upsalensi,
1033 812 1111 893 suo
1137 802 1179 865 et
1202 784 1367 877 ecclesie
1386 813 1459 867 wsne
1483 788 1665 884 nornine,
1694 788 1735 869 in
1766 789 1867 875 hunc
1895 801 2036 907 modun,

196 932 204 945 ·
286 900 494 995 uidelicet,
526 894 640 1008 quod
668 922 745 1004 pro
773 897 887 977 curie
914 924 987 978 sua
1015 895 1342 995 wardbsaetrnm,
1371 898 1447 979 Cui
1476 896 1689 982 subiacent
1726 901 1874 985 Nouem
1899 935 1958 993 ore
1980 920 2043 998 ter·'

285 1043 331 1095 re
359 1021 451 1094 cum
481 1037 563 1091 vno
591 1006 741 1104 solido,
770 1025 812 1089 et
839 1005 977 1091 decem
1006 1028 1047 1091 et
1075 1036 1219 1091 nouem
1249 1008 1389 1091 solidis
1411 1029 1518 1091 terre
1532 1010 1573 1091 in
1592 1012 1816 1119 gutasund,
1845 1019 1892 1099 Et
1914 1020 2039 1109 brachio

285 1128 488 1235 piscature
518 1124 561 1202 in
589 1119 813 1218 flotasund,
841 1124 945 1203 ltem
976 1148 1052 1229 pro
1079 1122 1194 1204 curia
1222 1149 1294 1203 sua
1323 1124 1365 1203 in
1395 1120 1620 1221 hwamunr,
1657 1124 1734 1205 Cui
1777 1126 1942 1212 subiacet
1965 1135 2040 1217 ller-

283 1238 361 1317 cba
390 1254 497 1316 terre
524 1231 656 1313 solido
690 1233 839 1330 minus,
867 1250 907 1314 et
935 1233 1118 1313 undecim
1149 1230 1287 1313 solidis
1315 1251 1422 1315 terre
1451 1228 1492 1313 in
1521 1251 1805 1332 nustatunum,
1845 1268 1918 1349 que
1942 1250 2038 1329 onnia

283 1344 472 1443 tradidit,
502 1344 735 1453 assignabit,
764 1360 805 1423 et
832 1344 1118 1454 appropriauit
1161 1346 1338 1427 Domino
1368 1345 1691 1455 archiepiscopo,
1733 1362 1774 1427 et
1807 1351 1955 1432 ecclesie
1978 1385 2042 1453 sue,

201 1459 236 1496 ”·
285 1476 378 1541 cum
408 1458 596 1540 omnibus
624 1456 781 1535 iuribus
809 1471 851 1535 et
878 1456 1139 1567 pertinencijs
1167 1454 1285 1538 dictis
1314 1457 1433 1539 bonis
1460 1461 1587 1557 intra,
1620 1458 1681 1539 uel
1711 1474 1836 1555 extra,
1865 1490 1975 1571 prope
1997 1470 2040 1549 uel

285 1573 406 1680 longe
435 1596 549 1678 sepes
577 1568 741 1676 positis,
767 1564 921 1676 absque
949 1568 1030 1648 vlla
1059 1570 1303 1677 excepcione
1344 1566 1450 1651 dicta
1496 1569 1793 1679 affnempning,
1834 1572 1981 1683 Recepit
2007 1580 2042 1659 ab

107 1687 112 1708 '
223 1773 234 1790 x
284 1683 425 1766 eodem
455 1679 631 1761 Domino
659 1678 966 1787 archiepiscopo
992 1680 1094 1759 Tres
1123 1680 1308 1761 Marcbas
1336 1696 1443 1762 terre
1472 1684 1515 1763 in
1544 1682 1828 1777 bellinxstum,
1857 1701 1894 1763 et
1919 1688 2043 1769 Curiam

283 1799 327 1877 in
355 1790 493 1888 lnndi,
521 1793 564 1872 in
594 1790 783 1900 parocbia
819 1792 1002 1887 aesaebro,
1040 1793 1108 1872 cui
1136 1792 1350 1876 subiacent
1392 1821 1473 1875 sex.
1501 1822 1583 1875 ore.
1613 1809 1739 1890 terre,
1783 1822 1871 1875 cum
1898 1800 2043 1879 omnibus

284 1905 441 1989 iuribus
469 1922 511 1985 et
537 1901 766 2007 attinencijs
793 1900 912 1983 dictis
941 1902 1114 2011 predijs,
1151 1904 1257 1983 intra
1287 1902 1350 1985 uel
1380 1922 1514 2001 entra,
1558 1930 1688 2012 prope
1730 1905 1796 2015 uel
1828 1907 1937 2011 longe
1961 1938 2044 2018 sepes

283 2017 445 2127 positis,
474 2014 628 2124 absque
656 2012 841 2123 qnalibet
868 2015 1114 2121 excepcione
1149 2012 1258 2097 dicta
1301 2014 1602 2125 affnempning‚
1646 2016 1778 2123 Super
1809 2016 1973 2125 predicta
1997 2049 2045 2099 au-

282 2148 365 2211 tem
394 2127 715 2236 permutacione,
744 2122 850 2220 dati,
879 2126 1095 2232 assignati,
1124 2142 1166 2205 et
1196 2127 1349 2233 recepti
1378 2126 1545 2207 fuerunt
1573 2127 1797 2207 secundnm
1830 2128 1928 2236 leges
1953 2147 2045 2238 etpr-

171 2336 176 2341 .
283 2244 359 2321 trie
388 2234 719 2318 consuetudinem
751 2236 916 2344 firmarii
955 2236 1161 2345 wlgariter
1198 2237 1295 2319 dicti
1325 2238 1464 2333 fastar,
1509 2240 1764 2345 Recognouit
1807 2239 1922 2319 eciam
1949 2239 2045 2321 dictus

190 2393 204 2443 ;
245 2444 247 2450 ¹
281 2352 474 2434 Nicolaus
501 2376 543 2429 se
572 2348 769 2455 recepisse
798 2362 839 2426 et
868 2346 1053 2430 habuisse
1095 2346 1148 2429 ab
1183 2346 1323 2434 eodem
1357 2346 1523 2429 domino
1565 2350 1872 2461 archiepiscopo
1899 2348 1945 2431 ad
1970 2352 2046 2431 valo

281 2492 366 2545 rem
396 2460 702 2569 Quinquaginta
733 2458 985 2539 Marcharum
1025 2477 1182 2539 monete
1215 2488 1324 2540 nunc
1353 2463 1572 2557 currentis,
1620 2464 1733 2565 Quas
1763 2466 1920 2544 racione
1946 2465 2046 2543 cuius·

191 2666 194 2669 ⁴
281 2576 374 2658 dam
405 2571 696 2653 melioracionis
725 2570 802 2651 sibi
830 2567 960 2666 dedit,
990 2572 1040 2650 Jn
1073 2571 1356 2680 premissorum
1379 2589 1512 2655 autem
1528 2574 1826 2671 testimonium,
1855 2590 1894 2653 et
1920 2576 2047 2655 euiden-

281 2690 383 2769 ciam
413 2684 633 2793 pleniorem
664 2680 837 2787 sigillum
868 2699 1006 2761 nostre
1035 2684 1334 2763 communitatis
1349 2682 1398 2765 ad
1430 2685 1666 2767 instanciam
1695 2684 1797 2765 dicti
1828 2684 2049 2796 Nicolaipre

260 2796 463 2880 sentibus
492 2810 553 2872 est
581 2820 824 2900 appensum,
852 2792 1001 2875 Datum
1031 2794 1183 2903 upsalie
1213 2819 1320 2879 anuo
1347 2794 1512 2877 domini.
1541 2796 1614 2883 Μ’.
1644 2796 1779 2885 CCC',
1831 2798 1993 2901 Quarto,
2014 2800 2048 2877 lu

280 2912 440 2992 Octauo
468 2922 700 2988 sanctorum
730 2904 1032 2987 innocencium.

897 3047 1017 3133 Sigillet
1039 3045 1215 3126 bertlallet,
1238 3067 1358 3114 remsau
1381 3007 1467 3132 quar.

167 3375 196 3392 ”
295 3367 464 3497 ιιίῐόζ
929 3364 1080 3494 1304
1127 3365 1177 3475 tl.
1233 3384 1300 3494 14
1346 3369 1451 3472 Jan.
1785 3302 2049 3514 Linln'iping.

360 3580 659 3670 Tjenstliirrettande
681 3586 879 3667 bagmannen
903 3586 914 3646 i
935 3583 1148 3666 ostes-gonaud
1165 3585 1372 3652 ,Watocuaue
1393 3587 1562 3650 Fastebrel'
1580 3589 1619 3672 pi
1642 3607 1712 3656 atne
1744 3593 1882 3671 fittingar
1902 3589 1913 3648 i
1935 3586 2050 3664 derben,

411 3666 478 3732 s'om
500 3672 706 3753 Domprostcn
728 3669 737 3727 i
760 3668 933 3752 Linliiping
958 3671 1109 3731 Wimund
1132 3671 1208 3754 ldpt
1229 3669 1266 3730 as
1283 3668 1511 3752 Kyrkoberdeo
1534 3672 1685 3735 Salmcnd
1707 3676 1718 3736 i
1739 3673 1856 3758 Nusby.

1836 3787 1870 3839 A.
1889 3785 1911 3838 6.
1928 3801 1949 3837 a.

389 3918 591 3999 Omnibus
620 3935 826 4025 presentes
856 3919 1008 3999 litteras
1024 3907 1277 4026 inspecturis.
1307 3919 1607 4000 Wnnnnnns
1638 3923 1747 4002 uices
1771 3922 2054 4030 legiferatusge·

276 4058 370 4115 rens
399 4031 442 4110 in
474 4031 646 4136 osgocia.
676 4029 845 4110 salutem
875 4031 917 4108 in
947 4025 1122 4120 domino.
1153 4029 1314 4109 Terrore
1345 4031 1594 4138 presencium
1630 4049 1819 4115 constare
1849 4031 1941 4115 volo
1967 4030 2054 4109 lucu-

278 4147 421 4226 lenter.
449 4139 561 4252 quod
577 4168 686 4220 anno
703 4139 866 4222 domini.
895 4140 970 4221 Mt
987 4141 1120 4222 CCC‘.
1137 4142 1247 4222 11110.
1277 4139 1376 4221 seria
1398 4139 1570 4223 secunda
1586 4149 1772 4252 proxima
1791 4162 1885 4254 post
1900 4159 2053 4224 octauam

229 4245 234 4251 ¹
276 4254 505 4374 epiphanie.
535 4278 616 4363 que
644 4248 793 4334 dicitur
826 4252 1297 4360 lagdbingsmanadager.
1326 4252 1501 4362 lincopie
1531 4255 1571 4333 in
1600 4259 1711 4344 curia
1731 4257 1888 4337 domini
1904 4250 2053 4364 episcopi

275 4371 320 4450 in
349 4393 493 4470 magna
522 4381 653 4472 stupa.
682 4366 976 4444 communicato
993 4364 1259 4446 discretorum
1290 4379 1330 4442 et
1361 4363 1680 4474 legisperitorum
1697 4369 1872 4449 consilio
1888 4361 2054 4472 solempni

277 4477 584 4568 examinacione,
608 4490 649 4555 et
676 4473 860 4582 diligenti
888 4477 1154 4585 inquisicione
1184 4474 1416 4582 probabitis.
1453 4477 1669 4592 legumque
1697 4481 1831 4588 patrie
1859 4478 2054 4560 tradicione

276 4605 447 4673 seruata.
474 4584 576 4665 duos
603 4603 804 4694 attungos.
833 4588 876 4668 in
904 4587 1138 4695 prabyergh
1168 4589 1211 4666 in
1239 4588 1610 4696 parochiallystad.
1638 4587 1742 4701 quos
1770 4585 1958 4674 dominus
1983 4585 2052 4668 Wi-

277 4698 452 4782 mundus
481 4698 711 4807 prepositus
741 4699 980 4807 lincopensis
1008 4698 1058 4778 de
1086 4695 1251 4780 domino
1280 4697 1502 4780 Salmundo
1524 4703 1732 4810 quondam
1762 4720 1922 4783 rectore
1952 4695 2054 4778 eccle·

261 4817 333 4896 ‘sie
358 4809 409 4894 dc
437 4809 577 4919 nesby.
606 4837 678 4916 per
709 4809 943 4920 legittimam
973 4808 1205 4920 prediorum
1236 4813 1577 4920 permutacionem
1603 4815 1703 4898 maed
1719 4815 1867 4896 festum
1896 4839 1943 4894 oc
1969 4811 2055 4916 laga·

1230 4946 1236 4957 ·
1798 4925 1973 5056 lengum,
