4317 5975
979 420 1231 584 -lau
1318 330 1476 489 'a'

291 649 372 759 hijs
399 649 548 730 nostris
575 646 804 730 nacionibus
831 660 871 727 et
906 644 1200 740 consimilibus,
1237 640 1678 751 strengicnensiumque
1720 640 1888 727 similiter
1912 653 2034 757 auditis,

293 782 334 842 et
360 759 576 866 diligenter
604 756 794 841 hincinde
835 752 1169 947 (consideratisp
1199 753 1452 861 ponderatis,
1495 750 1702 833 ordinauit
1741 755 1846 864 quod
1884 762 1922 840 in
1948 764 2035 850 diuis

290 870 543 955 sialabodum
573 870 625 952 de
653 870 742 950 foca
772 869 1123 950 mendicaeionem,
1156 892 1359 947 aceremus
1379 891 1425 944 ea
1441 861 1680 945 condicione
1708 867 1874 965 adiecta,
1898 880 2037 982 quanin

291 984 427 1064 littera
456 1009 527 1061 sua
554 1008 677 1089 super
705 979 785 1060 hoc
813 981 983 1086 negocio
1012 979 1228 1087 expressit,
1256 977 1386 1058 donec
1415 1002 1488 1082 per
1516 973 1709 1057 iudicium
1742 982 1942 1085 prouincie‚
1965 986 2039 1069 lina.

292 1095 384 1175 liter
413 1119 531 1172 causa
557 1119 630 1171 seu
658 1092 817 1203 questio
846 1090 955 1171 dicta
991 1090 1196 1187 finiretur,
1238 1090 1443 1169 remittens
1483 1085 1808 1169 nobis·litteram
1835 1119 1950 1190 suam,
1985 1100 2039 1183 suh

291 1203 424 1311 sigillo
453 1232 546 1299 suo,
574 1218 755 1283 tenorem
785 1199 1010 1311 predictum
1040 1202 1336 1295 continentem,
1352 1226 1472 1309 quem
1491 1198 1666 1279 exibitor
1681 1202 1922 1309 presencium
1946 1204 2040 1289 lector

292 1333 442 1411 noster,
474 1314 713 1423 paternitati
742 1332 873 1393 vestre
902 1312 1162 1422 presentabit.
1194 1312 1307 1391 villas
1322 1310 1447 1391 eciam
1464 1338 1544 1421 que
1559 1306 1745 1392 adiacent
1775 1314 1946 1420 parochie
1964 1314 2041 1401 dicte

292 1428 429 1522 solun,
466 1452 546 1534 que
575 1441 671 1504 sunt
704 1424 886 1505 similiter
914 1426 956 1504 in
988 1441 1126 1504 nostro
1164 1422 1535 1531 archiepiscopatu,
1576 1422 1825 1529 Legiseratu,
1852 1441 1888 1505 et
1914 1432 2042 1535 prouin-

292 1540 355 1619 cia
384 1535 533 1616 scilicet
558 1534 754 1632 attundia,
785 1536 877 1617 licet
905 1528 954 1616 ex
985 1552 1099 1643 parte
1128 1530 1380 1641 meridionali
1397 1532 1589 1613 torrentis
1611 1532 1923 1633 stokholmensis,
1947 1556 1980 1617 et
2001 1537 2042 1618 vl·

292 1666 354 1729 tra
385 1647 604 1729 sialabodir
633 1650 796 1743 situate,
839 1663 1007 1741 nostras,
1035 1662 1075 1725 et
1105 1646 1145 1724 in
1176 1647 1323 1726 nostris
1366 1644 1545 1725 terminis
1589 1672 1672 1725 esse
1702 1650 1996 1753 recognoscimus
2015 1667 2044 1729 et

293 1760 558 1854 affirmamus,
578 1760 773 1868 'quamuis
802 1759 1002 1839 interdum
1034 1754 1369 1867 villaspredictas
1398 1772 1438 1834 et
1462 1756 1475 1835 i
1506 1755 1539 1835 si
1570 1755 1909 1853 mendicauerant,
1935 1761 2044 1840 nostris

293 1870 509 1965 fratribus,
539 1870 626 1950 loca
655 1870 745 1965 illa,
773 1871 889 1980 quasi
917 1868 1036 1949 exilia
1060 1884 1100 1947 et
1133 1896 1255 1975 paruc
1285 1864 1450 1979 (valoris
1464 1783 1504 1970 *b
1530 1866 1731 1963 utilitatis,
1762 1868 1812 1949 ad
1836 1870 1974 1978 aliquot
1997 1880 2072 1952 au'

292 2008 369 2060 nos
398 2008 479 2059 non
510 1979 777 2061 visitantibus.
807 1981 930 2059 frater
958 2001 1091 2060 tamen
1119 1980 1274 2071 roricus
1303 1977 1422 2073 dicit,
1452 1996 1490 2058 et
1519 1978 1625 2059 iurat
1654 1981 1694 2057 in
1725 1980 1857 2057 anima
1878 2009 1952 2075 sua,
1965 1982 2045 2090 quod

230 2164 237 2175 .
294 2090 344 2171 ad
374 2093 536 2199 triginta
565 2118 693 2171 annos
721 2090 800 2172 suit
828 2092 961 2171 socius
1004 2090 1139 2170 fratris
1182 2088 1380 2196 Emundj,
1425 2089 1692 2185 sictoniensis,
1717 2090 1799 2170 illic
1828 2088 2045 2172 mendicantis

292 2203 479 2312 pluribus
508 2206 636 2283 annis.
665 2201 762 2308 jtem
792 2203 899 2281 iurat
929 2200 1052 2280 frater
1092 2200 1291 2298 thorirus,
1339 2201 1452 2309 quod
1500 2199 1623 2279 frater
1668 2203 1731 2281 bo.
1762 2218 1803 2281 et
1836 2202 1901 2307 alij
1927 2202 1969 2281 de
1991 2203 2046 2282 sil·

288 2318 404 2395 tonia
434 2314 570 2393 multis
599 2315 736 2406 annis,
764 2316 956 2392 terminos
984 2312 1074 2393 illos
1105 2313 1267 2420 pacifice
1296 2312 1531 2408 coluerunt,
1561 2312 1743 2419 Contigit
1772 2314 1932 2419 insuper
1957 2329 2047 2393 estate

290 2422 548 2533 precedentj‚
577 2426 846 2504 venerabilem
872 2442 1045 2532 patrem,
1074 2422 1281 2502 domiuum
1306 2422 1651 2531 archiepiscopum
1668 2441 1870 2519 nostrum,
1896 2452 1976 2502 cum
1992 2450 2047 2501 ma·

292 2536 418 2641 gistro
447 2535 595 2615 andrea
624 2563 695 2643 pre
729 2538 850 2627 osito,
880 2563 956 2615 vna
985 2552 1026 2614 ct
1055 2532 1219 2617 domino
1249 2535 1432 2642 birgero,
1467 2531 1655 2641 vplandie
1686 2534 1873 2640 legifero,
1900 2562 1965 2615 nec
1989 2559 2047 2615 non

288 2663 332 2726 et
359 2642 522 2725 domino
550 2646 671 2738 deh
698 2564 972 2742 liialdorsson,
1002 2645 1166 2726 domino
1196 2645 1409 2726 benedicto
1438 2644 1587 2741 boson,
1617 2644 1788 2755 alijsque
1817 2644 2048 2727 ecclesiasticis
2109 2718 2111 2733 ,

292 2776 331 2837 et
358 2756 597 2837 militaribus
626 2758 808 2866 personis
835 2755 1022 2857 idoneis,
1068 2756 1174 2864 mittj
1201 2758 1253 2837 ab
1282 2756 1429 2836 illustri
1472 2784 1565 2863 rege
1595 2773 1735 2837 nostro
1764 2786 1886 2865 super
1913 2760 2048 2867 quodam
2109 2780 2111 2893 p

151 2952 160 2969 „
291 2870 481 2975 negocio,
508 2867 622 2978 quod
652 2868 887 2949 uertebatur
916 2870 1021 2950 inter
1050 2870 1180 2978 ip'sum
1211 2886 1251 2949 et
1278 2868 1485 2948 dominum
1516 2868 1680 2955 Ericum
1723 2866 1886 2965 ducem,
1924 2870 2050 2948 fratrem
2109 2896 2111 2935 t

84 2978 89 2989 ’
187 3031 195 3039 -
292 3008 430 3075 suum,
460 2977 510 3060 de
539 2980 714 3060 confinio
743 2998 788 3060 et
813 2980 1006 3063 limitibus
1034 2983 1140 3062 inter
1169 2980 1400 3090 prouincias
1431 2997 1684 3075 memoratas,
1713 2977 1926 3088 diligenter
1951 2979 2049 3088 requi·

272 3093 441 3196 ‚situris
484 3093 566 3193 Qui
595 3109 635 3171 et
663 3089 924 3198 indagacione
953 3096 1195 3174 rusticorum
1238 3093 1539 3200 antiquorum,
1561 3094 1902 3173 conuicaneorum
1942 3093 2051 3170 utrius

209 3237 215 3246 ·
293 3229 373 3312 que
405 3204 633 3310 prouincie,
662 3221 900 3311 repererunt
915 3206 954 3283 in
973 3206 1062 3312 ipso
1077 3205 1255 3284 confinio
1266 3203 1416 3309 scilicet
1439 3205 1544 3284 inter
1564 3203 1823 3284 arusboawils
1853 3220 1893 3282 et
1919 3199 2052 3310 telgedj,

292 3310 405 3422 quod
434 3330 494 3392 est
522 3315 629 3393 ultra
658 3315 877 3394 confinium
907 3315 1091 3396 villarum
1121 3313 1414 3422 predictarum,
1442 3332 1575 3423 petras
1596 3311 1812 3423 quasdam,
1841 3317 1881 3393 in
1910 3313 2053 3423 quasin·
2108 3321 2112 3474 ⁴

294 3423 373 3502 fusi
400 3442 494 3503 sunt
522 3425 663 3505 circuli
692 3424 834 3533 feroej,
863 3425 1188 3520 futurisseculis,
1219 3426 1428 3506 ueritatem
1446 3427 1724 3536 antiquorum,
1755 3427 2054 3506 omnibusosten·
2111 3484 2112 3520 ,

293 3533 453 3632 dentes,
481 3535 620 3646 ibique
648 3538 844 3616 maiorum
867 3557 906 3617 et
920 3541 1121 3617 seniorum
1149 3538 1385 3644 sagacitate,
1416 3565 1553 3618 verum
1570 3537 1809 3634 confinium,
1839 3565 1972 3618 coram·
1990 3559 2055 3640 rege
2109 3523 2112 3698 q

160 3657 168 3672 '
293 3663 436 3728 nostro
465 3664 505 3727 et
533 3648 654 3744 duce,
683 3649 916 3728 iuramentis
945 3649 1200 3728 affirmarent.
1255 3647 1506 3755 Supradietis
1548 3677 1622 3754 nos
1665 3649 1919 3746 racionibus,
1950 3663 1984 3727 et
2006 3673 2055 3752 ap
2111 3709 2112 3736 ,

294 3759 609 3864 probacionibus
639 3761 799 3855 confisi,
826 3744 868 3838 ct
897 3761 1101 3868 potissime
1131 3759 1265 3840 littera
1294 3761 1509 3870 reuerendj
1525 3763 1663 3868 patris,
1684 3762 1834 3868 prioris
1864 3757 2055 3867 prouincia·
2110 3741 2112 3810 l

293 3867 361 3964 lis,
390 3872 566 3950 misimus
594 3898 644 3949 ex
673 3896 783 3950 more
811 3871 953 3952 fratres
984 3891 1161 3967 nostros,
1191 3869 1378 3952 andream
1408 3889 1449 3952 et
1476 3873 1713 3981 johannem,
1743 3870 1796 3950 ad
1819 3873 1993 3953 tabernas
2016 3894 2057 3946 se·

296 3977 491 4088 pedictas,
530 4007 607 4090 pro
637 3979 722 4060 loca
753 3998 796 4060 vt
826 3993 938 4090 prius
967 3981 1250 4080 mendicanda,
1278 3983 1427 4093 quibus
1456 3981 1614 4064 ibidem
1635 3981 1871 4093 aliquandiu
1900 3979 2056 4062 moranti·

294 4093 392 4188 bus,
421 4110 746 4200 superuenerunt
774 4092 920 4172 fratres
947 4097 1291 4201 strengieuenses,
1329 4124 1499 4202 magnus
1527 4112 1567 4176 et
1596 4095 1759 4193 Ericus,
1804 4111 2057 4175 asserentesse

291 4205 432 4284 missos
460 4233 483 4283 a
514 4208 650 4312 priore
678 4231 753 4283 suo
780 4223 821 4286 et
849 4221 1055 4285 conuentu
1086 4205 1267 4286 similiter
1296 4203 1441 4286 ibidem
1474 4205 1718 4300 mendicare,
1747 4205 1800 4286 ad
1829 4233 1931 4314 quos
1956 4225 2057 4282 acces·

178 4390 182 4396 .
293 4315 345 4394 sit
374 4312 500 4394 frater
529 4314 773 4410 bernardus,
809 4333 908 4396 tunc
937 4318 1128 4426 supprior
1158 4317 1398 4412 noster„eis
1437 4317 1653 4399 ostendens
1680 4333 1721 4396 et
1750 4317 1889 4426 legens'
1915 4317 2055 4394 litteram

292 4427 575 4533 prouincialis,
605 4427 676 4535 qui
705 4424 1002 4536 responderunt
1030 4458 1071 4508 se
1103 4431 1215 4535 prius
1252 4427 1344 4508 talia
1374 4426 1592 4524 audiuisse,
1621 4447 1662 4509 et
1690 4447 1860 4536 propter
1887 4427 1956 4508 hee
1982 4419 2056 4504 nihil

292 4537 424 4617 facere
453 4538 731 4647 uelomittere.
762 4557 897 4647 postea
927 4544 1100 4648 rogauit,
1129 4556 1169 4618 et
1198 4539 1357 4619 tandem
1382 4538 1586 4620 mandauit
1607 4542 1663 4620 eis
1692 4547 1805 4645 prior
1836 4556 1974 4630 noster,
1998 4533 2015 4612 l
2044 4573 2057 4588 ·
2111 4569 2112 4580 2

294 4664 356 4726 ter
383 4649 529 4754 lsrael,
558 4665 749 4758 tanquam
787 4651 1049 4732 terminorum
1089 4666 1297 4731 nostorum
1340 4653 1594 4734 inuasoribus
1636 4651 1712 4732 sub
1743 4679 1847 4762 pena
1887 4641 2056 4757 precepti·

293 4756 405 4867 quod
436 4759 684 4855 desisterent,
712 4763 785 4871 qui
813 4763 1110 4868 responderunt
1139 4761 1240 4843 idem
1270 4761 1381 4872 quod
1403 4765 1525 4871 ,prius
1553 4767 1638 4846 h'os
1670 4791 1768 4850 uero
1794 4760 1964 4846 videntes
1988 4754 2056 4834 illo·

291 4945 564 4961 m—

334 5008 358 5081 *J
380 5003 477 5066 Ordel
498 5012 532 5063 ιι·
554 5001 796 5086 underpricladt
817 5006 826 5062 i
848 5004 1016 5084 originalet.
