4317 5975
965 399 1378 481 ιιι-368...

283 624 405 719 biteri
427 626 603 705 triticum
620 623 683 704 vel
698 624 893 730 siliginem
910 620 1027 702 uobis
1048 620 1165 701 annis
1186 619 1357 731 singulis
1370 618 1553 707 debitum
1567 632 1661 698 ante
1675 614 1910 703 dominicam
1925 635 2055 715 caruis·
2140 655 2141 720 l

189 791 195 801 -
282 738 405 845 priuii
418 736 469 817 ad
482 734 661 816 ultimum
679 732 829 819 deferri
846 732 997 815 faciant
1012 731 1062 813 ad
1080 730 1164 812 loca
1182 731 1457 837 infrascripta,
1473 757 1614 835 onrues
1627 728 1839 839 presbiteri
1854 721 1905 819 de
1917 740 2054 825 tiundia

281 864 451 956 excepto
480 844 780 927 habohundaere
801 842 983 925 deferant
1007 841 1199 951 vpsaliam
1230 842 1281 925 ad
1310 842 1462 922 curiam
1493 859 1669 922 nostram
1698 838 1748 921 de
1776 840 2055 946 lylrundaere&

168 1006 170 1010 ·
280 956 521 1037 saehundaere
550 956 756 1038 deseratur
783 972 931 1036 tonum
959 956 1001 1035 in
1030 955 1119 1036 alcir
1147 952 1197 1033 de
1224 952 1603 1035 walendalrundaere
1633 950 1915 1059 laughundaere
1939 962 2055 1044 solen·

280 1066 525 1160 dahuudaere
561 1073 601 1148 8(
629 1064 1074 1175 arlenningiahundaere
1101 1066 1311 1152 sictoniatn
1341 1063 1610 1147 brohundaere
1638 1062 1794 1153 deferat
1827 1062 1879 1145 ad
1920 1074 2055 1153 curiam

278 1196 458 1259 nostram
489 1196 626 1275 muza,
656 1178 954 1261 habohundaere
974 1204 1063 1259 cum
1093 1174 1327 1259 lioedrundia
1357 1191 1472 1271 arno,
1500 1177 1583 1279 Qui
1609 1192 1742 1257 autem
1772 1175 1813 1255 in
1842 1174 1918 1257 hoc
1945 1182 2060 1289 negli·'
2141 1231 2142 1284 3

250 1281 418 1397 'gentes
465 1290 615 1371 fuerint
645 1290 716 1371 illo
743 1288 923 1369 'termino
959 1288 1098 1396 elapso
1136 1287 1301 1369 soluaut
1342 1284 1511 1395 duplum
1555 1288 1660 1367 ltem
1703 1284 1961 1394 prohibemus
1991 1292 2057 1373 sub
2141 1287 2142 1332 ³

250 1480 252 1487 Α
279 1403 612 1481 interminacione
641 1401 905 1493 anathematis
936 1416 979 1477 vt
1008 1397 1145 1505 nullus
1179 1398 1343 1481 ecclesie
1372 1397 1498 1479 libros
1520 1396 1672 1478 incidat
1686 1396 1884 1480 diminuat
1911 1400 1971 1479 rel
1997 1401 2056 1483 de·

278 1530 442 1594 truncct
471 1540 546 1620 pro
574 1539 832 1622 quocumque
859 1539 934 1591 suo
961 1509 1176 1593 commodo
1204 1510 1267 1590 vel
1320 1536 1398 1618 pro
1438 1534 1683 1617 quacunque
1724 1538 1795 1591 sua
1839 1515 2056 1592 necessitate

278 1628 383 1703 item
411 1627 622 1705 statuimus
648 1622 693 1705 'nt
721 1622 870 1731 singuli
898 1622 1275 1730 presbiteri‘nostre
1303 1618 1507 1725 dyocesis,
1536 1622 1650 1700 annis
1678 1618 1848 1732 singulis
1876 1622 1928 1701 ita
1968 1638 2054 1701 tem·
2135 1616 2141 1625 ’

236 1742 240 1750 ’
278 1736 435 1842 pestiue
464 1735 654 1843 upsaliam
685 1734 867 1837 veniant,
896 1732 1008 1841 quod
1037 1732 1166 1814 modis
1194 1732 1380 1819 omnibus
1394 1731 1583 1813 intersint
1598 1731 1715 1813 misse
1736 1758 1817 1840 que
1840 1733 1883 1811 in
1910 1732 2056 1813 inchoa·
2142 1789 2143 1820 2

277 1848 394 1941 eionc
412 1844 570 1951 synodi
596 1844 872 1955 sollempniter
900 1842 950 1925 de
979 1838 1120 1924 sancto
1148 1845 1294 1952 spiritu
1322 1840 1403 1921 dici
1442 1840 1555 1924 solet.

288 2200 455 2362 lali.
910 2236 1060 2378 1298
1107 2234 1156 2342 d.
1211 2228 1279 2381 r9
1325 2230 1459 2339 Julii.
1512 2261 1516 2272 '
1748 2144 1752 2149 ‘
1916 2237 2055 2339 Arati.
2135 2320 2139 2328 .

360 2452 616 2537 isle-Bislopcn
648 2455 720 2518 Nus
750 2456 917 2521 siturus
949 2452 1125 2521 Aflstsbref
1142 2456 1192 2519 fdr
1213 2454 1397 2538 botgdrorc,
1418 2473 1483 2517 som
1506 2452 1621 2517 hesdin
1642 2452 1780 2535 lungfru
1801 2454 1910 2517 Maria
1929 2451 2053 2538 capelli

400 2532 744 2622 Upsala‘Duurltyrks.
1655 2618 1723 2673 Μ
1797 2618 1812 2687 ⁴

484 2650 488 2659 ι
1723 2636 1776 2672 ‚a
1815 2636 1885 2689 ²¹9·

354 2846 359 2856 ¹
409 2754 611 2836 Omnibus
639 2766 845 2862 presentes
873 2756 1027 2837 litteras
1056 2758 1310 2863 inspecturis,
1324 2751 1534 2834 Nsconsus
1562 2753 1701 2835 diuina
1730 2754 1987 2835 miseracione
1999 2780 2052 2831 ar·

275 2862 554 2973 chiep'iseopus
582 2863 802 2976 upsalensis
829 2868 997 2950 salutern
1030 2868 1071 2945 in
1106 2867 1271 2947 domino
1298 2864 1602 2973 sempiternom,
1631 2882 1676 2945 vt
1703 2863 1885 2948 fidelium
1898 2865 2053 2947 deuociu

274 3003 370 3082 erga
399 3004 605 3058 sacrorum
634 2978 815 3060 locorum
844 2976 1034 3061 deuotam
1063 2978 1349 3072 visitacionem,
1383 3005 1461 3085 pro
1488 2975 1552 3058 dei
1581 2980 1689 3059 omni
1749 2980 1873 3060 tentis
1900 2976 2052 3072 horrore,

273 3105 501 3168 sanctorum
532 3116 696 3170 suorum
711 3094 991 3187 veneracione,
1019 3096 1059 3169 &
1087 3091 1149 3171 sui
1176 3090 1300 3198 ipsius
1327 3085 1584 3168 edificacione
1612 3003 1922 3197 proldbtibiliter
1960 3087 2059 3168 enci·

142 3300 146 3306 Ι
274 3214 403 3298 tetur,
432 3198 542 3280 Solet
565 3200 781 3281 salubriter
810 3202 1024 3282 remissiuis
1054 3198 1323 3308 indulgencijs
1353 3189 1745 3308 veludquibusdam
1777 3201 2058 3307 illectiuispre··

275 3311 363 3388 miis
407 3311 590 3407 inuitari,
636 3313 696 3391 vt'
723 3309 857 3392 fideles
900 3309 1150 3422 ipsi'exinde
1181 3308 1406 3417 reddantur
1432 3307 1568 3390 diuine
1595 3313 1731 3420 gracie
1759 3317 1959 3420 apciores,
1984 3311 2053 3390 Cu·

274 3421 430 3525 pientes
459 3423 583 3527 igitur
610 3439 655 3500 rt
683 3422 836 3532 capella
854 3423 970 3504 beate
998 3424 1166 3530 virginis
1196 3423 1237 3500 in
1264 3418 1430 3499 ecclesia
1460 3439 1595 3502 nostra
1626 3422 1851 3531 upsalensi,
1880 3421 2051 3530 congruis

138 3575 145 3586 -
272 3529 497 3628 honoribus
526 3531 823 3642 frequentetur,
852 3533 1039 3615 omnibus
1065 3559 1161 3612 vere
1189 3531 1463 3640 penitentibus
1491 3537 1530 3612 u
1551 3532 1740 3614 confessis
1753 3537 1829 3644 qui
1845 3535 2049 3645 predictam

273 3640 468 3748 capellam
496 3642 537 3722 in
568 3643 744 3725 sabbatis
772 3647 901 3738 tocius
929 3646 1024 3725 anni
1053 3643 1419 3751 frequentauerint,
1448 3650 1487 3726 &
1515 3643 1650 3724 officio
1679 3646 1795 3726 misse
1825 3641 2060 3756 quamscole'
2144 3632 2145 3667 ³

182 3847 185 3866 Ι
272 3749 422 3832 ibidem
452 3751 587 3834 dicere
613 3754 744 3837 solent
771 3755 1048 3851 interfuerint,
1076 3781 1147 3836 seu
1177 3752 1229 3834 ad
1256 3755 1672 3862 eiusreparaeionem,
1700 3770 1903 3852 ornatum,
1918 3753 1977 3836 rel
1999 3753 2051 3831 lu·
2144 3776 2145 3847 ς

272 3865 438 3945 minaria
485 3893 645 3946 manum
676 3869 932 3977 porrexerint
961 3867 1218 3960 adiutricem,
1275 3865 1337 3944 De
1368 3867 1658 3974 omnipotentis
1685 3865 1751 3948 dei
1780 3864 2050 3956 misericordia,
2144 3888 2145 3891 ‘

272 4001 320 4053 ac
361 3976 572 4058 beatorum
614 3977 888 4086 apostolorum
926 3980 1035 4062 Petri
1064 3985 1104 4058 8(
1132 3977 1265 4073 Pauli,
1292 3975 1508 4084 Laureneij
1536 3983 1576 4058 8r
1605 3979 1712 4058 Eriei
1741 3981 1950 4063 Martirum
1977 3978 2060 4056 eius·
2144 3970 2145 3990 ¹

273 4089 512 4168 auctoritate
541 4088 693 4185 confisi,
720 4091 1013 4198 Quatraginta,
1043 4090 1245 4202 Hijsvero
1273 4089 1347 4196 qui
1375 4091 1552 4197 vesperis
1593 4088 1768 4172 eiusdem
1797 4091 1916 4173 beate
1943 4087 2050 4194 virgi·

271 4198 334 4277 nis
362 4197 542 4280 dicendis
571 4199 623 4279 ab
652 4197 802 4281 eisdem
835 4201 953 4281 scolis
981 4204 1025 4281 in
1053 4201 1177 4282 sextis
1217 4197 1404 4279 videlicet
1446 4198 1558 4308 ferijs
1598 4200 1684 4311 ipsa
1719 4201 1889 4285 sabbata
1925 4204 2049 4282 imme·

259 4306 380 4389 ‘diste
421 4307 732 4418 precedentibus
760 4312 907 4392 deuote
936 4310 1206 4408 interfuerint,
1235 4311 1380 4418 viginti
1409 4309 1564 4391 dierum
1596 4312 1891 4420 indulgenciam
1921 4311 2047 4393 deiu-

272 4421 420 4503 iunctis
448 4421 525 4501 sibi
569 4423 806 4529 penitenciis
833 4423 1073 4530 supradictis
1102 4421 1246 4503 diebus
1273 4419 1441 4527 singulis
1469 4422 1779 4504 misericorditer
1823 4427 1865 4508 in
1898 4423 2050 4506 domiuo

137 4529 143 4540 “
270 4530 504 4614 relaxamus.
560 4536 710 4614 Datum
741 4532 854 4645 apud
879 4536 1018 4628 Aarnd
1046 4561 1153 4614 anno
1180 4529 1334 4638 dominj
1361 4533 1434 4614 Μ’.
1464 4534 1564 4615 CC’.
1621 4537 2048 4645 Nonagesinooctaun

269 4644 574 4751 quartodecimo
603 4643 681 4724 kal.
710 4646 883 4754 augusti·

632 4816 770 4902 sigillet,
793 4829 898 4883 nastes
931 4817 1101 4902 oeladadt,
1122 4822 1163 4908 pt
1189 4842 1227 4884 en
1251 4843 1290 4884 ur
1312 4821 1437 4886 brefvet
1458 4793 1566 4910 klippt
1585 4799 1695 4886 retusa.
