4317 5975
825 382 882 423 -.-
991 335 1074 443 tat
1175 318 1243 401 ’-

133 561 211 646 bus
239 556 466 655 evidenter,
493 554 606 669 quod
638 583 711 638 nos
738 554 945 670 religiosas
973 553 1158 671 dominis
1185 545 1225 639 ¹at
1246 555 1459 669 ¹honestas,
1503 555 1703 641 dammam
1744 559 1937 645 abbatis·
2010 562 2012 573 ⁴
2055 624 2059 635 ,

132 699 217 756 sam
247 687 287 754 et
315 684 560 753 conventum
593 667 769 777 ejusdem
799 669 840 747 iu
870 668 994 764 Scbo,
1015 698 1121 750 cum
1150 668 1340 753 omriibus
1370 668 1488 751 bonis
1515 670 1617 766 suis,
1648 672 1866 755 mobilibus
1895 692 1937 755 et

133 782 430 878 immobilibus,
459 781 622 877 villicis,
651 780 829 875 colonis,
870 778 1033 863 familiis
1069 799 1110 863 et
1139 782 1320 890 personis
1350 782 1392 862 in
1420 780 1568 863 eisdem
1612 782 1729 865 bouis
1759 812 1938 867 commo·

53 992 57 998 ,
132 896 340 991 rantibus,
369 894 446 975 sub
475 908 622 974 nostrae
651 891 1160 999 protectionismuuimeu,
1188 909 1229 973 et
1260 894 1396 975 tutelae
1418 896 1585 1001 gratiam
1616 897 1832 1005 recipimus
1848 925 1939 1007 spe·

100 1078 104 1093 .
133 1007 296 1104 cialem,
325 1006 466 1088 dantes
493 1021 535 1085 et
563 1003 814 1116 declarantes
841 1006 969 1111 ipsas,
996 1031 1087 1085 oum
1118 1004 1311 1111 predictis
1327 1004 1444 1087 bonis
1472 1023 1513 1087 et
1543 1012 1743 1115 personis,
1772 1008 1824 1087 ab
1853 1036 1939 1089 om·

135 1122 255 1205 nibus
282 1117 444 1228 juribus
461 1116 511 1197 ‘et
537 1116 669 1197 causis
698 1116 921 1223 regalibus,
950 1113 1140 1196 videlicet
1168 1114 1489 1223 lethungslamae,
1520 1118 1717 1227 Slripvist,
1746 1118 1940 1228 Spannae·

76 1269 80 1276 ·
134 1231 268 1326 malae,
297 1226 504 1337 aetagiald,
539 1255 587 1307 ac
615 1226 703 1306 aliis
745 1225 1083 1323 exhibitionibus,
1126 1228 1451 1337 impositionibus
1480 1247 1520 1308 et
1549 1230 1817 1333 solutionibus
1846 1232 1938 1341 qui·
2073 1252 2076 1259 ’

49 1353 57 1370 “
136 1346 396 1451 buscunque,
427 1338 580 1420 numiui
609 1357 748 1419 nostro
779 1340 841 1419 rel
869 1338 952 1446 juri
983 1338 1149 1435 debitis,
1186 1337 1332 1437 liberas
1361 1342 1524 1447 penitus
1553 1358 1592 1420 et
1621 1358 1836 1450 exemptas.
1868 1342 1870 1344 ’
1896 1342 1939 1423 Si

136 1480 234 1537 vero
262 1452 560 1561 expeditionem
590 1467 769 1531 nostram
794 1451 965 1555 evocari
970 1467 1080 1545 ,aut
1108 1450 1351 1557 generaliter
1379 1447 1428 1533 de
1457 1468 1544 1533 toto
1574 1481 1699 1561 regno
1716 1453 1940 1534 subsidium
2074 1457 2077 1463 ’
2137 1448 2140 1461 ’

137 1567 309 1677 requiri,
338 1560 401 1644 vel
431 1588 593 1643 coronae
619 1562 909 1671 juramentum,
940 1589 1008 1644 seu
1038 1562 1234 1670 judicium
1263 1576 1447 1645 nostrum
1482 1562 1670 1673 infringi,
1699 1582 1769 1645 aut
1787 1568 1841 1667 ¹in
1871 1594 1939 1646 oc·

136 1680 252 1761 cultis
282 1672 508 1755 homicidiis
536 1670 684 1753 lllordb
705 1672 848 1777 dictis,
880 1669 943 1753 vel
973 1672 1112 1771 furtis,
1139 1678 1365 1784 quempiam
1390 1676 1576 1759 convinci
1604 1666 1833 1784 contigerit,
1863 1680 1941 1757 ista
1977 1656 1982 1682 ‘

135 1794 193 1871 eis
223 1788 452 1869 nullatenus
481 1784 607 1867 libera
635 1783 861 1883 reddimus,
904 1783 975 1864 sed
1016 1787 1263 1866 ordinationi
1314 1803 1461 1867 nostrae
1499 1786 1686 1868 volumus
1714 1788 1940 1897 specialiter

136 1902 352 2011 pertinere.
381 1896 647 1979 Prohibemus
674 1896 800 2004 igitur
826 1899 994 1995 firmiter
1021 1914 1063 1977 ct
1089 1895 1292 1994 districte,
1334 1924 1385 1977 ne
1414 1902 1505 2009 quis
1534 1901 1640 2009 ipsas
1669 1902 1709 1979 iu
1741 1900 1941 2007 premissis

135 2013 254 2097 bonis
293 2011 355 2091 vel
384 2011 584 2119 personis,
627 2024 770 2089 contra
808 2010 912 2089 banc
942 2028 1089 2089 nostrae
1116 2008 1359 2089 detensionis
1388 2027 1429 2090 et
1458 2010 1653 2090 libertatis
1681 2011 1850 2117 gratiam
1886 2013 1943 2089 eis

137 2123 335 2207 indultam
366 2124 572 2232 impetere,
600 2146 768 2227 gravare
796 2122 859 2202 vel
891 2119 1104 2202 molestare
1135 2137 1351 2229 presumat,
1379 2148 1449 2201 seu
1478 2121 1788 2233 quomodolibet
1817 2125 1943 2235 impe·

42 2336 49 2343 .
136 2238 244 2332 dire,
280 2253 403 2343 prout
432 2235 601 2341 gratiam
631 2250 808 2313 nostram
839 2232 1007 2341 diligere
1036 2232 1212 2312 voluerit
1240 2224 1490 2314 inollensam.
1535 2235 1681 2315 Datum
1713 2232 1941 2325 Ekolssuud
1999 2283 2034 2327 ·,

137 2353 258 2429 Auno
283 2344 438 2426 domini
467 2344 518 2432 Μ.
548 2344 660 2425 CCC.
688 2345 778 2428 Vll.
812 2347 861 2427 16
881 2344 1061 2425 Kalend.
1093 2342 1200 2452 ttaji.

151 2854 320 2979 1544·
535 2811 576 2821 ”
754 2846 1335 2998 1307tl.=16April.
1608 2800 2000 3018 'statana
2088 2908 2135 2992 ·.

221 3070 406 3151 Hertigarne
430 3049 608 3135 Enm‘oeh
629 3071 828 3135 Wacusuras
862 3071 1029 3133 stritvetse
1052 3071 1098 3132 till
1121 3067 1277 3132 Riddarcn
1300 3069 1400 3132 Folle
1421 3067 1572 3146 lonssur,
1596 3067 1665 3132 med
1689 3067 1876 3148 belallning,
1898 3078 1946 3130 att

278 3153 453 3216 uodersb‘la
474 3153 534 3217 och
567 3152 711 3216 bestraffa
734 3154 773 3215 de
793 3155 960 3217 oliirrttter
991 3151 1319 3219 Predilrarcbriiderne
1340 3155 1350 3213 i
1374 3151 1500 3234 Sigtuna
1533 3151 1639 3236 llagat
1669 3155 1713 3238 sig
1747 3150 1808 3212 lida
1829 3153 1864 3211 al
1883 3154 1948 3213 sina
1981 3142 1987 3160 ’
2027 3185 2032 3246 3

280 3258 360 3318 agua
382 3239 499 3320 tieusre
520 3236 580 3300 och
603 3236 717 3317 andra,
739 3237 862 3302 derlo're
882 3248 928 3300 att
948 3237 988 3300 de
1007 3239 1035 3319 ej
1056 3237 1157 3300 blilrs
1179 3235 1336 3300 strall'ade.
1694 3318 1717 3370 A
1748 3319 1763 3372 3
1790 3335 1805 3372 c

254 3455 404 3536 Emcus
432 3471 474 3535 et
501 3476 790 3537 mataritanus
817 3449 881 3534 dei
911 3454 1046 3563 gracia
1068 3455 1200 3536 Duces
1230 3481 1453 3550 sweorum,
1484 3453 1622 3536 Nobili
1640 3453 1768 3549 militi,
1797 3451 1947 3534 dilecto

139 3567 218 3650 sibi
247 3569 290 3646 iu
318 3567 473 3648 cbristo
500 3566 666 3649 domino
709 3565 861 3647 folconi
896 3565 994 3674 joon
1025 3593 1097 3646 sou
1127 3568 1325 3647 sinceram
1355 3568 1394 3646 in
1426 3565 1593 3646 domino
1622 3565 1877 3647 dilectionem
1906 3582 1948 3646 et

140 3680 330 3775 salutem,
358 3676 522 3788 querela
551 3679 831 3787 religiosorum
862 3677 1063 3773 virorum,
1092 3679 1242 3759 Prioris
1271 3695 1312 3758 et
1341 3676 1511 3756 fratrum
1534 3676 1692 3758 ordinis
1718 3675 1948 3786 predicato·
1983 3727 1997 3750 -.
2093 3719 2110 3756 ,-

141 3822 164 3872 r
196 3819 233 3870 ru
262 3794 465 3897 syctunie,
501 3790 621 3871 nobis
649 3789 858 3898 proposita
887 3787 1145 3884 continebat,
1192 3786 1303 3898 quod
1332 3787 1474 3868 famuli
1510 3813 1650 3868 eorum
1679 3815 1728 3868 ex
1757 3815 1842 3896 quo
1872 3815 1948 3895 pro
2041 3803 2046 3817 ’

141 3816 298 3983 altioris
327 3927 409 3982 uon
438 3901 720 4008 corriguntur,
747 3913 789 3980 et
817 3923 901 3978 nou
930 3898 1038 3978 nolli
1061 3898 1147 3996 alii,
1175 3895 1304 3978 diuini
1333 3899 1508 3980 nominis
1535 3900 1678 3978 timore
1709 3900 1948 4006 postposito,

15 4098 16 4101 t
142 4013 241 4123 ipsis
270 4012 464 4121 dampna,
494 4013 672 4108 iniurias,
701 4029 743 4093 et
770 4009 971 4092 molestias
987 4009 1136 4107 varias,
1166 4009 1315 4092 inferre
1345 4037 1428 4090 uon
1457 4027 1669 4108 verentur,
1698 4013 1793 4119 quia
1825 4012 1949 4116 igitur

15 4120 16 4123 Ὺ
141 4124 240 4207 dicti
262 4124 432 4220 iratres,
463 4150 539 4232 pro
569 4124 724 4204 iusticia
754 4123 991 4230 optinenda,
1018 4125 1149 4202 causis
1177 4139 1218 4203 et
1248 4122 1423 4230 placitis,
1453 4124 1740 4202 conuenienter
1761 4123 1950 4200 interesse

145 4251 229 4319 uon
257 4251 447 4346 possunt,
477 4237 687 4346 nosipsos
716 4234 905 4316 tuicionis
931 4235 1065 4342 gracia
1095 4233 1278 4343 speciali,
1306 4249 1348 4314 et
1375 4234 1590 4343 oportunis
1618 4232 1849 4328 fauoribus,
1888 4232 1951 4312 fo·

142 4351 262 4445 uere,
289 4377 336 4428 ao
365 4341 638 4454 malignorum
664 4357 785 4428 arnus
812 4348 1068 4444 temerarios,
1098 4346 1286 4427 cboibere
1314 4346 1516 4442 volentes,
1545 4345 1596 4424 de
1617 4361 1749 4425 vestra
1772 4341 1952 4452 prudeu-

132 4466 205 4543 cia
230 4459 386 4539 firmam
416 4475 601 4567 gerentes
630 4457 839 4555 fiduciam,
869 4456 921 4539 ad
951 4459 1192 4566 peticionem
1223 4458 1370 4565 prioris
1399 4477 1440 4538 et
1467 4457 1637 4537 fratrum
1660 4453 1951 4564 predictorum,

39 4641 46 4648 .
144 4570 264 4651 vobis
291 4572 576 4651 committimus
604 4597 678 4678 per
706 4588 932 4679 presentes,
977 4585 1021 4650 vt
1049 4571 1217 4677 negocia
1258 4573 1455 4678 ipsorum,
1498 4595 1579 4677 que
1607 4569 1725 4649 vobis
1752 4581 1972 4676 exposce.

35 4735 44 4741 -
142 4684 248 4778 rint,
276 4680 501 4764 secundum
545 4682 738 4763 iusticiam
783 4682 1103 4791 prosequamini,
1147 4709 1220 4789 per
1251 4707 1339 4776 vos,
1370 4680 1431 4760 vel
1462 4707 1533 4789 per
1564 4705 1652 4759 auur
1684 4707 1806 4789 quern
1834 4678 1952 4758 vobis

39 4876 43 4883 .
91 4793 456 4889 vsubstitueritis,
484 4795 518 4874 si
546 4819 633 4874 non
660 4793 777 4876 robis
804 4793 1030 4890 vacauerit,
1060 4819 1107 4872 ac
1137 4795 1362 4900 procuretis
1392 4793 1489 4898 ipsis
1518 4791 1604 4870 lieri
1643 4793 1801 4874 iusticie
1843 4816 1953 4870 com·
1994 4841 1997 4853 ι

146 4907 413 5018 plemeutum,
452 4919 495 4985 et
535 4901 735 4987 notabiles
777 4901 1020 4985 famulorum
1063 4905 1244 5013 ipsorum
1288 4929 1504 5000 excessus,
1536 4901 1673 4983 debita
1710 4902 1951 4984 choercione
2056 4927 2064 4942 ·
