4317 5975
979 415 1053 479 ··...
1160 410 1191 490 ὃ
1301 448 1403 497 -.

267 633 357 721 den.
386 630 599 729 Fratribus
627 633 670 714 in
699 631 969 711 Westraarns.
998 628 1150 709 IIllzor.
1179 630 1365 713 marchas
1381 628 1474 713 den.
1499 628 1709 711 Fratribus
1724 622 1907 710 Sittonie
1935 625 2075 737 decem

267 730 449 829 marchas
477 738 573 831 deni
597 751 636 825 &
664 768 789 823 vnum
822 736 1088 822 baldekinum
1116 768 1208 821 eum
1237 741 1496 851 imaginibus
1511 740 1626 822 beate
1655 740 1834 847 virginis.
1863 741 2075 823 Fratribus

222 898 225 904 ¹
263 859 493 945 minoribus
529 848 754 941 Stokholm.
796 850 850 933 X.
877 850 1061 936 Marchas
1089 849 1180 933 den.
1209 860 1249 935 ὃς
1277 883 1402 937 vnum
1430 851 1707 935 baldekinum
1735 851 1947 933 Fratribus
1977 854 2076 934 Eni-

266 954 394 1081 copie.
422 971 473 1053 X.
501 963 683 1048 Marchas
712 961 803 1045 den.
832 961 1046 1045 Fratribus
1073 963 1309 1057 ibstraarns.
1338 968 1493 1050 Illlzor.
1531 964 1713 1046 marchas
1742 962 1834 1044 den.
1865 964 2076 1047 Fratribus
2147 1065 2150 1071 p

268 1084 443 1166 eiusdem
459 1076 613 1158 ordinis
628 1076 895 1159 skarensibus.
913 1077 1066 1157 Illl:or.
1084 1076 1268 1159 Marchas
1297 1079 1388 1161 den.
1417 1077 1632 1160 Fratribus
1651 1074 1889 1184 Junekopie.
1919 1077 2075 1159 llllzor.

267 1194 448 1277 Marchas
476 1188 568 1270 den.
597 1186 812 1269 Fratribus
839 1187 1113 1297 sutherltopie.
1140 1189 1295 1273 Illltor.
1325 1191 1510 1278 marchas
1533 1188 1626 1271 den.
1654 1187 1868 1269 Fratribus
1896 1189 1938 1267 in
1966 1189 2079 1271 Wis-

264 1306 322 1403 hi
350 1300 529 1384 eiusdem
558 1297 721 1380 ordinis.
750 1300 900 1382 llll:or.
930 1301 1111 1383 marchas
1131 1299 1223 1384 den.
1251 1304 1466 1386 Fratribus
1480 1300 1684 1410 Nikopie.
1712 1299 1866 1381 Illlzor.
1896 1302 2077 1385 marchas

264 1414 358 1501 den.
386 1410 599 1495 Fratribus
623 1412 666 1491 in
693 1411 881 1520 Arbugae.
911 1414 1063 1494 llllzor.
1092 1414 1276 1499 Marchas
1303 1416 1394 1499 den.
1423 1413 1708 1524 Hospitalariis
1737 1412 1780 1493 in
1809 1412 2075 1507 Eskistunum

266 1528 330 1610 .X.
363 1526 545 1607 marchas
560 1523 651 1605 den.
679 1524 784 1604 ltem
813 1524 981 1606 cuilibet
1009 1525 1267 1634 hospitaliin
1296 1557 1424 1635 regno
1454 1528 1539 1609 .ΙΙΙ.
1567 1525 1751 1608 marchas
1766 1522 1855 1608 den.
1885 1526 1991 1606 ltem
2009 1554 2076 1609 ec·

266 1641 458 1723 clesieain
487 1639 611 1715 Asum
641 1632 695 1715 do
725 1652 872 1717 terram
901 1637 1025 1717 trium
1054 1637 1284 1721 cribrorum
1310 1642 1661 1749 Westgotieorum
1692 1633 1843 1718 ibidem
1871 1638 1916 1717 in
1943 1629 2076 1747 qnali-

265 1748 337 1831 bet
366 1747 491 1859 gerda
519 1764 601 1828 tarn
630 1746 683 1828 ad
712 1776 831 1828 nsum
859 1748 1079 1830 sacerdotis
1107 1778 1228 1859 qnam
1257 1752 1424 1835 ecclesie
1452 1749 1737 1833 seminandam.
1773 1750 1880 1830 Jtem
1908 1749 2084 1833 ecclesie·

263 1860 463 1960 Lundbi,
495 1874 646 1941 terram
680 1888 802 1970 quam
830 1859 963 1941 habeo
991 1862 1035 1941 in
1063 1860 1261 1961 Betleem,
1304 1893 1396 1944 cum
1434 1866 1599 1945 ‚llllzon
1630 1860 1803 1943 marchis
1833 1860 1926 1943 den.
1967 1866 2076 1945 Jtem

265 1973 428 2056 ecclesie
464 1974 506 2052 in
541 1972 756 2065 Roslosum
798 1970 853 2052 do
896 2000 1017 2054 ruam
1062 2002 1176 2053 oram
1204 1992 1311 2057 terre
1341 1977 1611 2087 insuperiori
1653 1973 1787 2071 Asbir,
1830 1975 1874 2053 in
1901 1990 2076 2085 utraque

265 2084 411 2195 garda,
447 2100 529 2163 tam
557 2084 722 2164 ecclesie
750 2112 875 2193 quarn
903 2082 1114 2167 sacerdoti.
1143 2088 1248 2167 Jtem
1276 2088 1442 2168 ecclesie
1471 2093 1512 2169 sc
1540 2084 1740 2168 sacerdoti
1768 2086 1812 2164 in
1840 2085 2075 2187 Herestath,

264 2226 387 2279 vnam
416 2224 530 2277 oram
558 2214 663 2275 terre
692 2198 735 2275 in
763 2194 1054 2305 Thungastum.
1107 2198 1210 2278 ltem
1240 2198 1401 2281 duobus
1429 2202 1611 2309 cognatis
1640 2201 1736 2277 meis
1764 2197 1882 2304 Dagh
1912 2203 1952 2277 8r
1980 2200 2076 2280 Ale·

227 2376 228 2383 ,
264 2309 424 2391 xandro
453 2306 507 2389 do
536 2325 683 2389 terram
711 2309 835 2386 trium
862 2335 1024 2388 orarum
1053 2309 1096 2389 in
1127 2310 1248 2408 beth,
1284 2319 1324 2394 &
1353 2339 1515 2392 omnem
1544 2328 1694 2391 terram
1723 2336 1847 2418 quam
1875 2309 2001 2391 habui
2022 2310 2075 2395 de

264 2422 392 2505 Paulo
421 2421 463 2500 in
494 2418 806 2527 Helghestentun
838 2445 918 2499 vna
951 2447 1043 2501 cum
1073 2421 1284 2521 domibus,
1313 2432 1354 2509 8t
1382 2425 1548 2506 cuilibet
1564 2449 1704 2503 eorum
1723 2422 1890 2528 insuper
1918 2426 2075 2529 specia-

262 2532 367 2630 liter,
396 2532 497 2614 .XX.
528 2533 710 2612 marchas
738 2530 828 2611 den.
857 2534 962 2611 Jtem
990 2532 1187 2613 Anberno
1203 2564 1334 2643 puero
1364 2563 1451 2616 meo
1481 2534 1535 2615 do
1560 2534 1811 2614 dextrarium
1841 2559 1974 2612 meum
2004 2564 2074 2617 eo·
2126 2604 2130 2611 ,

263 2646 360 2725 loris
389 2645 509 2740 rarii,
540 2672 632 2723 cum
661 2642 851 2722 omnibus
882 2645 964 2723 suis
980 2646 1222 2741 attinentiis,
1251 2650 1473 2757 &insuper
1502 2646 1602 2728 .ΧΧ.
1635 2645 1817 2727 marchas
1846 2645 1938 2724 den.
1968 2648 2074 2729 Jtem

179 2848 183 2853 ,
262 2756 647 2851 taurencium,
685 2755 789 2835 .ΧΧ.
820 2755 998 2835 marchas
1026 2755 1120 2839 den.
1173 2760 1279 2839 Jtem
1307 2757 1522 2865 Thirgillo
1561 2785 1690 2865 puero
1720 2784 1808 2837 meo
1837 2755 1940 2837 .ΧΧ.
1969 2785 2075 2841 mar-

263 2867 462 2951 chasden.
479 2870 599 2947 .ltem
630 2866 830 2946 Nicholao
860 2893 1002 2965 mann,
1034 2869 1135 2949 .ΧΧ.
1166 2870 1347 2949 marchas
1376 2870 1469 2949 den.
1498 2871 1603 2947 item
1632 2867 1827 2975 Haquino
1856 2868 2073 2954 tubbaeson

262 2982 348 3064 siue
377 3008 541 3062 euasero
570 2981 655 3058 siue
684 3007 787 3074 non,
816 2979 979 3056 remitto
1003 2976 1198 3060 denarios
1226 3008 1329 3089 quos
1358 2980 1455 3059 mihi
1485 2995 1658 3060 tenetur.
1688 2978 1908 3058 Dominum
1937 2999 2076 3066 autem
2106 3043 2111 3049 ·

263 3121 397 3174 meum
419 3118 556 3198 regem
570 3090 761 3195 Magnum
776 3086 888 3166 omni
917 3116 1001 3197 quo
1022 3116 1187 3194 possum
1216 3118 1318 3198 rogo
1347 3091 1517 3187 affectu,
1551 3110 1597 3172 ut
1625 3092 1777 3171 intuitu
1806 3092 1969 3200 seruicij
1996 3100 2076 3178 mei

262 3207 296 3286 si
316 3231 504 3313 umquam
533 3200 610 3280 sibi
639 3201 683 3278 in
705 3197 845 3308 aliquo
860 3215 1069 3307 acceptum
1099 3198 1195 3298 fuit,
1222 3203 1327 3282 hanc
1358 3231 1443 3284 mee
1472 3204 1610 3282 vltime
1648 3201 1873 3283 uoluntatis
1905 3205 2077 3292 ordina·

266 3319 441 3412 cionem,
486 3341 558 3422 per
587 3328 822 3392 executores
851 3340 955 3420 quos
984 3313 1190 3392 constituo
1219 3313 1341 3394 faciat
1370 3343 1443 3423 per
1470 3316 1617 3414 omnia⁴
1635 3315 1865 3413 obseruari,
1901 3343 1979 3398 nec
2006 3321 2079 3404 he·

264 3429 381 3512 redes
410 3453 519 3507 meos
552 3424 762 3533 permittat
791 3423 900 3502 bona
929 3427 1226 3533 possessionum
1255 3427 1393 3536 aliquo
1421 3425 1544 3507 modo
1573 3429 1660 3508 inre
1702 3429 1950 3535 possessorio
1978 3433 2078 3515 sub-

264 3567 423 3622 morare
454 3553 671 3645 antequam
699 3533 934 3642 supradicta
962 3551 1056 3614 vota
1084 3564 1171 3615 mea
1200 3543 1238 3616 &
1267 3536 1531 3633 donaciones,
1561 3567 1721 3619 necnon
1751 3544 1791 3619 &
1820 3538 1958 3620 debita
1987 3571 2079 3628 mea

263 3649 512 3761 integraliter
539 3648 694 3728 fuerint
720 3646 939 3754 persoluta.
975 3647 1225 3728 Executores
1253 3666 1388 3732 autem
1417 3650 1537 3734 huius
1566 3651 1705 3732 ultime
1735 3677 1820 3730 mee
1848 3653 2074 3740 voluntatis

264 3793 345 3846 vna
374 3790 466 3844 curn
494 3761 661 3843 domino
690 3785 780 3838 meo
809 3787 903 3865 rege
918 3760 1122 3839 constituo
1136 3761 1409 3846 venerabilem
1439 3780 1596 3871 patrem
1625 3770 1664 3846 s<
1692 3761 1904 3846 domiuum
1932 3794 2078 3852 meum.

166 3957 169 3963 ,
268 3879 459 3983 Magnum
487 3871 834 3979 archiepiscopum
880 3872 1150 3981 upsalensem,
1196 3874 1415 3960 Dominum
1445 3874 1646 3956 Karolum
1675 3873 1996 3984 Gothstaphson.
2035 3888 2077 3963 &

263 3990 473 4072 dominum
508 3983 720 4082 lsraelem,
753 3982 901 4091 quibus
922 3986 1102 4064 omnium
1117 3984 1319 4070 bonorum
1350 4015 1532 4068 meorum
1560 3986 1867 4067 ordinacionem
1895 3989 2080 4097 plenarie

265 4101 474 4182 committo
503 4123 716 4205 quousque
732 4092 914 4202 predicta
930 4097 1063 4176 omnia
1078 4096 1298 4179 secundum
1314 4098 1481 4180 modum
1494 4114 1753 4206 pretaxatam
1767 4098 1918 4180 fuerint
1946 4100 2078 4188 adim-

264 4213 395 4321 pleta,
439 4210 525 4316 l'psi
554 4209 676 4287 etiam
718 4206 769 4286 de
804 4209 1051 4314 septenario,
1080 4211 1321 4308 tricenario,
1362 4217 1402 4292 a
1430 4209 1518 4292 aliis
1547 4211 1729 4320 exequiis
1756 4237 1836 4320 que
1864 4211 2078 4321 wlgariter

265 4325 364 4406 Ervi
393 4322 603 4414 dicuntur,
646 4320 930 4402 intromittant.
973 4321 1027 4402 ln
1055 4323 1172 4402 cuius
1199 4323 1259 4400 rei
1286 4324 1561 4404 testimonium
1590 4349 1792 4404 unacum
1819 4320 1954 4430 sigillo
1983 4355 2077 4411 meo

201 4487 206 4498 ·
266 4435 454 4545 proprio,
489 4431 619 4540 sigilla
635 4428 788 4512 domini
802 4431 880 4512 mei
894 4433 1019 4540 regis,
1047 4431 1203 4514 domini
1223 4434 1542 4544 archiepiscopi,
1571 4431 1727 4516 domini
1756 4433 1811 4516 ,Κ
1839 4435 2079 4546 .Grttstaph·

267 4573 360 4646 son,
410 4545 566 4627 domini
614 4543 795 4641 israelis,
843 4545 1041 4653 presentis
1084 4545 1203 4626 huius
1250 4550 1328 4628 mei
1370 4548 1597 4628 testamenti
1639 4562 1922 4645 executurum,
1972 4548 2079 4644 duxi

268 4659 523 4769 presentibus
567 4656 818 4764 apponenda.
877 4659 1025 4738 Actum
1065 4661 1107 4737 ἃ
1139 4661 1289 4739 Datum
1329 4661 1372 4738 in
1413 4658 1703 4768 Lagunzberg,
1745 4661 1867 4742 Anno
1909 4659 2077 4746 domini.

268 4768 701 4854 M⁰.CC.⁰.LXXXVI‘.
759 4770 1017 4852 Presentibus
1060 4770 1245 4879 predicto
1274 4769 1440 4854 domino
1483 4771 1646 4854 israele.
1700 4771 1842 4853 Fratre
1884 4771 2075 4858 iohanne

267 4886 404 4993 priore
433 4880 682 4964 siktoniensi.
712 4883 939 4966 Laurencio
970 4882 1090 4966 brun.
1134 4883 1361 4992 Thirgillo.
1389 4884 1545 4969 &aliis
1573 4883 1762 4995 pluribus
1790 4887 1928 4998 pueris
1956 4886 2076 4987 meis,
