4317 5975
837 358 896 379 -
1001 238 1084 421 [ᾧ
1175 276 1253 381 ’...

51 535 60 541 ’
133 536 191 620 de
218 560 414 618 consensu
439 546 481 613 et
508 524 764 643 beneplacito
792 533 1032 616 venerabilis
1060 536 1187 643 patris
1215 532 1367 615 domini
1385 532 1588 617 benedicti
1618 538 1821 647 quondam
1852 495 1960 649 epi¹¹

133 648 254 757 scopi
290 644 530 752 lincopensis
572 672 647 749 ¹nec
675 645 762 726 non
793 660 838 724 et
878 646 1049 726 aliorum
1092 674 1268 755 quorum
1297 650 1510 745 intererat,
1553 650 1716 753 ecclesie
1757 670 1937 759 strenge-
2064 674 2067 683 ’

134 760 251 841 nensi
279 755 455 838 contulit
481 773 681 864 perpetuo
717 753 1023 862 possidendam,
1075 776 1198 864 prout
1226 760 1268 837 in
1299 758 1442 839 litteris
1482 788 1604 868 super
1646 786 1694 841 eo
1722 762 1936 858 consectis,

133 897 238 982 quas
265 868 482 976 diligenter
510 866 784 975 perspeximus
814 866 931 975 plene
969 868 1100 974 patet,
1143 870 1227 949 Nos
1256 871 1379 977 igitur
1424 870 1686 953 donacionem
1728 874 1935 954 curiesu·

121 979 319 1092 'predicte
345 978 530 1088 sigharso
561 977 802 1058 auctoritate
837 978 947 1084 regia
988 978 1273 1058 confirmamus
1316 1010 1363 1060 ac
1392 984 1585 1088 presentis
1628 985 1768 1092 scripti
1798 1002 1936 1092 patros

134 1092 246 1173 cinio
273 1090 578 1183 communimus,
607 1088 868 1197 prohibentes
883 1088 1105 1169 firmiter'et
1120 1088 1319 1187 districte,
1348 1096 1489 1201 nequis
1506 1092 1768 1174 donacionem
1799 1098 1936 1178 liuius·

133 1200 262 1296 modi,
291 1228 446 1282 cassare
473 1199 536 1280 vel
564 1200 785 1305 infringere
813 1216 1017 1307 presumat
1043 1200 1149 1279 sicut
1177 1202 1353 1306 graciam
1382 1219 1558 1284 nostram
1600 1202 1766 1313 diligere
1796 1208 1934 1287 volue-

131 1316 188 1395 rit
216 1312 465 1408 inoffensam,
497 1312 645 1392 Datum
673 1314 793 1393 Anno
809 1310 963 1394 domini
990 1310 1066 1390 Mt
1080 1311 1203 1391 CCC⁰
1240 1314 1387 1420 quinto
1415 1316 1467 1395 Jn
1497 1315 1717 1398 collacione
1737 1318 1848 1401 beati
1864 1320 1932 1397 lo·
2066 1324 2070 1329 '

132 1424 278 1507 bannis
304 1423 491 1532 baptiste.

551 1532 621 1596 Dea
641 1550 680 1594 ur
701 1529 823 1593 brelvet
844 1529 966 1613 ktippn
992 1551 1121 1607 renisam,
1143 1530 1234 1612 jemte
1255 1532 1376 1613 sigillet,
1398 1534 1515 1595 saluas.

141 1762 300 1933 1480.
568 1798 576 1809 ‘
761 1756 1303 1908 1305d.1asept.
1438 1757 1929 1873 Herrevadskloster.

213 1983 398 2066 Hertigarne
418 1980 519 2046 Enisa
543 1979 603 2071 pclr
634 1978 835 2043 thnmme
855 1980 944 2043 bilall
977 1982 1023 2043 till
1055 1981 1240 2045 Sttndernes
1272 1984 1313 2067 pt
1346 1986 1440 2045 m'o'tet
1461 1985 1470 2045 i
1492 1984 1648 2065 Fagradal
1672 1986 1791 2047 lattade
1813 1986 1929 2061 bedul,

262 2067 466 2231 ξέεὲιὲἔὶἳω
489 2064 624 2146 Kooung
646 2063 768 2143 Birgers
789 2085 860 2149 son,
882 2064 1000 2139 Juoler
1021 2068 1162 2149 Magnus,
1185 2067 1287 2129 blilvit
1309 2067 1380 2127 vald
1404 2068 1451 2129 till
1472 2066 1618 2150 Kooung,
1640 2069 1700 2130 och
1722 2068 1930 2165 erhdllitllo·

1580 2230 1796 2303 &unqu

238 2368 449 2448 Universis
479 2382 695 2476 praesentes
723 2366 860 2446 literas
889 2366 1131 2475 inspecturis
1175 2368 1322 2449 Emcus
1352 2366 1518 2465 sveciae,
1552 2382 1593 2447 et
1627 2368 1926 2449 Wotnsmanus

126 2479 349 2561 Finlandiae
377 2480 452 2558 Dei
480 2480 608 2587 gratia
638 2475 781 2559 Duces.
839 2478 941 2557 Cum
971 2480 1204 2587 magnificus
1254 2482 1444 2588 Princeps
1474 2508 1519 2559 ac
1550 2480 1747 2561 Dominus
1788 2497 1926 2559 noster

123 2592 326 2700 Byrgerus
355 2590 433 2669 Dei
460 2591 590 2696 gratia
621 2588 816 2667 Sveorum
850 2588 1161 2701 Gothorumque
1190 2590 1276 2669 Rex
1305 2591 1488 2687 illustris,
1517 2590 1660 2669 Frater
1689 2608 1824 2670 noster
1854 2590 1924 2668 ka-

125 2696 325 2798 rissimus,
354 2725 535 2781 necnon
563 2717 603 2781 et
630 2700 788 2781 Praelati
826 2726 873 2779 ac
900 2700 1076 2781 Berones
1117 2704 1337 2812 ceterique·
1364 2702 1521 2783 nobiles
1550 2717 1589 2781 et
1618 2698 1748 2808 Regni
1766 2700 1926 2782 *Sveciae

123 2814 388 2895 communitas
417 2814 603 2893 universa
632 2809 895 2891 Domicellum
925 2812 1115 2918 Magnum
1146 2812 1244 2894 dicti
1266 2813 1428 2892 Domini
1457 2810 1576 2919 Regis
1606 2812 1751 2892 Filium
1774 2813 1925 2921 primo·

123 2930 302 3037 genitum
333 2924 375 3005 in
405 2924 554 3032 Regem
583 2922 731 3002 Sveciae
758 2922 1014 3005 concorditer
1058 2923 1285 3032 elegerunt,
1330 2948 1558 3034 nomenque
1585 2925 1623 3003 ei
1653 2924 1822 3031 Regium
1851 2926 1924 3004 tri·

81 3049 91 3058 '
122 3038 314 3132 buerunt,
346 3036 387 3114 in
416 3035 671 3117 Parlamento
700 3034 806 3114 inter
841 3037 1070 3141 magnificos
1099 3036 1306 3143 Principes
1348 3035 1540 3117 Dominos
1569 3036 1695 3143 Reges
1724 3035 1856 3116 Daciae
1882 3049 1925 3116 'et

121 3147 272 3228 Sveciae
300 3144 409 3254 apud
437 3143 710 3226 Favaeraedalae
738 3146 820 3252 jam
851 3143 995 3224 ultimo
1039 3145 1264 3242 celebrato,
1308 3161 1450 3225 notum
1493 3145 1661 3225 facimus
1704 3146 1922 3239 vniuersiS‚

121 3257 235 3370 qnod
264 3260 347 3339 Nos
376 3257 505 3340 dictas
532 3258 768 3338 electionem
805 3272 845 3334 et
882 3256 1053 3336 nominis
1100 3257 1213 3362 Regii
1257 3253 1458 3336 dationem
1499 3255 1756 3338 concorditer
1799 3256 1924 3337 factas

120 3385 269 3480 sponte
297 3385 337 3448 et
371 3368 496 3449 libere
519 3368 813 3477 approbamus,
842 3383 882 3445 et
911 3369 953 3446 in
988 3371 1094 3475 ipsas
1121 3371 1392 3447 consentimus
1414 3371 1627 3478 ipsumque
1654 3368 1922 3449 Domicellum

118 3481 311 3588 Magnum
340 3481 383 3558 in
412 3481 562 3588 Regem
592 3479 740 3560 Sveciae
768 3506 818 3558 ex
848 3507 956 3559 nunc
985 3479 1169 3586 eligimus
1198 3495 1238 3557 et
1267 3472 1429 3560 nomen
1457 3479 1626 3588 Regium
1655 3479 1730 3560 sibi
1759 3477 1942 3576 damus„
2018 3478 2022 3486 ’

119 3591 332 3700 eidemque
360 3589 590 3672 fidelitatem
626 3609 666 3672 et
693 3591 851 3670 servitia
881 3588 1015 3670 fidelia
1052 3593 1157 3671 sicut
1196 3617 1293 3668 vero
1322 3592 1496 3671 Domino
1526 3607 1664 3670 nostro
1693 3591 1923 3699 impendere

119 3703 227 3783 bona
257 3699 336 3782 fide
366 3703 639 3810 promittimus
669 3729 741 3808 per
769 3718 986 3810 praesentes
1029 3705 1103 3780 &c
1157 3699 1202 3778 ln
1247 3701 1361 3807 cujus
1390 3703 1447 3780 rei
1477 3703 1749 3782 testimonium
1793 3701 1922 3810 sigilla

118 3833 257 3894 nostra
287 3814 554 3919 praesentibus
581 3809 770 3892 duximus
798 3810 1078 3919 appendenda.
1121 3808 1267 3888 Datum
1298 3815 1337 3890 in
1369 3813 1609 3891 monasterio
1656 3812 1920 3893 Harivadensi

117 3923 238 4006 Anno
267 3925 429 4004 Domini
458 3923 499 4004 M
527 3923 629 4004 CCC
658 3924 805 4033 quinto
833 3921 876 4001 in
902 3923 1022 4002 Festo
1051 3919 1308 4002 exaltationis
1335 3941 1481 4004 sanotae
1510 3923 1660 4002 Crucis.

128 4180 289 4311 1481.
751 4174 894 4288 1305
938 4177 985 4286 d.
1040 4218 1104 4322 ¹7
1153 4175 1291 4329 Sept.

163 4369 168 4458 l
191 4375 338 4465 'dunatus
358 4400 523 4464 Carcasone
543 4401 621 4464 Brel
636 4422 687 4463 om
710 4412 754 4463 ett
776 4365 846 4463 med
868 4355 981 4463 An·qu
1004 4370 1175 4462 Baniesson
1197 4400 1361 4465 liintttadt
1383 4397 1491 4483 utbyte
1514 4401 1550 4462 nl
1566 4422 1699 4484 qvarnar
1722 4399 1731 4457 i
1753 4395 1918 4484 Kasatorp.

1638 4514 1780 4588 tha

229 4619 430 4700 Omnibus
452 4618 602 4700 Christi
629 4617 814 4700 fidelibus
843 4617 894 4699 ad
924 4645 1027 4730 quos
1043 4646 1216 4727 praesens
1230 4613 1433 4728 Scriptum
1450 4619 1698 4728 pervenerit,
1727 4624 1916 4700 Annaeus

114 4731 272 4811 Canum
300 4730 476 4840 filiusin
505 4732 681 4812 Domino
709 4727 890 4811 salutem.
921 4731 1183 4812 Notificamus
1213 4745 1293 4810 tam
1325 4732 1585 4841 praesentibus
1604 4759 1725 4840 quam
1756 4731 1914 4826 futuris,

156 4945 184 5019 *l
203 4939 294 5048 Eller
314 4937 483 5022 Originalet
504 4939 514 4999 i
536 4935 577 5003 K.
597 4937 722 5002 Densis
743 4937 892 5004 Arkisvet.
