4317 5975
815 263 1397 464 ·¹·.l3771··· ¹

131 517 372 628 generaliter
412 519 603 602 omuibus
647 517 916 629 predicantes,
949 510 1067 632 quod
1111 521 1182 634 qui
1219 499 1375 602 erucem
1406 516 1572 602 eandem
1602 523 1849 630 susceperint
1877 526 1921 606 in
1954 595 1964 610 ,

133 630 312 740 predicte
339 647 447 712 terre
474 631 718 726 subsidium,
761 633 823 712 vel
854 632 1118 741 personaliter
1148 635 1186 712 in
1228 632 1403 743 propriis
1433 631 1495 712 uel
1527 631 1667 712 alienis
1709 632 1919 738 accedere,
1989 624 1993 640 ’

127 741 189 820 rel
220 743 330 822 iuxta
360 742 591 851 qualitatem
622 759 664 821 et
701 742 927 824 facultatem
964 772 1073 824 suam
1113 743 1345 830 bellatores,
1365 771 1434 824 seu
1474 743 1570 824 alias
1601 771 1789 850 personas
1817 744 1919 852 ydo·
1960 787 1965 796 ·

129 879 220 950 neas
246 853 464 951 destinare,
505 854 568 933 rel
597 853 757 950 saltem,
798 857 831 934 si
875 883 925 936 cx
967 858 1097 936 causis
1126 857 1328 962 legittimis
1357 852 1522 934 ecclesie
1550 869 1799 960 oportunum
1831 855 1919 940 fore
2001 893 2005 898 ’

126 963 349 1061 uidebitur,
377 984 563 1072 suscepte
591 965 723 1045 crucis
755 983 915 1060 votum,
953 965 1004 1046 ad
1040 967 1253 1071 arbitrium
1283 965 1499 1076 apostolice
1528 965 1650 1059 sedis,
1679 991 1748 1046 seu
1777 993 1918 1050 eorum

121 1077 193 1186 qui
220 1073 271 1156 ad
300 1077 385 1157 hoc·
406 1075 558 1157 fuerint
585 1073 769 1184 deputati
800 1104 872 1186 per
900 1079 1046 1184 ipsam,
1088 1075 1140 1157 de
1176 1077 1435 1157 facultatibus
1463 1078 1544 1156 suis
1580 1072 1776 1158 redimere
1804 1093 1917 1162 tene·
2037 1151 2043 1162 .

23 1253 26 1261 ,
123 1185 287 1266 buntur.
359 1188 444 1268 Hos
472 1203 606 1266 autem
635 1187 872 1296 quitaliter
900 1203 1038 1267 rotutu
1068 1186 1295 1268 huiusmodi
1336 1186 1578 1268 redemerint
1606 1188 1847 1273 remissionis
1875 1209 1918 1272 et
2001 1232 2005 1240 ·
2071 1233 2075 1242 ·

124 1296 399 1404 indulgencie,
426 1325 508 1410 que
535 1297 892 1380 transfretantibus
920 1300 963 1379 iu
990 1296 1214 1378 subsidium
1243 1298 1485 1380 antedictum
1514 1299 1814 1396 conceduntur,
1843 1327 1916 1384 vo·

121 1409 252 1489 lomus
279 1427 320 1489 et
347 1409 608 1490 concedimus
638 1435 723 1490 esse
754 1411 970 1518 participes
998 1411 1109 1489 iuste
1139 1409 1405 1522 quantitatem
1435 1408 1600 1491 subsidii
1629 1407 1741 1518 quod
1769 1412 1937 1521 inpenae
2006 1493 2012 1509 ,

122 1521 225 1602 dunt
257 1524 430 1617 eteius,
473 1549 552 1630 qua
583 1520 660 1600 boe
691 1519 856 1617 facient,
897 1513 1131 1600 deuoeionis
1167 1519 1376 1614 affectum,
1420 1517 1590 1600 aliorum
1621 1547 1718 1602 vero
1747 1521 1914 1632 priuile-

118 1632 276 1739 giorum
304 1647 347 1712 et
365 1633 660 1714 immunitatum
680 1655 752 1718 seu
774 1633 999 1740 graciarum
1028 1657 1109 1740 que
1137 1631 1234 1737 ipsis
1263 1629 1619 1718 transfretantibus
1649 1634 1720 1740 per
1750 1662 1914 1742 presen·
1982 1667 1985 1674 ’

121 1760 180 1822 tes
206 1759 249 1822 et
276 1743 373 1823 alias
410 1743 607 1824 uniuersis
641 1741 815 1824 directas
849 1740 1035 1823 fidelibus
1071 1757 1227 1822 nostras
1264 1740 1415 1823 litteras
1443 1739 1745 1842 conceduntur,
1794 1744 1913 1856 plena

120 1881 188 1934 eos
217 1855 404 1935 uolumus
431 1851 715 1934 commoditate
744 1855 932 1961 gaudere.
975 1855 1151 1962 insuper
1176 1853 1400 1962 omnesqui
1418 1851 1610 1933 hactenus
1632 1852 1736 1936 idem
1751 1857 1913 1963 siguum

26 2039 30 2046 .
119 1990 196 2071 pro
223 1965 364 2046 eodem
392 1958 593 2046 subsidio*
614 1981 882 2074 susceperunt
926 1991 1089 2044 monere
1128 1991 1174 2044 ao
1211 1962 1403 2044 inducere
1433 1965 1674 2071 procuretis,
1719 1983 1763 2050 vt
1790 1965 1913 2065 illrid,

86 2067 149 2156 'si
191 2075 298 2156 forte
338 2072 583 2172 dimiserint,
626 2093 892 2171 resumentes,
933 2076 1121 2156 alacriter
1158 2091 1294 2156 votum
1333 2076 1498 2157 domino
1527 2071 1694 2156 reddere
1721 2077 1913 2160 studeant

117 2185 229 2298 quod
257 2203 477 2282 uenerunt,
506 2203 613 2268 terre
641 2185 794 2295 prefate
821 2184 1098 2268 subueniendo
1126 2185 1344 2268 efficaciter
1373 2201 1418 2266 ut
1447 2201 1649 2267 tenentur.
1708 2190 1808 2269 Cum
1838 2217 1912 2272 au·

116 2301 193 2381 te'm
223 2299 411 2380 omuibus
438 2297 578 2380 christi
608 2297 793 2380 fidelibus
820 2303 910 2410 qui,
928 2297 1057 2402 eidem
1075 2312 1193 2378 -terre
1221 2325 1453 2404 succursum
1497 2297 1757 2407 inpenderint
1786 2327 1912 2410 opor·

114 2410 529 2520 tunum,'vnicuique
555 2410 775 2492 seeundum
804 2410 1016 2518 proprium
1046 2411 1232 2491 meritum
1261 2408 1560 2518 indulgenciam
1591 2409 1829 2508 salutarem,
1863 2439 1910 2498 ac
1958 2433 1961 2439 '
2001 2447 2005 2457 ·

115 2522 284 2602 maxime
313 2518 412 2616 illis,
440 2523 513 2630 qui
541 2547 661 2601 cruce
690 2537 875 2630 suscepta
906 2523 949 2601 in
976 2521 1102 2632 ipsius
1137 2538 1245 2602 terre
1279 2517 1520 2617 subsidium,
1550 2521 1612 2602 rel
1642 2523 1910 2632 personaliter
1955 2547 1959 2554 ·

114 2634 251 2729 ibunt,
280 2632 346 2714 uel
378 2657 567 2740 personas
594 2629 776 2731 idoneas
803 2636 914 2715 iuxta
942 2631 1180 2744 qualitatem
1205 2647 1246 2713 et
1277 2633 1503 2713 facultatem
1532 2659 1643 2712 suam
1674 2635 1715 2712 in
1731 2637 1910 2744 propriis

19 2760 20 2763 ‘
114 2745 340 2852 sumptibus
368 2743 650 2842 destinabunt,
680 2744 963 2854 multiplicium
992 2745 1217 2850 graciarum
1249 2741 1443 2850 beneficia
1470 2739 1763 2843 concedamus,
1802 2747 1909 2831 sicut

105 2858 155 2937 in
188 2855 286 2936 *alii's
319 2857 465 2940 nostris
492 2856 635 2936 litteris
672 2854 878 2965 prelibatis
913 2855 1101 2955 seriosius
1129 2857 1382 2951 continetur,
1425 2857 1643 2937 earundem
1679 2849 1908 2940 litterarum

106 2966 291 3056 'tenorem
326 2996 399 3076 per
427 2986 468 3050 te
494 2994 546 3061 ac
570 2966 713 3051 iratres
739 2996 764 3048 a
793 2986 833 3050 te
859 2983 905 3048 -vt
934 2967 1186 3077 premittitur
1222 2966 1274 3050 ad
1311 2963 1601 3075 predicandum
1644 2971 1776 3052 crucis
1801 2969 1908 3051 'ofli-

112 3082 240 3177 cium,
271 3077 498 3186 eligendos,
527 3078 713 3161 volumus
742 3079 906 3189 populis
930 3078 1162 3161 christianis
1201 3080 1432 3189 frequenter
1469 3094 1510 3161 et
1538 3075 1906 3191 diligenter‘expo·

113 3193 165 3273 ni
206 3194 286 3271 ,Jta
313 3189 514 3301 siquidem
541 3190 731 3299 prouide,
772 3192 885 3303 quod
920 3207 961 3271 et
995 3191 1184 3273 beneficia
1212 3188 1463 3297 supradicta,
1492 3219 1571 3301 que
1600 3193 1697 3305 ipsis
1724 3194 1766 3274 in
1796 3208 1937 3274 terra·
1998 3196 2001 3201 ’

19 3348 23 3355 ·
110 3302 384 3399 concedimus,
410 3316 452 3381 et
479 3305 683 3412 copiosam
712 3301 935 3384 mercedem
965 3329 1046 3413 que
1074 3304 1172 3411 ipsis
1208 3319 1447 3411 preparatur
1476 3303 1516 3382 in
1545 3302 1634 3383 celo
1662 3329 1905 3413 cognoscere

108 3416 271 3497 ualeant
297 3431 339 3494 et
365 3440 511 3495 amare.
561 3414 665 3495 ·Nec
694 3429 829 3494 tamen
857 3442 908 3496 ex
935 3412 1073 3495 uerbis
1110 3414 1250 3495 vestris
1285 3413 1542 3521 concipiant,¹
1573 3441 1615 3495 se
1644 3430 1715 3494 aut
1745 3414 1905 3523 plenam

110 3530 154 3615 in
180 3526 340 3607 casibus
368 3527 409 3606 iu
437 3527 587 3636 quibus
623 3552 918 3636 nequaquam,
939 3539 1011 3605 aut
1048 3525 1239 3605 maiorem
1267 3551 1386 3634 quam
1418 3521 1664 3605 concedatur
1692 3523 1905 3633 indulgen-

107 3640 211 3721 ciam
241 3637 473 3745 promereri.
531 3636 638 3716 Sane
667 3639 778 3743 ipsos
804 3632 979 3744 populos
1005 3635 1057 3717 ad
1087 3634 1247 3743 ydonee
1275 3652 1316 3714 et
1344 3651 1454 3714 certa
1485 3634 1583 3739 loca,
1611 3638 1806 3743 quociens
1835 3649 1903 3719 ex*
1940 3664 1944 3673 ·

109 3750 247 3859 pedire
276 3744 459 3827 uideritis
486 3744 752 3839 conuocandi,
783 3743 833 3824 ad
850 3745 1018 3825 uerbum
1047 3747 1179 3825 crucis
1207 3743 1410 3825 humiliter
1424 3742 1681 3839 audiendum,
1709 3773 1758 3827 ac
1772 3750 1903 3829 omni·
1945 3800 1951 3823 t

106 3864 186 3942 bus
203 3886 308 3939 -rere
336 3856 615 3967 penitentibus
642 3872 683 3935 et
711 3854 920 3951 confessis,
961 3855 1034 3967 qui
1071 3854 1123 3936 ad
1160 3855 1389 3937 huiusmodi
1426 3871 1573 3935 vestras
1603 3851 1902 3963 predicaciones

90 3970 376 4053 ‘conuenerint
398 3968 523 4053 idem
566 3966 738 4050 uerbum
783 3965 986 4047 audierint
1028 3984 1283 4063 reuerenter,
1327 3982 1488 4047 centum
1517 3965 1602 4048 dies
1631 3964 1681 4047 de
1710 3968 1901 4050 iniunctis

101 4085 183 4163 sibi
214 4082 468 4189 peniteueiis,
498 4077 725 4176 relaxandi,
759 4076 878 4158 uobis
905 4078 1147 4158 auctoritate
1184 4080 1425 4185 presentium
1463 4077 1748 4159 committimus
1776 4079 1900 4161 facul·
1921 4112 1932 4125 ·
1953 4105 1966 4134 ·«

104 4211 276 4275 reterns
315 4191 357 4271 Si
399 4188 564 4300 quando
607 4208 738 4270 autem
776 4187 827 4269 ad
863 4187 1297 4270 ecclesiasimerdicto'
1322 4190 1567 4296 suppositas,
1608 4214 1680 4272 vos
1710 4187 1900 4274 deuenire

45 4341 56 4347 ·
101 4303 336 4413 contigerit,
364 4302 483 4381 liceat
511 4300 629 4383 uobis
656 4298 708 4385 ad
736 4301 843 4409 ipsas
870 4299 1045 4408 populos
1077 4325 1327 4394 conuocare,
1371 4328 1419 4381 ae
1446 4298 1613 4380 verbum
1644 4300 1775 4381 crucis
1804 4332 1900 4411 pro·

103 4442 257 4527 ponere
286 4418 327 4495 in
362 4413 531 4508 eisdem,
560 4438 718 4493 necnon
747 4412 1102 4493 excommunicatis
1130 4427 1170 4493 et
1199 4412 1424 4515 interdictis
1452 4412 1621 4494 exclusis
1651 4439 1733 4493 non
1761 4414 1899 4522 pulsa·

100 4530 157 4611 tis
198 4526 422 4633 campanis,
464 4523 661 4604 submissa
689 4550 790 4603 uoce
820 4522 948 4603 ianuis
975 4523 1120 4603 clausis
1146 4550 1238 4605 curn
1287 4524 1428 4604 restris
1467 4525 1584 4604 sociis
1627 4522 1766 4607 diuina
1808 4524 1920 4607 effi-²

98 4640 167 4721 eia
208 4636 424 4719 celebrare.
496 4631 673 4729 Adbec,
716 4634 999 4742 siquieorum
1036 4662 1140 4743 quos
1169 4632 1221 4716 ad
1249 4632 1589 4717 transfretandum
1621 4636 1901 4744 personaliter,

103 4752 172 4865 uel
202 4751 315 4832 iuxta
343 4745 579 4858 qualitatem
606 4762 648 4829 et
676 4743 908 4828 facultatem
935 4774 1046 4829 suam
1077 4773 1268 4855 personas
1296 4744 1474 4854 ydoneas
1502 4743 1797 4848 destinandum,
1826 4776 1929 4831 νο·λ

260 4875 310 4929 Sur
324 4874 445 4948 Dialem,
461 4871 503 4927 11.
1448 4906 1457 4921 ·
1603 4882 1608 4891 '
1729 4871 1764 4931 06
