4317 5975
119 632 237 728 ribus
267 651 501 758 imponunt,
530 680 655 733 onera
684 657 842 763 grauia,
885 659 1075 767 ipsosque
1110 640 1285 755 talliam,
1318 672 1359 738 et
1386 658 1443 741 eis
1468 657 1659 739 collectas
1702 660 1918 768 imponamt

116 758 176 837 ab
204 760 301 866 ipsis
329 788 514 859 suorum,
544 782 816 872 proventuum
840 768 902 849 vel
933 769 1135 848 bonorum
1163 768 1368 850 dimidiam
1395 767 1927 872 deoimamscnvicesimam.

119 870 186 949 vel
217 874 402 977 quamuis
429 873 547 955 aliam
592 878 822 986 porcionem
867 897 938 959 aut
978 894 1147 989 quotam
1188 883 1357 987 exigunt
1385 897 1427 961 et
1453 896 1719 991 extorqmnt,
1764 910 1925 993 eosque.
1989 896 1998 926 ¹

117 978 345 1062 moliuntur
374 985 592 1068 multifarie
621 987 804 1070 subicere
832 992 1054 1086 seruituti,
1077 1016 1231 1099 sueque
1258 992 1492 1071 submittere
1520 990 1690 1089 dicium,
1733 1013 1776 1074 et
1802 993 1918 1103 quod

115 1092 302 1172 volentes
332 1094 563 1192 referimus,
592 1099 776 1205 nonnulli
806 1102 1061 1182 ecclesiarum
1086 1100 1240 1209 prelati,
1271 1102 1618 1213 ecclesiasticaque
1633 1130 1802 1211 persone
1832 1120 1916 1186 tre·

114 1200 303 1311 pidantes
333 1205 400 1284 vbi
430 1208 717 1317 trepidandum
747 1240 829 1291 uon
859 1228 918 1291 est
946 1206 1218 1319 transitoriam
1249 1238 1385 1319 pacem
1409 1229 1623 1323 querentes
1650 1214 1742 1322 plns
1769 1216 1915 1297 timen·
1947 1294 1953 1303 .

114 1330 178 1393 tes
209 1316 455 1397 maiestatem
486 1321 744 1428 temporalem
786 1322 998 1403 offendere
1027 1352 1150 1437 qua-m
1193 1340 1392 1418 eternam,
1434 1322 1579 1405 talium
1606 1322 1801 1416 abusibus
1831 1354 1918 1408 uon

111 1440 199 1503 tam
230 1432 441 1509 temerarie
469 1456 589 1540 quam
620 1432 846 1541 improuide
875 1438 1156 1543 acquiescunt,
1184 1431 1289 1513 sedis
1316 1433 1538 1540 apostolice
1558 1436 1815 1536 'auctoritate
1841 1464 1930 1519 seu-
2009 1455 2012 1464 ’

114 1536 284 1617 licencia
313 1564 396 1617 non
426 1557 591 1649 optenta
631 1539 713 1623 Nos
742 1544 866 1653 igitur
905 1546 1052 1627 talibus
1080 1546 1232 1654 iniquis
1261 1546 1418 1625 actibus
1456 1544 1627 1624 obuiare
1655 1544 1834 1627 volentes
1861 1547 1914 1629 de

113 1645 289 1727 fratrum
321 1668 550 1731 nostrorum
579 1654 748 1734 consilio
792 1656 1014 1763 apostolica
1057 1657 1299 1737 auctoritate
1325 1656 1567 1751 statuimus,
1587 1654 1698 1765 quod
1727 1660 1936 1766 quicum·
2015 1686 2026 1704 ’

112 1786 198 1867 que
229 1759 373 1867 prelati
409 1764 755 1874 ecclesiasticeque
791 1794 961 1874 persone
1005 1768 1189 1874 religiose
1227 1767 1290 1846 vel
1318 1766 1535 1860 seculares,
1563 1792 1913 1878 quorumcumque
2012 1760 2016 1767 ¹

112 1866 308 1950 ordinum
345 1872 594 1955 condicionis
630 1902 701 1955 seu
737 1892 913 1957 statuum
953 1878 1142 1961 collectas
1187 1878 1249 1956 vel
1289 1877 1416 1962 tallias
1454 1876 1650 1957 decimam
1688 1879 1914 1959 vicesimam
1977 1910 1982 1928 ·

111 2008 185 2061 seu
222 1983 463 2064 tricesimam
502 1986 753 2068 centesimam
792 2014 956 2068 suorum
985 1990 1057 2069 -rel
1095 1989 1351 2071 ecclesiarum
1380 2003 1656 2095 prouentnum
1693 1989 1754 2069 vel
1784 1992 1913 2070 bono·

112 2120 207 2171 rum
248 2093 357 2173 laicis
397 2096 594 2177 soluerint
636 2098 699 2176 vel
743 2100 1018 2205 promiserint,
1063 2101 1125 2180 vel
1168 2128 1210 2179 se
1254 2098 1459 2181 soluturos
1501 2101 1799 2195 consenserint,
1841 2116 1912 2184 aut

109 2205 301 2313 quanmis
349 2205 465 2292 allatu
502 2210 805 2318 quantitatem,
827 2212 1060 2318 porcionem
1103 2228 1175 2291 aut
1216 2227 1384 2321 quotam
1413 2203 1592 2318 ipso'rnm
1635 2217 1911 2319 prouentuum

110 2313 179 2394 rel
223 2315 424 2398 bonorum
454 2322 731 2401 extimacionis
759 2320 822 2401 vel
852 2320 999 2402 valoris
1035 2324 1215 2431 ipsorum
1244 2322 1322 2402 sub
1358 2318 1549 2429 adjutorii
1578 2322 1707 2405 mutui
1733 2320 1911 2430 subuen-

38 2504 45 2529 ,
109 2425 241 2505 cionis
268 2426 449 2519 subsidii,
473 2430 535 2511 vel
564 2429 662 2512 doni
706 2432 887 2526 nomine,
930 2460 1001 2513 seu
1029 2435 1177 2543 quouis
1202 2432 1283 2513 elio
1323 2431 1464 2527 titulo,
1493 2428 1632 2535 modo,
1662 2435 1724 2512 ve'l
1751 2436 1910 2542 quesito

108 2535 269 2631 colore,
310 2538 466 2650 absque
494 2544 747 2623 Auctoritate
784 2540 888 2623 sedis
915 2541 1093 2625 eiusdem
1135 2570 1207 2625 nec
1242 2570 1325 2625 non
1353 2544 1635 2651 imperatores,
1672 2570 1804 2651 reges,
1839 2572 1911 2624 seu
2033 2596 2038 2603 ·

108 2648 336 2757 principes,
354 2650 486 2735 duces
521 2656 728 2735 summitas
761 2652 823 2737 vel
861 2652 1031 2737 barones
1070 2671 1308 2763 potestates,
1345 2655 1565 2763 capitanei,
1600 2654 1810 2751 officiales,
1846 2655 1911 2757 rel
1977 2710 1982 2719 ·

109 2774 578 2874 rectores-quocumque
612 2764 775 2845 nomine
796 2782 1058 2860 censeantur,
1087 2768 1301 2850 ciuitatum
1327 2782 1573 2859 castrorum,
1601 2792 1674 2845 sen
1715 2792 1911 2874 quorum·

108 2896 286 2980 cumque
330 2872 513 2958 locorum
551 2877 882 2972 comtitutorum,
923 2874 1115 2972 vbilibet,
1143 2894 1184 2957 et
1209 2876 1345 2987 quiuis
1372 2876 1475 2969 alius
1502 2876 1789 2984 cuiuscumque
1817 2903 1911 2984 pre·

110 2978 329 3079 minensis,
346 2982 632 3098 ‘condicionim
660 3005 701 3068 et
728 3004 876 3083 status,
908 2989 981 3097 qui
1009 2988 1104 3070 talia
1141 2989 1426 3096 imposuerint,
1454 2988 1680 3094 exegerint,
1709 2987 1771 3066 vel
1801 3017 1909 3069 rece·
1979 3011 1985 3018 ·

109 3093 268 3204 periut,
297 3113 369 3178 aut
395 3093 504 3203 apud
532 3097 629 3180 edes
661 3126 796 3182 sacras
832 3096 1028 3208 deposita
1051 3099 1308 3182 eeclesiarum
1336 3098 1399 3178 rel
1426 3096 1788 3180 ecclesiasticarum
1815 3126 1909 3207 per-

106 3229 301 3286 sonarum
345 3207 515 3290 rbilibet
557 3211 824 3290 arestauerint
862 3211 1095 3307 sasiuerint,
1137 3239 1208 3290 seu
1246 3236 1443 3318 occupare
1478 3209 1814 3318 presumpserint,
1844 3211 1912 3293 rel

108 3318 296 3412 arestari,
331 3320 446 3402 sasiri
473 3336 544 3402 aut
578 3323 771 3430 occupari
815 3319 1113 3419 mandauerint,
1155 3336 1227 3401 aut
1256 3335 1466 3428 occupata,
1491 3319 1612 3400 sasitu
1638 3346 1718 3416 seu,
1737 3337 1909 3402 arestata

107 3429 355 3535 receperint,
394 3457 467 3512 nec
512 3457 592 3512 non
636 3457 773 3514 omues
816 3433 885 3541 qui
927 3435 1100 3514 scienter
1135 3433 1178 3512 in
1216 3431 1409 3539 predictis
1450 3426 1658 3526 dederint,
1701 3431 1907 3514 auxilium.

106 3537 341 3638 consilium,
378 3541 441 3622 rel
471 3541 672 3639 fauorem,
716 3543 878 3652 publice
914 3545 977 3624 vel
1006 3543 1178 3640 occulte,
1207 3566 1262 3623 eo‘
1285 3544 1374 3649 ipso
1405 3543 1651 3622 sentenciam
1678 3569 1909 3622 exeommu·
2028 3595 2031 3605 ·

107 3651 330 3732 uicacionis
358 3653 568 3736 incurrant
595 3655 876 3756 rniucrsitates
913 3683 1077 3766 quoque
1105 3654 1257 3764 quein
1287 3655 1364 3733 hiis
1391 3650 1625 3760 culpabiles,
1644 3652 1815 3750 fuerint,
1843 3677 1906 3734 cc‘·

105 3761 332 3844 elesiastico
373 3766 641 3874 supponimus
683 3764 900 3848 interdicto
936 3767 1100 3874 prelatis
1134 3785 1175 3845 et
1212 3765 1393 3873 personis
1420 3763 1695 3866 ecclesiasticis
1722 3762 1906 3872 supradi-

104 3874 185 3954 ctis
219 3875 260 3954 in
296 3877 447 3956 virtute
492 3873 725 3958 obediencie
770 3892 811 3958 et
852 3875 928 3958 sub
965 3876 1235 3984 deposicionis
1285 3903 1385 3983 pena
1435 3873 1615 3955 districte
1652 3871 1903 3974 mandantes,

29 4051 36 4072 .
105 4001 152 4064 vt
181 3985 332 4077 talibus
361 3987 514 4100 absque
543 4015 729 4098 expressa
748 3987 911 4068 licencia
942 3984 1048 4068 dicte
1069 3985 1176 4068 sedis
1203 3986 1433 4067 nullatenus
1453 3986 1732 4094 acquiescant,
1761 3985 1904 4088 Quod·

102 4123 187 4206 que
217 4114 405 4204 pretextu
442 4102 731 4210 cuiuscumque
768 4097 990 4179 oblacionis
1027 4099 1301 4205 promissionis
1338 4111 1380 4176 et
1414 4095 1682 4177 concessionis
1707 4095 1904 4178 factarum

105 4207 300 4288 hactenus
329 4208 392 4290 vel
424 4207 717 4306 faciendarum,
754 4209 913 4289 inantea
958 4210 1193 4318 prinsquam
1231 4204 1461 4319 huiusmodi
1497 4209 1737 4288 constitucio
1766 4207 1913 4314 probi·
2006 4227 2011 4240 ‘

105 4320 236 4414 bicio,
264 4344 333 4398 sen
364 4338 619 4429 preceptum,
648 4318 700 4400 ad
729 4323 921 4401 noticiam
949 4321 1128 4428 ipsorum
1159 4319 1436 4428 peruenerint,
1467 4318 1588 4397 nichil
1618 4319 1797 4412 sulcant,
1829 4338 1904 4400 nec
2029 4389 2037 4402 ,

105 4429 336 4537 supradicti
366 4431 566 4512 seculares
593 4459 762 4542 quoquo
792 4429 913 4512 modo
942 4433 1159 4539 recipiant,
1195 4431 1294 4512 etsi
1324 4427 1521 4510 soluerint
1554 4429 1615 4508 vel
1645 4429 1810 4538 predam
1843 4428 1910 4509 re'·'

101 4544 310 4649 ceperint3
344 4543 384 4620 in
421 4541 850 4624 excommunicacionis
885 4541 1128 4623 sentenciam
1171 4539 1353 4623 incidunt
1381 4541 1470 4647 ipso
1500 4539 1613 4649 ,lacto
1649 4544 1682 4622 Δ
1720 4538 1904 4646 supradi-

31 4663 41 4680 “
101 4653 178 4733 ctis
206 4668 343 4734 autem
378 4655 842 4736 excommunicacionnm
878 4670 919 4733 et
953 4651 1158 4734 interdicti
1192 4651 1427 4747 sentenciis,
1471 4648 1619 4730 nullus‘
1640 4651 1815 4730 absolui
1836 4679 1912 4730 vae

103 4751 214 4859 leat,
252 4780 508 4875 preterquam
560 4767 601 4846 in
645 4769 783 4847 mortis
826 4765 996 4846 articulo
1038 4766 1192 4876 absque
1240 4762 1344 4846 sedis
1395 4761 1613 4870 apostolice
1643 4763 1921 4843 auctoritate·
2018 4737 2043 4841 s
2100 4751 2121 4886 '¹

101 4883 144 4986 eft
175 4875 342 4982 licencia
370 4875 552 4984 speciali,
582 4865 672 4957 cum
701 4893 836 4957 nostre
880 4877 1120 4959 intensionis
1154 4877 1315 4972 existat,
1353 4889 1431 4955 tam
1461 4871 1711 4962 horrendum
1754 4873 1912 4954 secula·'

244 4985 290 5089 so.
309 5033 429 5120 upon
447 5034 487 5088 n.
768 5002 799 5014 ”
926 4993 930 5002 ’
1053 5109 1061 5136 Ι
1667 5034 1707 5097 ²7
