4317 5975
4 373 12 412 l

9 575 21 672 1

12 676 22 795 1

29 4982 51 5093 l

3 5126 193 5441 l]

833 476 889 497 -
1000 428 1080 515 185
1191 472 1267 553 -9

145 630 397 735 refundimus
437 666 479 733 et
514 650 761 761 assignamus
789 647 945 733 Nobili'
970 648 1254 735 viro·‹lomino
1303 646 1541 761 rangwaldo
1573 644 1688 729 dicto
1714 641 1835 728 mulae
1865 671 1948 757 pru
2001 701 2004 708 -

143 763 520 873 recompensatione
548 761 750 844 bonorum
775 760 856 869 ¹sibi
887 790 1176 873 permagnum
1206 758 1373 844 fratrem
1416 777 1599 843 nostrum
1639 756 1870 841 ablatorum
1897 756 1947 869 J’n

144 877 255 973 nasi,
285 875 450 957 Curiam
462 860 507 984 jn
536 871 750 970 Slaedhini,
778 873 897 953 Matri
913 890 1049 955 nostre
1071 874 1279 985 quondam
1301 874 1345 984 jn
1369 874 1636 957 donacionem
1650 885 1823 979 propter
1838 896 1946 978 nup·

144 990 221 1070 1111
248 986 508 1095 assignatam,
536 1012 628 1067 enm
658 984 847 1093 coloniis,
877 987 1004 1095 agris,
1033 988 1179 1095 pratis,
1208 987 1436 1097 pisebbrijs,
1471 980 1720 1077 nemoribus,
1736 982 1946 1077 asceteria

144 1096 404 1206 pertinenciis
439 1098 523 1179 suis
551 1124 638 1177 vna.
671 1124 763 1178 num
800 1096 1031 1179 molendino
1060 1096 1105 1205 jn
1136 1096 1307 1195 olrudb,
1335 1126 1415 1187 nea
1452 1122 1533 1176 non
1564 1110 1605 1176 et
1634 1091 1869 1173 molendino
1896 1093 1943 1203 ju
2023 1162 2035 1177 ,

142 1210 351 1316 thaengini,
378 1207 490 1318 quod
521 1206 698 1315 possedit
724 1234 893 1315 magnus
920 1206 1011 1292 dax.
1033 1238 1108 1291 son
1131 1207 1244 1290 curia
1274 1225 1413 1291 nostra
1441 1223 1622 1289 materna
1650 1205 1698 1313 jn
1725 1230 1833 1285 want
1848 1229 1942 1283 cum

147 1318 338 1403 omnibus
354 1320 446 1419 *suis
475 1318 755 1427 pertinencijs,
786 1346 862 1427 pro
890 1316 1001 1402 dieto
1029 1319 1262 1401 molendino
1289 1319 1336 1430 jn
1364 1319 1560 1428 thaengini
1582 1317 1748 1399 ecclesie
1774 1314 1942 1397 skaren·

143 1434 176 1515 si
206 1456 278 1540 per
307 1456 382 1513 nos
409 1432 609 1537 assignata
625 1429 818 1539 legaliter
846 1446 888 1510 et
915 1448 1081 1515 scutata.
1116 1431 1305 1514 Colonias
1332 1460 1418 1542 qno
1451 1459 1501 1511 ue
1515 1431 1561 1540 jn
1585 1426 1940 1537 araebiaerghou'm

138 1540 327 1623 omnibus
353 1542 436 1623 suis
473 1536 741 1649 pertinencijs'
758 1538 886 1621 eidem
922 1546 1087 1624 domino
1116 1543 1354 1651 rangwaldo
1382 1461 1635 1625 relundimus
1662 1555 1705 1620 et
1732 1541 1940 1621 irreuoca·

139 1653 276 1735 biliter
304 1652 562 1761 assignamus,
591 1650 668 1731 hou
697 1648 855 1732 adiecto
883 1652 995 1761 quod
1025 1656 1057 1734 si
1087 1653 1215 1736 dictas
1243 1656 1425 1738 colonias
1452 1652 1760 1764 jnaraebiraergb
1782 1650 1939 1761 aliqua·

137 1764 232 1845 liter
258 1763 387 1873 jnpeti
415 1763 479 1845 rel
502 1760 685 1871 ¹jnpediri
714 1765 950 1871 contigerit,
993 1767 1101 1846 bo'na
1147 1782 1281 1847 nostra
1311 1782 1480 1876 paterna
1510 1784 1550 1849 et
1566 1780 1757 1861 materna,
1780 1761 1938 1871 obligas·
1998 1780 2019 1793 ’·

135 1904 229 1957 mus
252 1872 303 1957 ad
331 1872 582 1957 reddendum
613 1892 653 1954 et
675 1872 899 1954 laciendum
929 1876 1175 1983 sepedictum
1203 1874 1409 1959 dominum
1452 1872 1734 1987 rangwaldum
1761 1890 1802 1954 et
1821 1872 1940 1955 bere-

135 1986 210 2068 des
239 1986 364 2093 ipsius
391 1983 629 2093 jndempnes
658 1984 838 2067 totaliter
864 1984 908 2094 jn
937 1986 1012 2069 hau
1043 2004 1171 2095 parte.
1209 1989 1361 2069 Dentes
1388 1987 1516 2070 eidem
1537 1986 1704 2070 domino
1732 1984 1939 2095 rangwal·

133 2096 191 2179 do
220 2113 262 2179 11
289 2096 372 2179 suis
399 2093 629 2191 heredibus,
658 2096 822 2177 liberam
852 2112 892 2176 et
921 2096 1141 2206 plenariam
1165 2096 1428 2209 potestatem
1453 2098 1563 2181 bona
1590 2096 1822 2205 supradicta
1850 2124 1939 2179 om·

138 2211 208 2291 nia
239 2225 280 2288 et
307 2204 476 2317 singula,
514 2206 650 2305 dandi,
681 2206 900 2304 vendendi,
929 2208 1153 2304 alienandi,
1184 2238 1254 2292 sev
1289 2209 1597 2321 quomodolibet
1624 2206 1843 2293 ordinandi
1858 2235 1939 2317 pro

142 2347 215 2401 sue
244 2318 362 2400 libito
391 2317 623 2400 voluntatis.
680 2318 976 2399 committimus
1004 2323 1180 2429 insuper
1209 2349 1282 2430 per
1300 2320 1677 2429 ¹presentesandree
1700 2335 1831 2401 towaa
1861 2348 1937 2401 son
2027 2352 2038 2381 r

138 2432 425 2513 anctoritatem
455 2446 496 2509 et
526 2430 746 2537 plenariam
777 2446 1013 2536 potestatem
1043 2460 1092 2513 ex
1123 2447 1236 2540 parte
1252 2450 1400 2527 nostra,
1428 2432 1576 2513 dictam
1596 2434 1748 2514 curiam
1775 2430 1820 2537 jn
1848 2430 1937 2509 sloe·

143 2540 280 2635 dbini,
309 2567 400 2623 cum
417 2540 587 2649 colonijs
603 2539 749 2649 ibidem
779 2556 820 2619 et
850 2542 1037 2623 omnibus
1065 2545 1149 2623 suis
1177 2543 1450 2652 pertinencijs,
1478 2572 1555 2625 rna
1586 2573 1676 2628 cum
1705 2538 1939 2622 molendino

142 2650 189 2761 jn
216 2650 379 2741 offrudh
407 2667 460 2741 et,
475 2648 711 2732 molendino
741 2650 784 2758 jn
815 2652 1005 2761 tbaengini
1033 2680 1192 2735 necnon
1222 2670 1263 2735 et
1292 2647 1462 2763 coloniis
1495 2652 1539 2762 jn
1568 2650 1816 2760 araebioergh
1845 2678 1939 2761 pre·

141 2763 268 2859 dietis,
295 2761 478 2846 scotandi
509 2762 708 2873 legaliter,
737 2776 777 2843 et
806 2767 1091 2871 possessionem
1123 2764 1310 2847 tradendi
1338 2766 1601 2875 corporalem.
1660 2770 1843 2849 Petentes
1873 2763 1938 2872 jn-

140 2890 290 2955 stanter
321 2891 363 2955 vt
391 2874 578 2955 dominus
633 2892 769 2953 noster
797 2899 868 2953 rex
896 2890 937 2954 et
967 2874 1189 2987 consiliarij
1214 2878 1277 2957 sni
1305 2902 1427 2987 super
1456 2879 1656 2990 premissis
1678 2877 1832 2958 litteras
1845 2899 1937 2953 suas

143 3005 324 3095 patentes
351 3013 488 3066 eorum
518 2983 659 3095 sigillis
679 2982 962 3066 munitasdare
990 2989 1117 3070 velint
1143 2986 1189 3095 jn
1208 2988 1462 3070 euidentiam
1476 2990 1710 3100 pleniorem.
1751 2991 1803 3068 ln
1832 3013 1937 3095 quo·

145 3126 240 3178 rum·
262 3099 441 3196 omnium
473 3095 765 3192 testimonium,
794 3095 970 3204 sigillum
997 3116 1182 3179 nostrum
1213 3099 1467 3208 presentibus
1495 3119 1554 3180 est
1576 3127 1810 3210 appensum.
1854 3099 1966 3181 1)1-“

148 3225 251 3308 tum,
281 3226 323 3290 et
337 3227 482 3305 autum,
511 3207 554 3317 jn
573 3205 795 3305 haell'stadh,
811 3211 931 3288 Anno
946 3206 1098 3292 domini
1114 3209 1480 3308 M⁰,CC⁰,XC⁰IX⁰,
1494 3211 1590 3293 ΙΙΠο
1608 3211 1702 3320 jdus
1725 3209 1937 3318 februarii.

831 3350 960 3434 Sigilleo
986 3373 1019 3432 1,
1042 3373 1077 3434 1,
1099 3349 1246 3416 skadade.

159 3717 318 3862 1269.
692 3757 843 3866 1199
896 3718 943 3824 d.
1000 3719 1075 3826 16‘
1114 3651 1261 3846 Mars
1412 3636 1417 3654 ·
1530 3725 1674 3830 'luna
1723 3734 1740 3832 i
1783 3699 1937 3858 diter.

231 3903 482 3990 irie-Biskopen
505 3905 516 3966 i
537 3903 657 3990 Upsala
679 3905 750 3970 Nus
770 3907 936 3972 Annassons
957 3906 1143 3974 vidimation
1165 3909 1202 3972 al
1218 3907 1260 3972 K.
1281 3909 1416 3991 Magnus
1436 3911 1474 3972 lts
1495 3909 1571 3973 bref
1588 3912 1626 3975 11
1641 3913 1678 3975 dr
1705 3912 1792 3978 1181.
2009 3995 2013 4003 .

1575 4026 1611 4080 A.
1626 4027 1654 4080 6.
1670 4043 1695 4087 a,
1713 4042 1743 4084 a:
1759 4031 1802 4084 111
1864 4029 1867 4037 ’

273 4121 473 4203 Omnibus
503 4139 705 4230 presentes
729 4123 883 4205 litteras
911 4127 1163 4232 inspecturis
1191 4126 1381 4208 Nicolans
1410 4129 1669 4212 miseracione
1695 4129 1834 4214 diuina
1859 4139 1936 4214 Ar·
2071 4190 2079 4207 0

153 4229 418 4341 elriepiscopns
465 4233 710 4342 upsalensis,
752 4233 928 4316 Salutem
972 4238 1017 4344 jn
1059 4237 1224 4320 domino
1258 4240 1562 4349 sempiternam,
1591 4243 1742 4324 Notum
1771 4245 1938 4328 lauimus

153 4343 216 4446 pe'r
244 4361 455 4453 presentes,
511 4345 596 4424 Nos
625 4343 770 4428 uidisse
798 4351 838 4427 81
867 4347 1080 4453 diligenter
1108 4347 1158 4429 de
1186 4349 1312 4433 verbo
1339 4349 1392 4431 ad
1412 4352 1583 4433 uerbum
1609 4356 1855 4463 perspexisse
1870 4356 1936 4436 lit·

152 4469 244 4535 teras
271 4456 425 4564 dominj
454 4457 586 4563 magni
617 4456 681 4536 dei
711 4459 844 4563 grania
874 4486 1059 4540 sueorum
1089 4461 1389 4573 gothorumque
1416 4464 1521 4576 regis
1555 4463 1823 4563 illustrissimi,
1850 4496 1936 4551 non

153 4590 248 4648 rasas
290 4595 374 4648 non
416 4565 1084 4679 111111111111111111119111111
1122 4591 1237 4680 parte
1265 4575 1407 4675 picitas
1436 4576 1511 4658 sub
1539 4576 1664 4683 ipsius
1691 4593 1733 4662 et
1760 4578 1937 4686 prelato·

151 4701 228 4756 rum
258 4681 299 4758 in
329 4669 575 4786 ipsa'littera
607 4679 904 4761 nominatorum
935 4682 1044 4763 ueris
1072 4686 1114 4763 &
1140 4682 1260 4764 saluis
1287 4683 1428 4790 sigillis
1460 4686 1503 4764 in
1521 4686 1605 4768 ,hec
1649 4687 1793 4787 uerba,
1820 4691 1935 4786 Mutt-¹
1970 4752 1974 4756 a

149 4871 409 4902 ...η-...-

223 4934 291 4996 med
315 4933 404 4996 111111
427 4901 577 5024 1111111111
597 4936 696 4998 ”Cum
718 4937 864 5018 originali
886 4939 1078 5003 concordare
1101 4939 1165 5002 ridi
1187 4940 1937 5025 1.Ρ.”(11119116111),1111111111111111111·

221 5036 277 5098 gen
298 5027 333 5080 tir
354 5016 458 5080 rittad
480 5019 520 5104 pt
541 5019 638 5102 nigra
659 5018 778 5084 sutton.
1477 5072 1480 5079 ,
1890 5045 1897 5057 ’
