4317 5975
938 388 1021 425 ε-
1133 342 1214 425 366
1326 393 1384 413 .-

237 584 480 729 ,ιῧγιοχ
751 663 756 669 -
904 580 1045 685 1302
1095 578 1145 685 d.
1200 616 1268 686 1o
1315 574 1428 686 Oct
1739 580 2033 733 Baldingstad

353 804 582 889 irkebislopeu
604 805 613 864 i
635 802 754 887 Upmls
774 804 849 865 Nus
870 801 1035 865 aemma·
1056 800 1096 885 pt
1118 800 1246 862 sllmt'ut
1267 800 1330 882 tiug
1352 798 1436 881 gisus
1459 799 1624 863 Fastcbrei
1642 799 1681 886 pt
1704 801 1781 875 Karl
1807 805 2033 893 ingeburgam}

405 887 657 969 utstiiiregieudc
679 886 754 949 bref
770 886 897 947 omtalta
921 886 1087 968 jot-dubyte
1107 887 1177 949 med
1200 884 1390 947 Skolloster.
1818 970 1854 1025 A,
1869 970 1890 1026 3,
1906 973 1931 1027 b·

382 1102 584 1191 Omnibus
614 1121 821 1213 presentes
850 1103 1003 1184 litteras
1032 1104 1297 1213 inspecturis,
1323 1102 1530 1187 Nicotaus
1560 1106 1820 1187 miseracione
1847 1105 1971 1189 diuina
1989 1140 2036 1193 ar·
2070 1186 2073 1197 .

270 1216 548 1329 cbiepiscopus
578 1218 817 1325 vpsalensis,
848 1215 1019 1296 salutem
1041 1219 1085 1296 in
1110 1214 1278 1304 domino
1304 1218 1607 1323 sempiternam,
1634 1217 1859 1297 Jniuriatur
1887 1224 1953 1299 &c
1976 1255 2037 1305 som

158 1409 161 1414 .
267 1330 656 1436 iniistfriregciende
685 1330 766 1411 Nm
801 1328 905 1434 1370
932 1330 1003 1409 till
1026 1346 1170 1410 tenore
1209 1328 1465 1437 presencium
1500 1330 1749 1423 intimamus,
1792 1331 1910 1434 Quod
1937 1332 2038 1415 doni·

268 1463 350 1549 nus'
374 1440 539 1521 karolus
576 1438 827 1549 ingiburgha
856 1467 955 1538 svn,
978 1454 1021 1521 et
1048 1442 1224 1547 vestgoti
1250 1440 1424 1519 famulus
1465 1439 1629 1521 domine
1669 1441 1867 1523 abbatisse
1887 1440 1939 1522 de
1964 1446 2038 1527 scho

269 1582 292 1634 a
321 1553 429 1635 dicta
459 1552 620 1633 domina
651 1552 852 1633 abbatissa
881 1569 922 1630 et
947 1553 1040 1631 eius
1063 1554 1286 1633 Conuentu
1322 1552 1376 1635 ad
1413 1552 1494 1633 boc
1519 1553 1748 1662 specialiter
1788 1553 1988 1661 deputatus
2009 1578 2038 1640 et

268 1664 509 1760 destinatus,
555 1662 739 1744 lecerunt
768 1666 809 1744 in
845 1681 980 1742 nostra
1026 1666 1231 1772 presencia
1272 1667 1614 1771 permutacionem
1652 1664 1881 1775 huiusmodi
1907 1666 2038 1773 predio·

267 1805 379 1873 rum,
408 1774 593 1855 videlicet
621 1774 735 1885 quod
763 1775 896 1856 dictus
923 1772 1110 1854 dominus
1154 1774 1318 1855 karolus
1345 1776 1467 1856 titulo
1509 1779 1843 1885 permutacionis,
1883 1774 2036 1874 tradidit,

266 1888 511 1996 assignauit,
536 1902 580 1991 et
605 1888 909 1995 appropriauit,
953 1885 1062 1967 dicto
1109 1903 1291 1994 vestgota
1333 1888 1497 1967 nomine
1537 1886 1738 1969 abbatisse
1766 1905 1807 1969 et
1836 1890 2037 1970 Conuentus

267 1997 319 2080 de
348 1999 469 2095 sobo,
495 1999 657 2077 Curiam
690 2026 803 2077 suam
838 1997 1095 2105 salcandaeltj
1125 1998 1165 2077 in
1198 1999 1384 2105 parocbia
1409 1998 1574 2106 gritum
1603 2000 1682 2107 Cuj
1710 2001 1916 2081 subiacent
1944 2004 2042 2110 quin-¹

268 2109 398 2191 decim
427 2136 499 2190 ore
527 2126 653 2205 terre,
682 2127 722 2189 et
751 2106 963 2190 duodecim
994 2109 1152 2218 denarij
1180 2127 1305 2206 terre,
1335 2138 1424 2190 cum
1442 2109 1608 2192 dimidio
1638 2112 1804 2192 denario
1822 2128 1933 2207 terre,
1960 2115 2037 2192 lten

90 2196 123 2243 ³
181 2298 186 2303 .
268 2231 473 2304 tres'oras
503 2237 610 2301 terre
639 2223 682 2299 in
709 2220 804 2300 villa
834 2220 984 2319 Niabir
1011 2223 1053 2301 in
1085 2222 1271 2329 parochia
1314 2220 1585 2328 langutboru,
1631 2252 1721 2304 cum
1752 2230 1878 2330 agris,
1922 2226 2038 2330 pratis,

92 2338 97 2346 '
170 2423 175 2427 ,
268 2334 396 2428 siluis,
426 2333 628 2439 piscarijs‚
658 2348 700 2412 et
728 2333 870 2412 ceteris
899 2334 1109 2427 omuibus,
1138 2346 1179 2412 et
1208 2332 1621 2441 singulisattiuencijs
1650 2335 1700 2414 ad
1731 2334 1878 2415 dictam
1906 2336 2038 2415 Curiam

268 2443 547 2553 salcandaelrj,
576 2460 617 2523 et
646 2442 697 2524 ad
727 2443 953 2553 predictum
987 2442 1173 2553 predium
1203 2443 1344 2544 niabi
1373 2447 1673 2552 pertinentibus
1707 2472 1959 2557 quocumque
1982 2472 2036 2523 no·

268 2561 376 2638 mine
406 2571 667 2650 censeantur,
696 2555 851 2664 absque
878 2554 1152 2635 diminucione
1180 2570 1220 2633 et
1248 2558 1494 2663 excepeione
1519 2586 1782 2669 quacumque
1801 2557 1915 2639 dictis
1939 2558 2039 2663 wlga-

267 2671 367 2751 riter
397 2667 748 2776 afnempningum,
776 2663 985 2747 Predictus
1013 2694 1113 2747 vero
1140 2668 1317 2772 vestgpti
1343 2669 1504 2747 nomine
1538 2671 1738 2751 abbatisse
1766 2686 1807 2750 et
1834 2670 2038 2750 Conuentus

166 2856 170 2868 ,
269 2776 319 2863 de
348 2780 464 2875 scho‚
492 2776 681 2876 tradidit,
708 2779 949 2886 assignauit,
974 2794 1016 2859 et
1042 2778 1352 2886 appropriauit,
1377 2776 1493 2860 dicto
1516 2778 1683 2861 domino
1721 2782 1864 2863 karolo
1906 2782 2037 2861 Curiam
2101 2791 2106 2800 '

185 2896 193 2912 ’
268 2888 503 3000 monasterii
544 2890 642 2971 sebo
684 2888 832 2971 dictam
860 2890 1079 2997 tangastir,
1105 2888 1188 2998 Cuj
1221 2890 1430 2971 subiacent
1457 2897 1531 2971 &c
1574 2922 1655 2973 som
1683 2900 1700 2974 i
1725 2892 2040 3002 ndstfiiregcieude

267 3007 351 3086 Nm
386 3005 496 3108 1370'
532 3000 640 3114 (med
679 3004 756 3083 der
798 3004 1018 3082 cumcirlta
1043 3000 1249 3111 olildeter)
1293 3005 1359 3084 titt
1412 3001 1764 3112 alnempningum,
1809 3005 1936 3114 Super
1972 3027 2039 3112 pre-

266 3115 375 3198 dicta
394 3117 528 3194 eciam
558 3114 869 3222 permutacione
892 3109 982 3192 dati
1006 3129 1047 3192 et
1075 3112 1233 3223 accepti
1275 3113 1440 3196 fuerunt
1471 3117 1515 3194 in
1551 3116 1726 3226 Comunj
1753 3117 1904 3226 placito
1931 3143 2037 3198 corun

266 3227 386 3309 nobis
414 3223 637 3306 secundum
670 3225 775 3332 leges
803 3225 933 3335 patrie
952 3223 1124 3330 lirmarij¹
1140 3225 1352 3331 wlgariter
1375 3222 1476 3306 dicti
1503 3225 1632 3306 fastar
1656 3229 1708 3306 Jn
1729 3231 1844 3308 cuius
1872 3229 1926 3308 rei
1952 3226 2038 3306 testi·

266 3339 446 3420 monium
477 3337 528 3416 ad
557 3337 793 3419 instanciam
822 3351 865 3415 et
890 3335 1232 3443 supplicacionem
1261 3333 1541 3445 predictorum·
1560 3338 1717 3445 dominj
1736 3339 1868 3448 larolj
1895 3364 2037 3419 necnon

267 3462 309 3531 et
337 3465 520 3556 vestgium
550 3449 711 3527 nornine
738 3447 844 3528 dicte
871 3447 1072 3528 abbatisse
1103 3464 1144 3528 ct
1173 3463 1400 3527 conuentus
1428 3447 1525 3529 sebo
1564 3468 1771 3559 presentes
1801 3453 1905 3546 lieri,
1944 3467 1978 3530 et
2001 3449 2038 3526 si·

265 3556 355 3752 dmi
385 3561 512 3638 nostri
543 3559 709 3639 lecimus
737 3558 956 3637 munimine
998 3557 1205 3653 roborari,
1246 3561 1391 3638 Actum
1422 3559 1531 3667 apud
1576 3561 1792 3644 Ecclesiam
1825 3564 2040 3672 baldingsta-

296 3697 362 3753 um
391 3675 511 3750 Anno
540 3669 695 3778 dominj
723 3668 1005 3750 .M⁰.CCC’ll⁹.
1034 3685 1150 3750 sexto
1178 3665 1276 3750 idus
1303 3673 1490 3753 octobris.
1879 3685 1884 3692 '

865 3808 913 3872 Pa
923 3807 1121 3893 frinsidau:
1147 3829 1242 3896 super
1262 3809 1470 3873 sallandelrie.

724 3927 861 4009 sigillet,
884 3929 923 4016 pri
946 3949 983 3991 en
1005 3947 1043 3990 ur
1065 3927 1190 3992 brelret
1208 3926 1310 4014 ttippr
1330 3949 1447 4010 retusa,
1469 3927 1613 3993 siadadt⁸

276 4109 492 4341 13712«
718 4247 722 4257 ¹
906 4196 1050 4300 1302
1099 4194 1147 4300 d.
1196 4213 1267 4323 aa
1315 4197 1445 4302 Nor.
1645 4129 1649 4138 Ι
1780 4196 2040 4305 Condestir.

347 4385 502 4461 nimam,
524 4384 721 4463 Lagmaunen
754 4360 867 4443 lsrael's
883 4383 982 4443 enias
995 4383 1183 4447 stadttstetse
1214 4383 1254 4466 pd
1276 4382 1349 4446 dess
1364 4385 1461 4464 gdlva-
1479 4385 1524 4446 till
1547 4385 1667 4468 Upsala
1691 4386 1883 4469 D'omlyrla,
1904 4385 1934 4446 si
1955 4381 1995 4444 vtl
2013 4377 2039 4438 al

350 4518 354 4526 .
397 4468 437 4528 de
458 4467 515 4526 bus
537 4466 599 4527 bou
621 4468 681 4526 lun
715 4467 839 4526 lomina
866 4477 915 4525 att
944 4469 1075 4550 uppliira
1099 4469 1139 4549 pt
1160 4468 1219 4529 den
1249 4477 1329 4528 tonat
1363 4467 1412 4526 vid
1447 4469 1736 4552 H..Trefuldighets
1767 4470 1903 4554 lytlan,
1935 4465 2035 4540 hvillen

398 4548 627 4632 iriebisiopeu
654 4550 790 4632 uppittit
811 4549 859 4610 tiit
892 4549 1014 4612 brunes
1036 4549 1239 4632 begsguerme
1259 4552 1300 4636 pt
1321 4549 1476 4630 lilstideu,
1504 4573 1569 4614 som
1591 4556 1650 4617 oci
1672 4555 1708 4615 ai
1725 4553 1769 4617 de
1797 4553 1972 4634 bohagstiug
1993 4545 2037 4604 der

397 4633 501 4694 kunnu
523 4632 689 4694 iiireiinuos
709 4632 762 4694 vid
779 4631 902 4700 benues
917 4630 995 4694 diid.

1851 4717 1887 4772 s.
1903 4716 1925 4784 4.

372 4850 576 4934 Omnibus
604 4853 812 4930 Presentes
830 4850 986 4929 litteras
1009 4823 1280 4959 inspecturis,
1308 4851 1532 4934 Raurnmts
1558 4853 1709 4935 Relicta
1732 4844 2034 4936 dominiisraelis

161 4973 193 5040 ’.
263 4961 438 5073 legiferi,
461 4962 629 5045 salutem
657 4962 701 5042 in
728 4961 895 5044 domino
930 4961 1233 5080 sempiternam,
1261 4963 1421 5046 ‘l'enore
1448 4968 1702 5074 presencium
1732 4983 1914 5050 constare
1940 4957 2030 5048 volo,
