<?xml version="1.0" encoding="UTF-8"?>
<!DOCTYPE html PUBLIC "-//W3C//DTD XHTML 1.0 Transitional//EN"
    "http://www.w3.org/TR/xhtml1/DTD/xhtml1-transitional.dtd">
<html xmlns="http://www.w3.org/1999/xhtml" xml:lang="en" lang="en">
 <head>
  <title>
</title>
<meta http-equiv="Content-Type" content="text/html;charset=utf-8" />
  <meta name='ocr-system' content='tesseract 3.04.00' />
  <meta name='ocr-capabilities' content='ocr_page ocr_carea ocr_par ocr_line ocrx_word'/>
</head>
<body>
  <div class='ocr_page' id='page_1' title='image "./svensktdiplomat01swegoog/svensktdiplomat01swegoog_0548.png"; bbox 0 0 4317 5975; ppageno 0'>
   <div class='ocr_carea' id='block_1_1' title="bbox 771 298 1296 433">
    <p class='ocr_par' dir='ltr' id='par_1_1' title="bbox 771 298 1296 433">
     <span class='ocr_line' id='line_1_1' title="bbox 771 298 1296 433; baseline 0.011 -89"><span class='ocrx_word' id='word_1_1' title='bbox 771 298 1296 433; x_wconf 55' lang='lat' dir='ltr'><strong>&#39;-,357&#39;·ssss&#39;</strong></span> 
     </span>
    </p>
   </div>
   <div class='ocr_carea' id='block_1_2' title="bbox 119 523 1923 657">
    <p class='ocr_par' dir='ltr' id='par_1_2' title="bbox 119 523 1923 657">
     <span class='ocr_line' id='line_1_2' title="bbox 119 523 1923 657; baseline 0.001 -24"><span class='ocrx_word' id='word_1_2' title='bbox 119 548 279 636; x_wconf 67' lang='lat' dir='ltr'><strong>ibidem</strong></span> <span class='ocrx_word' id='word_1_3' title='bbox 307 544 475 631; x_wconf 63' lang='lat' dir='ltr'><strong>aalma</strong></span> <span class='ocrx_word' id='word_1_4' title='bbox 515 523 634 627; x_wconf 76' lang='lat' dir='ltr'><strong>roim</strong></span> <span class='ocrx_word' id='word_1_5' title='bbox 679 546 879 629; x_wconf 76' lang='lat' dir='ltr'><strong>blancham</strong></span> <span class='ocrx_word' id='word_1_6' title='bbox 924 544 1082 644; x_wconf 65' lang='lat' dir='ltr'><strong>denar„</strong></span> <span class='ocrx_word' id='word_1_7' title='bbox 1127 546 1190 631; x_wconf 83' lang='lat' dir='ltr'><strong>Ad</strong></span> <span class='ocrx_word' id='word_1_8' title='bbox 1226 545 1473 631; x_wconf 71' lang='lat' dir='ltr'><strong>solucionem</strong></span> <span class='ocrx_word' id='word_1_9' title='bbox 1519 574 1618 629; x_wconf 77' lang='lat' dir='ltr'><strong>sero</strong></span> <span class='ocrx_word' id='word_1_10' title='bbox 1651 542 1923 657; x_wconf 78' lang='lat' dir='ltr'><strong>predictorum</strong></span> 
     </span>
    </p>
   </div>
   <div class='ocr_carea' id='block_1_3' title="bbox 118 656 2057 767">
    <p class='ocr_par' dir='ltr' id='par_1_3' title="bbox 118 656 2057 767">
     <span class='ocr_line' id='line_1_3' title="bbox 118 656 2057 767; baseline 0.002 -23"><span class='ocrx_word' id='word_1_11' title='bbox 118 663 311 744; x_wconf 85' lang='lat' dir='ltr'><strong>omnium</strong></span> <span class='ocrx_word' id='word_1_12' title='bbox 345 658 499 767; x_wconf 90' lang='lat' dir='ltr'><strong>deputo</strong></span> <span class='ocrx_word' id='word_1_13' title='bbox 519 674 760 767; x_wconf 87' lang='lat' dir='ltr'><strong>prouentus</strong></span> <span class='ocrx_word' id='word_1_14' title='bbox 789 666 928 739; x_wconf 87' lang='lat' dir='ltr'><strong>omues</strong></span> <span class='ocrx_word' id='word_1_15' title='bbox 969 658 1167 743; x_wconf 90' lang='lat' dir='ltr'><strong>debonis</strong></span> <span class='ocrx_word' id='word_1_16' title='bbox 1210 664 1305 743; x_wconf 88' lang='lat' dir='ltr'><strong>meis</strong></span> <span class='ocrx_word' id='word_1_17' title='bbox 1331 656 1521 745; x_wconf 85' lang='lat' dir='ltr'><strong>omnibus</strong></span> <span class='ocrx_word' id='word_1_18' title='bbox 1550 660 1592 740; x_wconf 90' lang='lat' dir='ltr'><strong>in</strong></span> <span class='ocrx_word' id='word_1_19' title='bbox 1622 663 1809 751; x_wconf 83' lang='lat' dir='ltr'><strong>verendia</strong></span> <span class='ocrx_word' id='word_1_20' title='bbox 1839 668 1926 747; x_wconf 85' lang='lat' dir='ltr'><strong>sitis</strong></span> <span class='ocrx_word' id='word_1_21' title='bbox 2045 676 2057 700; x_wconf 57' lang='lat'>‘</span> 
     </span>
    </p>
   </div>
   <div class='ocr_carea' id='block_1_4' title="bbox 123 768 1922 997">
    <p class='ocr_par' dir='ltr' id='par_1_4' title="bbox 123 768 1922 997">
     <span class='ocr_line' id='line_1_4' title="bbox 126 768 1922 887; baseline 0.001 -32"><span class='ocrx_word' id='word_1_22' title='bbox 126 773 417 885; x_wconf 84' lang='lat' dir='ltr'><strong>proneuientes</strong></span> <span class='ocrx_word' id='word_1_23' title='bbox 457 770 664 850; x_wconf 77' lang='lat' dir='ltr'><strong>annuatim</strong></span> <span class='ocrx_word' id='word_1_24' title='bbox 707 769 996 852; x_wconf 74' lang='lat' dir='ltr'><strong>districtissime</strong></span> <span class='ocrx_word' id='word_1_25' title='bbox 1041 770 1261 887; x_wconf 71' lang='lat' dir='ltr'><strong>probibens</strong></span> <span class='ocrx_word' id='word_1_26' title='bbox 1296 773 1466 881; x_wconf 88' lang='lat' dir='ltr'><strong>nequis</strong></span> <span class='ocrx_word' id='word_1_27' title='bbox 1505 768 1701 853; x_wconf 61' lang='lat' dir='ltr'><strong>‚hmedm</strong></span> <span class='ocrx_word' id='word_1_28' title='bbox 1744 800 1922 857; x_wconf 84' lang='lat' dir='ltr'><strong>meorum</strong></span> 
     </span>
     <span class='ocr_line' id='line_1_5' title="bbox 123 878 1922 997; baseline 0.002 -34"><span class='ocrx_word' id='word_1_29' title='bbox 123 884 351 997; x_wconf 85' lang='lat' dir='ltr'><strong>quidquam</strong></span> <span class='ocrx_word' id='word_1_30' title='bbox 380 882 552 990; x_wconf 91' lang='lat' dir='ltr'><strong>accipiat</strong></span> <span class='ocrx_word' id='word_1_31' title='bbox 582 878 633 961; x_wconf 88' lang='lat' dir='ltr'><strong>de</strong></span> <span class='ocrx_word' id='word_1_32' title='bbox 663 883 934 990; x_wconf 71' lang='lat' dir='ltr'><strong>prurientibus</strong></span> <span class='ocrx_word' id='word_1_33' title='bbox 963 884 1191 963; x_wconf 86' lang='lat' dir='ltr'><strong>memoratis</strong></span> <span class='ocrx_word' id='word_1_34' title='bbox 1222 897 1312 989; x_wconf 90' lang='lat' dir='ltr'><strong>post</strong></span> <span class='ocrx_word' id='word_1_35' title='bbox 1341 880 1498 965; x_wconf 84' lang='lat' dir='ltr'><strong>obitum</strong></span> <span class='ocrx_word' id='word_1_36' title='bbox 1520 909 1675 977; x_wconf 73' lang='lat' dir='ltr'><strong>meum,</strong></span> <span class='ocrx_word' id='word_1_37' title='bbox 1705 902 1922 995; x_wconf 80' lang='lat' dir='ltr'><strong>antequam</strong></span> 
     </span>
    </p>
   </div>
   <div class='ocr_carea' id='block_1_5' title="bbox 126 989 2125 1105">
    <p class='ocr_par' dir='ltr' id='par_1_5' title="bbox 126 989 2125 1105">
     <span class='ocr_line' id='line_1_6' title="bbox 126 989 2125 1105; baseline -0.001 -27"><span class='ocrx_word' id='word_1_38' title='bbox 126 998 262 1078; x_wconf 88' lang='lat' dir='ltr'><strong>soluta</strong></span> <span class='ocrx_word' id='word_1_39' title='bbox 292 993 443 1073; x_wconf 88' lang='lat' dir='ltr'><strong>luerint</strong></span> <span class='ocrx_word' id='word_1_40' title='bbox 471 994 605 1072; x_wconf 86' lang='lat' dir='ltr'><strong>omnia</strong></span> <span class='ocrx_word' id='word_1_41' title='bbox 634 994 887 1101; x_wconf 82' lang='lat' dir='ltr'><strong>supradicta,-</strong></span> <span class='ocrx_word' id='word_1_42' title='bbox 914 989 993 1073; x_wconf 89' lang='lat' dir='ltr'><strong>Sed</strong></span> <span class='ocrx_word' id='word_1_43' title='bbox 1023 1023 1072 1073; x_wconf 88' lang='lat' dir='ltr'><strong>ne</strong></span> <span class='ocrx_word' id='word_1_44' title='bbox 1101 994 1303 1105; x_wconf 79' lang='lat' dir='ltr'><strong>aliquibus</strong></span> <span class='ocrx_word' id='word_1_45' title='bbox 1334 992 1411 1073; x_wconf 92' lang='lat' dir='ltr'><strong>boc</strong></span> <span class='ocrx_word' id='word_1_46' title='bbox 1441 993 1592 1089; x_wconf 71' lang='lat' dir='ltr'><strong>facturus</strong></span> <span class='ocrx_word' id='word_1_47' title='bbox 1619 994 1924 1104; x_wconf 72' lang='lat' dir='ltr'><strong>calumpniandi</strong></span> <span class='ocrx_word' id='word_1_48' title='bbox 2001 1072 2004 1079; x_wconf 80' lang='grc'>,</span> <span class='ocrx_word' id='word_1_49' title='bbox 2057 1028 2065 1041; x_wconf 62' lang='grc'><em>“</em></span> <span class='ocrx_word' id='word_1_50' title='bbox 2121 1030 2125 1043; x_wconf 72' lang='grc'>’</span> 
     </span>
    </p>
   </div>
   <div class='ocr_carea' id='block_1_6' title="bbox 126 1092 1923 1213">
    <p class='ocr_par' dir='ltr' id='par_1_6' title="bbox 126 1092 1923 1213">
     <span class='ocr_line' id='line_1_7' title="bbox 126 1092 1923 1213; baseline -0.002 -22"><span class='ocrx_word' id='word_1_51' title='bbox 126 1106 248 1191; x_wconf 87' lang='lat' dir='ltr'><strong>detur</strong></span> <span class='ocrx_word' id='word_1_52' title='bbox 276 1105 447 1209; x_wconf 76' lang='lat' dir='ltr'><strong>occasio,</strong></span> <span class='ocrx_word' id='word_1_53' title='bbox 478 1104 678 1183; x_wconf 81' lang='lat' dir='ltr'><strong>Dilectum</strong></span> <span class='ocrx_word' id='word_1_54' title='bbox 708 1107 893 1186; x_wconf 89' lang='lat' dir='ltr'><strong>maritum</strong></span> <span class='ocrx_word' id='word_1_55' title='bbox 924 1107 1053 1185; x_wconf 86' lang='lat' dir='ltr'><strong>meum</strong></span> <span class='ocrx_word' id='word_1_56' title='bbox 1086 1102 1293 1185; x_wconf 90' lang='lat' dir='ltr'><strong>domiuum</strong></span> <span class='ocrx_word' id='word_1_57' title='bbox 1324 1092 1577 1185; x_wconf 85' lang='lat' dir='ltr'><strong>benedictum</strong></span> <span class='ocrx_word' id='word_1_58' title='bbox 1609 1119 1817 1213; x_wconf 76' lang='lat' dir='ltr'><strong>paetaerson</strong></span> <span class='ocrx_word' id='word_1_59' title='bbox 1842 1108 1923 1189; x_wconf 90' lang='lat' dir='ltr'><strong>Ha-</strong></span> 
     </span>
    </p>
   </div>
   <div class='ocr_carea' id='block_1_7' title="bbox 124 1205 2150 1413">
    <p class='ocr_par' dir='ltr' id='par_1_7' title="bbox 124 1205 2150 1413">
     <span class='ocr_line' id='line_1_8' title="bbox 124 1205 2150 1413; baseline -0.001 -111"><span class='ocrx_word' id='word_1_60' title='bbox 124 1221 297 1413; x_wconf 68' lang='lat' dir='ltr'><strong>quinum</strong></span> <span class='ocrx_word' id='word_1_61' title='bbox 326 1213 480 1295; x_wconf 88' lang='lat' dir='ltr'><strong>dictum</strong></span> <span class='ocrx_word' id='word_1_62' title='bbox 511 1213 623 1294; x_wconf 87' lang='lat' dir='ltr'><strong>lemae</strong></span> <span class='ocrx_word' id='word_1_63' title='bbox 636 1212 760 1295; x_wconf 85' lang='lat' dir='ltr'><strong>lilium</strong></span> <span class='ocrx_word' id='word_1_64' title='bbox 790 1244 921 1300; x_wconf 88' lang='lat' dir='ltr'><strong>meum</strong></span> <span class='ocrx_word' id='word_1_65' title='bbox 938 1214 1202 1313; x_wconf 79' lang='lat' dir='ltr'><strong>karissimum,</strong></span> <span class='ocrx_word' id='word_1_66' title='bbox 1219 1205 1437 1296; x_wconf 77' lang='lat' dir='ltr'><strong>[lominum</strong></span> <span class='ocrx_word' id='word_1_67' title='bbox 1453 1214 1642 1325; x_wconf 83' lang='lat' dir='ltr'><strong>Magnum</strong></span> <span class='ocrx_word' id='word_1_68' title='bbox 1672 1214 1853 1315; x_wconf 80' lang='lat' dir='ltr'><strong>karlson,</strong></span> <span class='ocrx_word' id='word_1_69' title='bbox 1882 1238 1924 1303; x_wconf 88' lang='lat' dir='ltr'><strong>et</strong></span> <span class='ocrx_word' id='word_1_70' title='bbox 2049 1292 2057 1300; x_wconf 82' lang='grc'>.</span> <span class='ocrx_word' id='word_1_71' title='bbox 2143 1267 2150 1277; x_wconf 84' lang='grc'><strong>-</strong></span> 
     </span>
    </p>
   </div>
   <div class='ocr_carea' id='block_1_8' title="bbox 109 1322 2097 1771">
    <p class='ocr_par' dir='ltr' id='par_1_8' title="bbox 109 1322 2097 1771">
     <span class='ocr_line' id='line_1_9' title="bbox 156 1322 1923 1437; baseline -0.002 -23"><span class='ocrx_word' id='word_1_72' title='bbox 156 1332 334 1415; x_wconf 79' lang='lat' dir='ltr'><strong>ominsnn</strong></span> <span class='ocrx_word' id='word_1_73' title='bbox 362 1322 619 1435; x_wconf 80' lang='lat' dir='ltr'><strong>&#39;lh&#39;yrlillum</strong></span> <span class='ocrx_word' id='word_1_74' title='bbox 648 1326 893 1435; x_wconf 85' lang='lat' dir='ltr'><strong>dyaconem,</strong></span> <span class='ocrx_word' id='word_1_75' title='bbox 921 1342 1177 1409; x_wconf 81' lang='lat' dir='ltr'><strong>exsecutores</strong></span> <span class='ocrx_word' id='word_1_76' title='bbox 1206 1328 1375 1409; x_wconf 87' lang='lat' dir='ltr'><strong>instituo</strong></span> <span class='ocrx_word' id='word_1_77' title='bbox 1404 1325 1520 1405; x_wconf 89' lang='lat' dir='ltr'><strong>huius</strong></span> <span class='ocrx_word' id='word_1_78' title='bbox 1541 1327 1782 1437; x_wconf 69' lang='lat' dir='ltr'><strong>testamenti,</strong></span> <span class='ocrx_word' id='word_1_79' title='bbox 1809 1329 1923 1412; x_wconf 91' lang='lat' dir='ltr'><strong>adin·</strong></span> 
     </span>
     <span class='ocr_line' id='line_1_10' title="bbox 125 1435 1923 1567; baseline -0.001 -42"><span class='ocrx_word' id='word_1_80' title='bbox 125 1469 222 1526; x_wconf 87' lang='lat' dir='ltr'><strong>rans</strong></span> <span class='ocrx_word' id='word_1_81' title='bbox 250 1435 409 1519; x_wconf 79' lang='lat' dir='ltr'><strong>eosdem</strong></span> <span class='ocrx_word' id='word_1_82' title='bbox 439 1463 514 1545; x_wconf 86' lang='lat' dir='ltr'><strong>per</strong></span> <span class='ocrx_word' id='word_1_83' title='bbox 542 1438 811 1545; x_wconf 79' lang='lat' dir='ltr'><strong>aspersionem</strong></span> <span class='ocrx_word' id='word_1_84' title='bbox 836 1440 1046 1550; x_wconf 70' lang='lat' dir='ltr'><strong>sanguinis</strong></span> <span class='ocrx_word' id='word_1_85' title='bbox 1073 1438 1194 1520; x_wconf 80' lang='lat' dir='ltr'><strong>lbesrr</strong></span> <span class='ocrx_word' id='word_1_86' title='bbox 1225 1436 1386 1533; x_wconf 82' lang='lat' dir='ltr'><strong>christi,</strong></span> <span class='ocrx_word' id='word_1_87' title='bbox 1414 1451 1456 1517; x_wconf 87' lang='lat' dir='ltr'><strong>et</strong></span> <span class='ocrx_word' id='word_1_88' title='bbox 1484 1436 1850 1567; x_wconf 32' lang='lat' dir='ltr'><strong>obnixiuslrogans</strong></span> <span class='ocrx_word' id='word_1_89' title='bbox 1879 1460 1923 1523; x_wconf 79' lang='lat' dir='ltr'><strong>vt</strong></span> 
     </span>
     <span class='ocr_line' id='line_1_11' title="bbox 123 1546 2097 1660; baseline -0.001 -25"><span class='ocrx_word' id='word_1_90' title='bbox 123 1556 200 1635; x_wconf 82' lang='lat' dir='ltr'><strong>bec</strong></span> <span class='ocrx_word' id='word_1_91' title='bbox 229 1550 360 1629; x_wconf 87' lang='lat' dir='ltr'><strong>omnia</strong></span> <span class='ocrx_word' id='word_1_92' title='bbox 392 1562 657 1655; x_wconf 82' lang='lat' dir='ltr'><strong>promoueant</strong></span> <span class='ocrx_word' id='word_1_93' title='bbox 694 1548 912 1635; x_wconf 81' lang='lat' dir='ltr'><strong>efficaciter</strong></span> <span class='ocrx_word' id='word_1_94' title='bbox 946 1565 988 1631; x_wconf 91' lang='lat' dir='ltr'><strong>et</strong></span> <span class='ocrx_word' id='word_1_95' title='bbox 1022 1566 1267 1660; x_wconf 81' lang='lat' dir='ltr'><strong>procurent,</strong></span> <span class='ocrx_word' id='word_1_96' title='bbox 1292 1550 1347 1631; x_wconf 90' lang='lat' dir='ltr'><strong>Jn</strong></span> <span class='ocrx_word' id='word_1_97' title='bbox 1376 1546 1497 1630; x_wconf 89' lang='lat' dir='ltr'><strong>huius</strong></span> <span class='ocrx_word' id='word_1_98' title='bbox 1526 1551 1537 1627; x_wconf 90' lang='lat' dir='ltr'><strong>i</strong></span> <span class='ocrx_word' id='word_1_99' title='bbox 1567 1553 1651 1629; x_wconf 88' lang='lat' dir='ltr'><strong>itur</strong></span> <span class='ocrx_word' id='word_1_100' title='bbox 1678 1576 1764 1657; x_wconf 81' lang='lat' dir='ltr'><strong>reg]</strong></span> <span class='ocrx_word' id='word_1_101' title='bbox 1794 1550 1923 1633; x_wconf 89' lang='lat' dir='ltr'><strong>robur</strong></span> <span class='ocrx_word' id='word_1_102' title='bbox 2053 1604 2056 1615; x_wconf 68' lang='grc'><strong><em>»</em></strong></span> <span class='ocrx_word' id='word_1_103' title='bbox 2093 1579 2097 1593; x_wconf 73' lang='grc'><em>’</em></span> 
     </span>
     <span class='ocr_line' id='line_1_12' title="bbox 109 1579 1923 1771; baseline -0.002 -25"><span class='ocrx_word' id='word_1_104' title='bbox 109 1682 167 1763; x_wconf 50' lang='grc' dir='ltr'><strong>,εἰ</strong></span> <span class='ocrx_word' id='word_1_105' title='bbox 200 1660 471 1741; x_wconf 89' lang='lat' dir='ltr'><strong>testimonium</strong></span> <span class='ocrx_word' id='word_1_106' title='bbox 499 1654 579 1739; x_wconf 85' lang='lat' dir='ltr'><strong>¹vna</strong></span> <span class='ocrx_word' id='word_1_107' title='bbox 608 1686 700 1739; x_wconf 87' lang='lat' dir='ltr'><strong>cum</strong></span> <span class='ocrx_word' id='word_1_108' title='bbox 729 1664 899 1770; x_wconf 92' lang='lat' dir='ltr'><strong>proprio</strong></span> <span class='ocrx_word' id='word_1_109' title='bbox 928 1689 1089 1771; x_wconf 87' lang='lat' dir='ltr'><strong>presens</strong></span> <span class='ocrx_word' id='word_1_110' title='bbox 1122 1662 1320 1771; x_wconf 89' lang='lat' dir='ltr'><strong>scriptum</strong></span> <span class='ocrx_word' id='word_1_111' title='bbox 1350 1658 1491 1765; x_wconf 82' lang='lat' dir='ltr'><strong>sigillis</strong></span> <span class='ocrx_word' id='word_1_112' title='bbox 1527 1579 1782 1741; x_wconf 69' lang='lat' dir='ltr'><strong>dominorum</strong></span> <span class='ocrx_word' id='word_1_113' title='bbox 1813 1663 1923 1752; x_wconf 81' lang='lat' dir='ltr'><strong>ride·</strong></span> 
     </span>
    </p>
   </div>
   <div class='ocr_carea' id='block_1_9' title="bbox 100 1766 1980 2105">
    <p class='ocr_par' dir='ltr' id='par_1_9' title="bbox 100 1766 1980 2105">
     <span class='ocr_line' id='line_1_13' title="bbox 123 1766 1924 1879; baseline 0 -23"><span class='ocrx_word' id='word_1_114' title='bbox 123 1778 219 1857; x_wconf 87' lang='lat' dir='ltr'><strong>licet</strong></span> <span class='ocrx_word' id='word_1_115' title='bbox 246 1771 398 1851; x_wconf 83' lang='lat' dir='ltr'><strong>domini</strong></span> <span class='ocrx_word' id='word_1_116' title='bbox 427 1769 630 1879; x_wconf 71' lang='lat' dir='ltr'><strong>benedict]</strong></span> <span class='ocrx_word' id='word_1_117' title='bbox 665 1785 894 1879; x_wconf 69' lang='lat' dir='ltr'><strong>putamen,</strong></span> <span class='ocrx_word' id='word_1_118' title='bbox 922 1772 1077 1853; x_wconf 91' lang='lat' dir='ltr'><strong>domini</strong></span> <span class='ocrx_word' id='word_1_119' title='bbox 1106 1772 1241 1879; x_wconf 83' lang='lat' dir='ltr'><strong>Magni</strong></span> <span class='ocrx_word' id='word_1_120' title='bbox 1270 1769 1451 1867; x_wconf 82' lang='lat' dir='ltr'><strong>lrarlson‚</strong></span> <span class='ocrx_word' id='word_1_121' title='bbox 1480 1787 1530 1862; x_wconf 85' lang='lat' dir='ltr'><strong>et¹</strong></span> <span class='ocrx_word' id='word_1_122' title='bbox 1549 1768 1701 1855; x_wconf 88' lang='lat' dir='ltr'><strong>domini</strong></span> <span class='ocrx_word' id='word_1_123' title='bbox 1721 1766 1924 1857; x_wconf 80' lang='lat' dir='ltr'><strong>Tlsurlsilli</strong></span> 
     </span>
     <span class='ocr_line' id='line_1_14' title="bbox 114 1877 1922 1995; baseline -0.001 -26"><span class='ocrx_word' id='word_1_124' title='bbox 114 1884 318 1995; x_wconf 86' lang='lat' dir='ltr'><strong>dyaconi,</strong></span> <span class='ocrx_word' id='word_1_125' title='bbox 354 1908 511 1961; x_wconf 85' lang='lat' dir='ltr'><strong>necnon</strong></span> <span class='ocrx_word' id='word_1_126' title='bbox 539 1900 581 1963; x_wconf 84' lang='lat' dir='ltr'><strong>et</strong></span> <span class='ocrx_word' id='word_1_127' title='bbox 608 1884 790 1991; x_wconf 81' lang='lat' dir='ltr'><strong>llaquioi</strong></span> <span class='ocrx_word' id='word_1_128' title='bbox 824 1880 923 1963; x_wconf 87' lang='lat' dir='ltr'><strong>dicti</strong></span> <span class='ocrx_word' id='word_1_129' title='bbox 955 1877 1084 1985; x_wconf 75' lang='lat' dir='ltr'><strong>¹laensae</strong></span> <span class='ocrx_word' id='word_1_130' title='bbox 1120 1880 1393 1991; x_wconf 88' lang='lat' dir='ltr'><strong>predictorum</strong></span> <span class='ocrx_word' id='word_1_131' title='bbox 1420 1896 1518 1990; x_wconf 88' lang='lat' dir='ltr'><strong>peto</strong></span> <span class='ocrx_word' id='word_1_132' title='bbox 1544 1882 1731 1993; x_wconf 86' lang='lat' dir='ltr'><strong>sigillari,</strong></span> <span class='ocrx_word' id='word_1_133' title='bbox 1772 1884 1922 1967; x_wconf 86' lang='lat' dir='ltr'><strong>Datum</strong></span> 
     </span>
     <span class='ocr_line' id='line_1_15' title="bbox 100 1992 1980 2105; baseline -0.002 -26"><span class='ocrx_word' id='word_1_134' title='bbox 100 1994 351 2079; x_wconf 60' lang='lat' dir='ltr'><strong>fcslmarnie</strong></span> <span class='ocrx_word' id='word_1_135' title='bbox 379 1992 668 2076; x_wconf 79' lang='lat' dir='ltr'><strong>Annodomini</strong></span> <span class='ocrx_word' id='word_1_136' title='bbox 700 1994 971 2078; x_wconf 60' lang='lat' dir='ltr'><strong>mccc-211⁸.</strong></span> <span class='ocrx_word' id='word_1_137' title='bbox 1001 1996 1054 2075; x_wconf 83' lang='lat' dir='ltr'><strong>lo</strong></span> <span class='ocrx_word' id='word_1_138' title='bbox 1083 1992 1439 2103; x_wconf 82' lang='lat' dir='ltr'><strong>diebeateagathe</strong></span> <span class='ocrx_word' id='word_1_139' title='bbox 1462 1994 1629 2103; x_wconf 88' lang='lat' dir='ltr'><strong>virginis</strong></span> <span class='ocrx_word' id='word_1_140' title='bbox 1656 2011 1696 2077; x_wconf 88' lang='lat' dir='ltr'><strong>et</strong></span> <span class='ocrx_word' id='word_1_141' title='bbox 1723 1994 1923 2105; x_wconf 83' lang='lat' dir='ltr'><strong>Martyris.</strong></span> <span class='ocrx_word' id='word_1_142' title='bbox 1973 2003 1980 2014; x_wconf 87' lang='lat'><em>&#39;</em></span> 
     </span>
    </p>
   </div>
   <div class='ocr_carea' id='block_1_10' title="bbox 559 2133 1486 2220">
    <p class='ocr_par' dir='ltr' id='par_1_10' title="bbox 559 2133 1486 2220">
     <span class='ocr_line' id='line_1_16' title="bbox 559 2133 1486 2220; baseline 0.005 -24"><span class='ocrx_word' id='word_1_143' title='bbox 559 2134 694 2220; x_wconf 70' lang='lat' dir='ltr'><strong>Sigillari</strong></span> <span class='ocrx_word' id='word_1_144' title='bbox 717 2135 776 2201; x_wconf 75' lang='lat' dir='ltr'><strong>tuo</strong></span> <span class='ocrx_word' id='word_1_145' title='bbox 800 2158 828 2217; x_wconf 84' lang='lat' dir='ltr'><strong>s,</strong></span> <span class='ocrx_word' id='word_1_146' title='bbox 848 2158 879 2215; x_wconf 82' lang='lat' dir='ltr'><strong>a,</strong></span> <span class='ocrx_word' id='word_1_147' title='bbox 900 2137 919 2199; x_wconf 78' lang='grc'><strong>3</strong></span> <span class='ocrx_word' id='word_1_148' title='bbox 945 2136 1059 2215; x_wconf 69' lang='lat' dir='ltr'><strong>beru,</strong></span> <span class='ocrx_word' id='word_1_149' title='bbox 1079 2138 1138 2201; x_wconf 71' lang='lat' dir='ltr'><strong>tiso</strong></span> <span class='ocrx_word' id='word_1_150' title='bbox 1157 2136 1180 2215; x_wconf 71' lang='grc'>4</span> <span class='ocrx_word' id='word_1_151' title='bbox 1200 2135 1260 2201; x_wconf 82' lang='lat' dir='ltr'><strong>aab</strong></span> <span class='ocrx_word' id='word_1_152' title='bbox 1282 2134 1302 2199; x_wconf 80' lang='lat'>⁵</span> <span class='ocrx_word' id='word_1_153' title='bbox 1323 2133 1486 2201; x_wconf 72' lang='lat' dir='ltr'><strong>oaladsde</strong></span> 
     </span>
    </p>
   </div>
   <div class='ocr_carea' id='block_1_11' title="bbox 1 2281 1921 2516">
    <p class='ocr_par' dir='ltr' id='par_1_11' title="bbox 1 2281 1921 2516">
     <span class='ocr_line' id='line_1_17' title="bbox 1 2281 1921 2516; baseline -0.001 -41"><span class='ocrx_word' id='word_1_154' title='bbox 1 2301 13 2324; x_wconf 76' lang='lat'>=</span> <span class='ocrx_word' id='word_1_155' title='bbox 135 2368 305 2477; x_wconf 77' lang='lat'><strong>1360.</strong></span> <span class='ocrx_word' id='word_1_156' title='bbox 758 2367 907 2475; x_wconf 76' lang='lat'><strong>1302</strong></span> <span class='ocrx_word' id='word_1_157' title='bbox 956 2368 1004 2475; x_wconf 89' lang='lat' dir='ltr'><strong>d.</strong></span> <span class='ocrx_word' id='word_1_158' title='bbox 1058 2406 1124 2475; x_wconf 86' lang='lat' dir='ltr'><strong>ra</strong></span> <span class='ocrx_word' id='word_1_159' title='bbox 1173 2366 1326 2476; x_wconf 85' lang='lat' dir='ltr'><strong>Febr.</strong></span> <span class='ocrx_word' id='word_1_160' title='bbox 1464 2320 1473 2339; x_wconf 29' lang='grc' dir='ltr'>ι</span> <span class='ocrx_word' id='word_1_161' title='bbox 1666 2281 1921 2516; x_wconf 62' lang='lat' dir='ltr'><strong>bosphori.</strong></span> 
     </span>
    </p>
   </div>
   <div class='ocr_carea' id='block_1_12' title="bbox 206 2552 1919 2637">
    <p class='ocr_par' dir='ltr' id='par_1_12' title="bbox 206 2552 1919 2637">
     <span class='ocr_line' id='line_1_18' title="bbox 206 2552 1919 2637; baseline -0.001 -19"><span class='ocrx_word' id='word_1_162' title='bbox 206 2554 319 2637; x_wconf 66' lang='lat' dir='ltr'><strong>staden</strong></span> <span class='ocrx_word' id='word_1_163' title='bbox 341 2552 500 2637; x_wconf 79' lang='lat' dir='ltr'><strong>zutphene</strong></span> <span class='ocrx_word' id='word_1_164' title='bbox 519 2554 677 2617; x_wconf 54' lang='lat' dir='ltr'><strong>&amp;uincire</strong></span> <span class='ocrx_word' id='word_1_165' title='bbox 695 2554 747 2615; x_wconf 86' lang='lat' dir='ltr'><strong>till</strong></span> <span class='ocrx_word' id='word_1_166' title='bbox 769 2554 903 2637; x_wconf 58' lang='lat' dir='ltr'><strong>&amp;rung</strong></span> <span class='ocrx_word' id='word_1_167' title='bbox 926 2555 1003 2621; x_wconf 79' lang='lat' dir='ltr'><strong>Eril</strong></span> <span class='ocrx_word' id='word_1_168' title='bbox 1025 2558 1036 2619; x_wconf 91' lang='lat' dir='ltr'><strong>i</strong></span> <span class='ocrx_word' id='word_1_169' title='bbox 1056 2556 1230 2629; x_wconf 77' lang='lat' dir='ltr'><strong>Densum-l,</strong></span> <span class='ocrx_word' id='word_1_170' title='bbox 1254 2556 1323 2619; x_wconf 84' lang='lat' dir='ltr'><strong>med</strong></span> <span class='ocrx_word' id='word_1_171' title='bbox 1352 2553 1510 2637; x_wconf 76' lang='lat' dir='ltr'><strong>llrgomll</strong></span> <span class='ocrx_word' id='word_1_172' title='bbox 1533 2552 1620 2615; x_wconf 77' lang='lat' dir='ltr'><strong>diser</strong></span> <span class='ocrx_word' id='word_1_173' title='bbox 1640 2552 1679 2617; x_wconf 88' lang='lat' dir='ltr'><strong>de</strong></span> <span class='ocrx_word' id='word_1_174' title='bbox 1700 2554 1919 2637; x_wconf 80' lang='lat' dir='ltr'><strong>olagllgbeter‚</strong></span> 
     </span>
    </p>
   </div>
   <div class='ocr_carea' id='block_1_13' title="bbox 255 2634 2039 2720">
    <p class='ocr_par' dir='ltr' id='par_1_13' title="bbox 255 2634 2039 2720">
     <span class='ocr_line' id='line_1_19' title="bbox 255 2634 2039 2720; baseline 0.001 -20"><span class='ocrx_word' id='word_1_175' title='bbox 255 2659 319 2700; x_wconf 87' lang='lat' dir='ltr'><strong>scm</strong></span> <span class='ocrx_word' id='word_1_176' title='bbox 342 2640 351 2696; x_wconf 90' lang='lat' dir='ltr'><strong>i</strong></span> <span class='ocrx_word' id='word_1_177' title='bbox 373 2636 494 2699; x_wconf 77' lang='lat' dir='ltr'><strong>Sioniir</strong></span> <span class='ocrx_word' id='word_1_178' title='bbox 514 2636 574 2699; x_wconf 87' lang='lat' dir='ltr'><strong>och</strong></span> <span class='ocrx_word' id='word_1_179' title='bbox 597 2638 758 2700; x_wconf 82' lang='lat' dir='ltr'><strong>Falsterbo</strong></span> <span class='ocrx_word' id='word_1_180' title='bbox 779 2649 857 2699; x_wconf 87' lang='lat' dir='ltr'><strong>sarnt</strong></span> <span class='ocrx_word' id='word_1_181' title='bbox 877 2638 972 2700; x_wconf 84' lang='lat' dir='ltr'><strong>andra</strong></span> <span class='ocrx_word' id='word_1_182' title='bbox 994 2640 1082 2701; x_wconf 88' lang='lat' dir='ltr'><strong>delar</strong></span> <span class='ocrx_word' id='word_1_183' title='bbox 1103 2640 1141 2701; x_wconf 86' lang='lat' dir='ltr'><strong>al</strong></span> <span class='ocrx_word' id='word_1_184' title='bbox 1158 2638 1233 2700; x_wconf 87' lang='lat' dir='ltr'><strong>boos</strong></span> <span class='ocrx_word' id='word_1_185' title='bbox 1254 2641 1320 2702; x_wconf 80' lang='lat' dir='ltr'><strong>sile</strong></span> <span class='ocrx_word' id='word_1_186' title='bbox 1348 2638 1442 2717; x_wconf 74' lang='lat' dir='ltr'><strong>begis</strong></span> <span class='ocrx_word' id='word_1_187' title='bbox 1469 2644 1554 2699; x_wconf 83' lang='lat' dir='ltr'><strong>emat</strong></span> <span class='ocrx_word' id='word_1_188' title='bbox 1585 2637 1775 2720; x_wconf 80' lang='lat' dir='ltr'><strong>ldpmllnnen</strong></span> <span class='ocrx_word' id='word_1_189' title='bbox 1799 2634 1920 2701; x_wconf 76' lang='lat' dir='ltr'><strong>lrin&#39;de</strong></span> <span class='ocrx_word' id='word_1_190' title='bbox 2036 2680 2039 2685; x_wconf 93' lang='lat'><em>-</em></span> 
     </span>
    </p>
   </div>
   <div class='ocr_carea' id='block_1_14' title="bbox 46 2717 2010 3490">
    <p class='ocr_par' dir='ltr' id='par_1_14' title="bbox 46 2717 2010 3490">
     <span class='ocr_line' id='line_1_20' title="bbox 255 2717 1938 2873; baseline 0.001 -90"><span class='ocrx_word' id='word_1_191' title='bbox 255 2720 386 2783; x_wconf 74' lang='lat' dir='ltr'><strong>slav‘iaks</strong></span> <span class='ocrx_word' id='word_1_192' title='bbox 407 2720 563 2799; x_wconf 69' lang='lat' dir='ltr'><strong>sttderna,</strong></span> <span class='ocrx_word' id='word_1_193' title='bbox 581 2730 666 2783; x_wconf 81' lang='lat' dir='ltr'><strong>sanat</strong></span> <span class='ocrx_word' id='word_1_194' title='bbox 685 2720 827 2782; x_wconf 80' lang='lat' dir='ltr'><strong>sttderna</strong></span> <span class='ocrx_word' id='word_1_195' title='bbox 848 2721 860 2782; x_wconf 96' lang='lat' dir='ltr'><strong>i</strong></span> <span class='ocrx_word' id='word_1_196' title='bbox 876 2724 1067 2808; x_wconf 75' lang='lat' dir='ltr'><strong>Grelslapet</strong></span> <span class='ocrx_word' id='word_1_197' title='bbox 1088 2722 1222 2784; x_wconf 84' lang='lat' dir='ltr'><strong>Geldern</strong></span> <span class='ocrx_word' id='word_1_198' title='bbox 1244 2723 1307 2812; x_wconf 75' lang='lat' dir='ltr'><strong>oct</strong></span> <span class='ocrx_word' id='word_1_199' title='bbox 1328 2720 1432 2785; x_wconf 77' lang='lat' dir='ltr'><strong>salter</strong></span> <span class='ocrx_word' id='word_1_200' title='bbox 1451 2717 1630 2855; x_wconf 50' lang='lat' dir='ltr'><strong>{ltrecbtb</strong></span> <span class='ocrx_word' id='word_1_201' title='bbox 1646 2776 1797 2873; x_wconf 35' lang='lat' dir='ltr'><strong>“W),</strong></span> <span class='ocrx_word' id='word_1_202' title='bbox 1934 2780 1938 2785; x_wconf 90' lang='lat'><em>.</em></span> 
     </span>
     <span class='ocr_line' id='line_1_21' title="bbox 236 2928 2010 3048; baseline -0.001 -28"><span class='ocrx_word' id='word_1_203' title='bbox 236 2938 428 3020; x_wconf 86' lang='lat' dir='ltr'><strong>Glorioso</strong></span> <span class='ocrx_word' id='word_1_204' title='bbox 458 2940 545 3019; x_wconf 86' lang='lat' dir='ltr'><strong>viro</strong></span> <span class='ocrx_word' id='word_1_205' title='bbox 573 2966 621 3020; x_wconf 89' lang='lat' dir='ltr'><strong>ae</strong></span> <span class='ocrx_word' id='word_1_206' title='bbox 649 2936 801 3018; x_wconf 78' lang='lat' dir='ltr'><strong>l&#39;llnstri</strong></span> <span class='ocrx_word' id='word_1_207' title='bbox 833 2937 1029 3048; x_wconf 86' lang='lat' dir='ltr'><strong>principi,</strong></span> <span class='ocrx_word' id='word_1_208' title='bbox 1059 2938 1234 3020; x_wconf 88' lang='lat' dir='ltr'><strong>Domino</strong></span> <span class='ocrx_word' id='word_1_209' title='bbox 1249 2936 1350 3047; x_wconf 83' lang='lat' dir='ltr'><strong>Regi</strong></span> <span class='ocrx_word' id='word_1_210' title='bbox 1379 2938 1523 3034; x_wconf 82' lang='lat' dir='ltr'><strong>Dacis,</strong></span> <span class='ocrx_word' id='word_1_211' title='bbox 1551 2934 1716 3020; x_wconf 89' lang='lat' dir='ltr'><strong>Scabini</strong></span> <span class='ocrx_word' id='word_1_212' title='bbox 1744 2954 1789 3018; x_wconf 85' lang='lat' dir='ltr'><strong>et</strong></span> <span class='ocrx_word' id='word_1_213' title='bbox 1811 2928 1919 3018; x_wconf 84' lang='lat' dir='ltr'><strong>Con·</strong></span> <span class='ocrx_word' id='word_1_214' title='bbox 2005 2931 2010 2951; x_wconf 87' lang='lat'>&#39;</span> 
     </span>
     <span class='ocr_line' id='line_1_22' title="bbox 119 3037 1974 3160; baseline 0 -26"><span class='ocrx_word' id='word_1_215' title='bbox 119 3051 228 3134; x_wconf 83' lang='lat' dir='ltr'><strong>sulas</strong></span> <span class='ocrx_word' id='word_1_216' title='bbox 251 3049 576 3159; x_wconf 83' lang='lat' dir='ltr'><strong>Sutplsauienses</strong></span> <span class='ocrx_word' id='word_1_217' title='bbox 602 3047 656 3129; x_wconf 85' lang='lat' dir='ltr'><strong>ad</strong></span> <span class='ocrx_word' id='word_1_218' title='bbox 686 3054 795 3158; x_wconf 84' lang='lat' dir='ltr'><strong>regia</strong></span> <span class='ocrx_word' id='word_1_219' title='bbox 827 3048 1015 3131; x_wconf 87' lang='lat' dir='ltr'><strong>mandata</strong></span> <span class='ocrx_word' id='word_1_220' title='bbox 1050 3065 1246 3159; x_wconf 84' lang='lat' dir='ltr'><strong>quantum</strong></span> <span class='ocrx_word' id='word_1_221' title='bbox 1276 3067 1447 3160; x_wconf 87' lang='lat' dir='ltr'><strong>possunt</strong></span> <span class='ocrx_word' id='word_1_222' title='bbox 1483 3047 1647 3158; x_wconf 80' lang='lat' dir='ltr'><strong>sernieij</strong></span> <span class='ocrx_word' id='word_1_223' title='bbox 1671 3065 1715 3130; x_wconf 86' lang='lat' dir='ltr'><strong>et</strong></span> <span class='ocrx_word' id='word_1_224' title='bbox 1742 3037 1919 3134; x_wconf 79' lang='lat' dir='ltr'><strong>lionoris.</strong></span> <span class='ocrx_word' id='word_1_225' title='bbox 1968 3134 1974 3146; x_wconf 76' lang='grc'><em>,</em></span> 
     </span>
     <span class='ocr_line' id='line_1_23' title="bbox 231 3155 1918 3274; baseline -0.001 -33"><span class='ocrx_word' id='word_1_226' title='bbox 231 3165 374 3243; x_wconf 76' lang='lat' dir='ltr'><strong>vestre</strong></span> <span class='ocrx_word' id='word_1_227' title='bbox 397 3160 575 3274; x_wconf 86' lang='lat' dir='ltr'><strong>gloriose</strong></span> <span class='ocrx_word' id='word_1_228' title='bbox 610 3159 883 3242; x_wconf 87' lang='lat' dir='ltr'><strong>dominacioni</strong></span> <span class='ocrx_word' id='word_1_229' title='bbox 929 3162 1044 3269; x_wconf 87' lang='lat' dir='ltr'><strong>graui</strong></span> <span class='ocrx_word' id='word_1_230' title='bbox 1087 3161 1340 3270; x_wconf 85' lang='lat' dir='ltr'><strong>querimonia</strong></span> <span class='ocrx_word' id='word_1_231' title='bbox 1382 3163 1578 3270; x_wconf 86' lang='lat' dir='ltr'><strong>conqueri</strong></span> <span class='ocrx_word' id='word_1_232' title='bbox 1619 3155 1918 3269; x_wconf 71' lang='lat' dir='ltr'><strong>compellimur,</strong></span> 
     </span>
     <span class='ocr_line' id='line_1_24' title="bbox 46 3261 1919 3385; baseline -0.003 -29"><span class='ocrx_word' id='word_1_233' title='bbox 46 3281 50 3291; x_wconf 85' lang='lat'>&#39;</span> <span class='ocrx_word' id='word_1_234' title='bbox 116 3275 232 3385; x_wconf 89' lang='lat' dir='ltr'><strong>qnod</strong></span> <span class='ocrx_word' id='word_1_235' title='bbox 261 3272 553 3354; x_wconf 81' lang='lat' dir='ltr'><strong>mercatoribus</strong></span> <span class='ocrx_word' id='word_1_236' title='bbox 581 3271 802 3352; x_wconf 89' lang='lat' dir='ltr'><strong>Ciuitatum</strong></span> <span class='ocrx_word' id='word_1_237' title='bbox 844 3270 980 3352; x_wconf 87' lang='lat' dir='ltr'><strong>Slauie</strong></span> <span class='ocrx_word' id='word_1_238' title='bbox 1020 3287 1062 3350; x_wconf 87' lang='lat' dir='ltr'><strong>et</strong></span> <span class='ocrx_word' id='word_1_239' title='bbox 1104 3273 1396 3354; x_wconf 86' lang='lat' dir='ltr'><strong>mercatoribus</strong></span> <span class='ocrx_word' id='word_1_240' title='bbox 1437 3271 1717 3371; x_wconf 82' lang='lat' dir='ltr'><strong>communibus</strong></span> <span class='ocrx_word' id='word_1_241' title='bbox 1745 3261 1919 3379; x_wconf 81' lang='lat' dir='ltr'><strong>oppido-</strong></span> 
     </span>
     <span class='ocr_line' id='line_1_25' title="bbox 117 3379 1929 3490; baseline -0.004 -23"><span class='ocrx_word' id='word_1_242' title='bbox 117 3413 211 3466; x_wconf 86' lang='lat' dir='ltr'><strong>rum</strong></span> <span class='ocrx_word' id='word_1_243' title='bbox 241 3401 377 3463; x_wconf 84' lang='lat' dir='ltr'><strong>nostre</strong></span> <span class='ocrx_word' id='word_1_244' title='bbox 402 3384 578 3464; x_wconf 81' lang='lat' dir='ltr'><strong>Comitia</strong></span> <span class='ocrx_word' id='word_1_245' title='bbox 605 3382 810 3463; x_wconf 88' lang='lat' dir='ltr'><strong>Gelrensis</strong></span> <span class='ocrx_word' id='word_1_246' title='bbox 838 3399 879 3463; x_wconf 88' lang='lat' dir='ltr'><strong>et</strong></span> <span class='ocrx_word' id='word_1_247' title='bbox 906 3379 1123 3490; x_wconf 86' lang='lat' dir='ltr'><strong>dyoceseos</strong></span> <span class='ocrx_word' id='word_1_248' title='bbox 1151 3381 1421 3464; x_wconf 85' lang='lat' dir='ltr'><strong>Traiectensis</strong></span> <span class='ocrx_word' id='word_1_249' title='bbox 1453 3381 1745 3464; x_wconf 86' lang='lat' dir='ltr'><strong>intollerabiles</strong></span> <span class='ocrx_word' id='word_1_250' title='bbox 1772 3383 1929 3472; x_wconf 86' lang='lat' dir='ltr'><strong>iniurie</strong></span> 
     </span>
    </p>
   </div>
   <div class='ocr_carea' id='block_1_15' title="bbox 113 3488 2048 3602">
    <p class='ocr_par' dir='ltr' id='par_1_15' title="bbox 113 3488 2048 3602">
     <span class='ocr_line' id='line_1_26' title="bbox 113 3488 2048 3602; baseline -0.002 -26"><span class='ocrx_word' id='word_1_251' title='bbox 113 3513 162 3576; x_wconf 87' lang='lat' dir='ltr'><strong>et</strong></span> <span class='ocrx_word' id='word_1_252' title='bbox 190 3494 399 3575; x_wconf 85' lang='lat' dir='ltr'><strong>manifeste</strong></span> <span class='ocrx_word' id='word_1_253' title='bbox 427 3493 624 3575; x_wconf 85' lang='lat' dir='ltr'><strong>violencie</strong></span> <span class='ocrx_word' id='word_1_254' title='bbox 653 3496 693 3573; x_wconf 90' lang='lat' dir='ltr'><strong>in</strong></span> <span class='ocrx_word' id='word_1_255' title='bbox 725 3511 859 3576; x_wconf 84' lang='lat' dir='ltr'><strong>vestro</strong></span> <span class='ocrx_word' id='word_1_256' title='bbox 889 3519 1015 3600; x_wconf 88' lang='lat' dir='ltr'><strong>regno</strong></span> <span class='ocrx_word' id='word_1_257' title='bbox 1043 3492 1193 3574; x_wconf 84' lang='lat' dir='ltr'><strong>cotidie</strong></span> <span class='ocrx_word' id='word_1_258' title='bbox 1231 3492 1466 3576; x_wconf 86' lang='lat' dir='ltr'><strong>inferantur.</strong></span> <span class='ocrx_word' id='word_1_259' title='bbox 1524 3491 1582 3575; x_wconf 87' lang='lat' dir='ltr'><strong>Ita</strong></span> <span class='ocrx_word' id='word_1_260' title='bbox 1608 3488 1722 3602; x_wconf 88' lang='lat' dir='ltr'><strong>qnod</strong></span> <span class='ocrx_word' id='word_1_261' title='bbox 1753 3494 1794 3574; x_wconf 91' lang='lat' dir='ltr'><strong>in</strong></span> <span class='ocrx_word' id='word_1_262' title='bbox 1822 3491 1919 3574; x_wconf 88' lang='lat' dir='ltr'><strong>Sco·</strong></span> <span class='ocrx_word' id='word_1_263' title='bbox 1957 3513 1959 3519; x_wconf 58' lang='lat'><strong><em>⁴</em></strong></span> <span class='ocrx_word' id='word_1_264' title='bbox 2047 3523 2048 3526; x_wconf 44' lang='lat'>¹</span> 
     </span>
    </p>
   </div>
   <div class='ocr_carea' id='block_1_16' title="bbox 116 3602 1919 3824">
    <p class='ocr_par' dir='ltr' id='par_1_16' title="bbox 116 3602 1919 3824">
     <span class='ocr_line' id='line_1_27' title="bbox 119 3602 1919 3713; baseline -0.002 -25"><span class='ocrx_word' id='word_1_265' title='bbox 119 3633 243 3703; x_wconf 83' lang='lat' dir='ltr'><strong>nure,</strong></span> <span class='ocrx_word' id='word_1_266' title='bbox 275 3604 544 3686; x_wconf 87' lang='lat' dir='ltr'><strong>walsterbode</strong></span> <span class='ocrx_word' id='word_1_267' title='bbox 572 3621 614 3685; x_wconf 89' lang='lat' dir='ltr'><strong>et</strong></span> <span class='ocrx_word' id='word_1_268' title='bbox 641 3606 729 3712; x_wconf 83' lang='lat' dir='ltr'><strong>alijs</strong></span> <span class='ocrx_word' id='word_1_269' title='bbox 756 3602 942 3713; x_wconf 89' lang='lat' dir='ltr'><strong>partibus</strong></span> <span class='ocrx_word' id='word_1_270' title='bbox 971 3605 1085 3711; x_wconf 85' lang='lat' dir='ltr'><strong>regni</strong></span> <span class='ocrx_word' id='word_1_271' title='bbox 1115 3603 1237 3684; x_wconf 86' lang='lat' dir='ltr'><strong>vestri</strong></span> <span class='ocrx_word' id='word_1_272' title='bbox 1265 3631 1496 3688; x_wconf 86' lang='lat' dir='ltr'><strong>communes</strong></span> <span class='ocrx_word' id='word_1_273' title='bbox 1524 3618 1769 3694; x_wconf 82' lang='lat' dir='ltr'><strong>mercatores</strong></span> <span class='ocrx_word' id='word_1_274' title='bbox 1789 3609 1919 3684; x_wconf 88' lang='lat' dir='ltr'><strong>omni-</strong></span> 
     </span>
     <span class='ocr_line' id='line_1_28' title="bbox 116 3704 1917 3824; baseline -0.003 -24"><span class='ocrx_word' id='word_1_275' title='bbox 116 3719 197 3800; x_wconf 88' lang='lat' dir='ltr'><strong>bus</strong></span> <span class='ocrx_word' id='word_1_276' title='bbox 225 3715 382 3798; x_wconf 88' lang='lat' dir='ltr'><strong>iuribus</strong></span> <span class='ocrx_word' id='word_1_277' title='bbox 408 3733 450 3798; x_wconf 88' lang='lat' dir='ltr'><strong>st</strong></span> <span class='ocrx_word' id='word_1_278' title='bbox 478 3716 733 3798; x_wconf 87' lang='lat' dir='ltr'><strong>libertatibus</strong></span> <span class='ocrx_word' id='word_1_279' title='bbox 754 3718 946 3795; x_wconf 89' lang='lat' dir='ltr'><strong>suissunt</strong></span> <span class='ocrx_word' id='word_1_280' title='bbox 973 3713 1275 3824; x_wconf 87' lang='lat' dir='ltr'><strong>quodammodo</strong></span> <span class='ocrx_word' id='word_1_281' title='bbox 1303 3715 1485 3824; x_wconf 88' lang='lat' dir='ltr'><strong>spoliati,</strong></span> <span class='ocrx_word' id='word_1_282' title='bbox 1515 3729 1556 3796; x_wconf 92' lang='lat' dir='ltr'><strong>et</strong></span> <span class='ocrx_word' id='word_1_283' title='bbox 1585 3704 1917 3816; x_wconf 79' lang='lat' dir='ltr'><strong>iurisdicclonem‚</strong></span> 
     </span>
    </p>
   </div>
   <div class='ocr_carea' id='block_1_17' title="bbox 117 3825 2062 3942">
    <p class='ocr_par' dir='ltr' id='par_1_17' title="bbox 117 3825 2062 3942">
     <span class='ocr_line' id='line_1_29' title="bbox 117 3825 2062 3942; baseline -0.003 -33"><span class='ocrx_word' id='word_1_284' title='bbox 117 3857 241 3942; x_wconf 89' lang='lat' dir='ltr'><strong>qnam</strong></span> <span class='ocrx_word' id='word_1_285' title='bbox 269 3827 519 3937; x_wconf 87' lang='lat' dir='ltr'><strong>abantiquo</strong></span> <span class='ocrx_word' id='word_1_286' title='bbox 548 3854 570 3907; x_wconf 89' lang='lat' dir='ltr'><strong>a</strong></span> <span class='ocrx_word' id='word_1_287' title='bbox 601 3827 744 3907; x_wconf 87' lang='lat' dir='ltr'><strong>vestris</strong></span> <span class='ocrx_word' id='word_1_288' title='bbox 758 3826 1076 3906; x_wconf 89' lang='lat' dir='ltr'><strong>antecessoribus</strong></span> <span class='ocrx_word' id='word_1_289' title='bbox 1091 3843 1399 3920; x_wconf 76' lang='lat' dir='ltr'><strong>consueuerant,</strong></span> <span class='ocrx_word' id='word_1_290' title='bbox 1429 3825 1538 3907; x_wconf 78' lang='lat' dir='ltr'><strong>nune</strong></span> <span class='ocrx_word' id='word_1_291' title='bbox 1562 3851 1646 3906; x_wconf 88' lang='lat' dir='ltr'><strong>non</strong></span> <span class='ocrx_word' id='word_1_292' title='bbox 1675 3826 1917 3932; x_wconf 88' lang='lat' dir='ltr'><strong>permittun·</strong></span> <span class='ocrx_word' id='word_1_293' title='bbox 2054 3875 2062 3884; x_wconf 92' lang='lat'>-</span> 
     </span>
    </p>
   </div>
   <div class='ocr_carea' id='block_1_18' title="bbox 33 3935 1923 4688">
    <p class='ocr_par' dir='ltr' id='par_1_18' title="bbox 33 3935 1923 4380">
     <span class='ocr_line' id='line_1_30' title="bbox 33 3935 1916 4050; baseline -0.002 -26"><span class='ocrx_word' id='word_1_294' title='bbox 33 3971 39 3976; x_wconf 69' lang='grc'><em>’</em></span> <span class='ocrx_word' id='word_1_295' title='bbox 116 3959 188 4024; x_wconf 86' lang='lat' dir='ltr'><strong>tur</strong></span> <span class='ocrx_word' id='word_1_296' title='bbox 215 3957 421 4035; x_wconf 65' lang='lat' dir='ltr'><strong>exerrare,</strong></span> <span class='ocrx_word' id='word_1_297' title='bbox 451 3953 493 4019; x_wconf 90' lang='lat' dir='ltr'><strong>et</strong></span> <span class='ocrx_word' id='word_1_298' title='bbox 519 3936 721 4018; x_wconf 80' lang='lat' dir='ltr'><strong>Aduocati</strong></span> <span class='ocrx_word' id='word_1_299' title='bbox 746 3963 819 4020; x_wconf 86' lang='lat' dir='ltr'><strong>seu</strong></span> <span class='ocrx_word' id='word_1_300' title='bbox 856 3936 1075 4050; x_wconf 74' lang='lat' dir='ltr'><strong>Justieiarij</strong></span> <span class='ocrx_word' id='word_1_301' title='bbox 1103 3935 1233 4044; x_wconf 86' lang='lat' dir='ltr'><strong>Regni</strong></span> <span class='ocrx_word' id='word_1_302' title='bbox 1268 3939 1391 4017; x_wconf 79' lang='lat' dir='ltr'><strong>vestri</strong></span> <span class='ocrx_word' id='word_1_303' title='bbox 1433 3937 1639 4044; x_wconf 87' lang='lat' dir='ltr'><strong>accipiunt</strong></span> <span class='ocrx_word' id='word_1_304' title='bbox 1657 3959 1689 4047; x_wconf 28' lang='lat' dir='ltr'><strong>‘a</strong></span> <span class='ocrx_word' id='word_1_305' title='bbox 1720 3951 1916 4020; x_wconf 86' lang='lat' dir='ltr'><strong>mercato·</strong></span> 
     </span>
     <span class='ocr_line' id='line_1_31' title="bbox 116 4046 1923 4159; baseline -0.003 -28"><span class='ocrx_word' id='word_1_306' title='bbox 116 4051 234 4132; x_wconf 86' lang='lat' dir='ltr'><strong>ribus</strong></span> <span class='ocrx_word' id='word_1_307' title='bbox 261 4077 353 4130; x_wconf 88' lang='lat' dir='ltr'><strong>cum</strong></span> <span class='ocrx_word' id='word_1_308' title='bbox 382 4048 578 4130; x_wconf 83' lang='lat' dir='ltr'><strong>violencia</strong></span> <span class='ocrx_word' id='word_1_309' title='bbox 609 4047 670 4143; x_wconf 82' lang='lat' dir='ltr'><strong>id,</strong></span> <span class='ocrx_word' id='word_1_310' title='bbox 699 4047 808 4159; x_wconf 73' lang='lat' dir='ltr'><strong>quod</strong></span> <span class='ocrx_word' id='word_1_311' title='bbox 841 4046 996 4129; x_wconf 87' lang='lat' dir='ltr'><strong>volunt.</strong></span> <span class='ocrx_word' id='word_1_312' title='bbox 1025 4047 1153 4128; x_wconf 89' lang='lat' dir='ltr'><strong>Vobis</strong></span> <span class='ocrx_word' id='word_1_313' title='bbox 1181 4049 1416 4153; x_wconf 90' lang='lat' dir='ltr'><strong>ignoranter</strong></span> <span class='ocrx_word' id='word_1_314' title='bbox 1438 4048 1524 4130; x_wconf 86' lang='lat' dir='ltr'><strong>siue</strong></span> <span class='ocrx_word' id='word_1_315' title='bbox 1544 4047 1716 4129; x_wconf 82' lang='lat' dir='ltr'><strong>scienter</strong></span> <span class='ocrx_word' id='word_1_316' title='bbox 1738 4047 1923 4156; x_wconf 66' lang='lat' dir='ltr'><strong>insupers</strong></span> 
     </span>
     <span class='ocr_line' id='line_1_32' title="bbox 115 4148 1916 4271; baseline -0.003 -27"><span class='ocrx_word' id='word_1_317' title='bbox 115 4165 152 4244; x_wconf 87' lang='lat' dir='ltr'><strong>si</strong></span> <span class='ocrx_word' id='word_1_318' title='bbox 181 4148 322 4271; x_wconf 71' lang='lat' dir='ltr'><strong>aliquis</strong></span> <span class='ocrx_word' id='word_1_319' title='bbox 344 4187 468 4241; x_wconf 89' lang='lat' dir='ltr'><strong>naues</strong></span> <span class='ocrx_word' id='word_1_320' title='bbox 496 4159 574 4239; x_wconf 81' lang='lat' dir='ltr'><strong>suls</strong></span> <span class='ocrx_word' id='word_1_321' title='bbox 602 4166 729 4268; x_wconf 85' lang='lat' dir='ltr'><strong>regno</strong></span> <span class='ocrx_word' id='word_1_322' title='bbox 756 4175 895 4238; x_wconf 86' lang='lat' dir='ltr'><strong>uestro</strong></span> <span class='ocrx_word' id='word_1_323' title='bbox 923 4157 1178 4270; x_wconf 77' lang='lat' dir='ltr'><strong>naufragium</strong></span> <span class='ocrx_word' id='word_1_324' title='bbox 1210 4162 1435 4268; x_wconf 82' lang='lat' dir='ltr'><strong>patiuntur,</strong></span> <span class='ocrx_word' id='word_1_325' title='bbox 1463 4159 1606 4238; x_wconf 86' lang='lat' dir='ltr'><strong>dieunt</strong></span> <span class='ocrx_word' id='word_1_326' title='bbox 1626 4158 1750 4238; x_wconf 89' lang='lat' dir='ltr'><strong>uestri</strong></span> <span class='ocrx_word' id='word_1_327' title='bbox 1777 4157 1916 4240; x_wconf 79' lang='lat' dir='ltr'><strong>Aduo·</strong></span> 
     </span>
     <span class='ocr_line' id='line_1_33' title="bbox 114 4265 1914 4380; baseline -0.005 -25"><span class='ocrx_word' id='word_1_328' title='bbox 114 4275 198 4356; x_wconf 86' lang='lat' dir='ltr'><strong>cati</strong></span> <span class='ocrx_word' id='word_1_329' title='bbox 227 4277 313 4354; x_wconf 88' lang='lat' dir='ltr'><strong>siue</strong></span> <span class='ocrx_word' id='word_1_330' title='bbox 341 4270 578 4378; x_wconf 81' lang='lat' dir='ltr'><strong>lusticiarij,</strong></span> <span class='ocrx_word' id='word_1_331' title='bbox 606 4265 718 4380; x_wconf 91' lang='lat' dir='ltr'><strong>quod</strong></span> <span class='ocrx_word' id='word_1_332' title='bbox 746 4271 880 4348; x_wconf 88' lang='lat' dir='ltr'><strong>omnia</strong></span> <span class='ocrx_word' id='word_1_333' title='bbox 913 4267 1019 4349; x_wconf 91' lang='lat' dir='ltr'><strong>bona</strong></span> <span class='ocrx_word' id='word_1_334' title='bbox 1051 4267 1246 4377; x_wconf 84' lang='lat' dir='ltr'><strong>naufraga</strong></span> <span class='ocrx_word' id='word_1_335' title='bbox 1269 4267 1320 4350; x_wconf 90' lang='lat' dir='ltr'><strong>ad</strong></span> <span class='ocrx_word' id='word_1_336' title='bbox 1336 4295 1405 4350; x_wconf 92' lang='lat' dir='ltr'><strong>eos</strong></span> <span class='ocrx_word' id='word_1_337' title='bbox 1433 4269 1663 4378; x_wconf 87' lang='lat' dir='ltr'><strong>pertineant</strong></span> <span class='ocrx_word' id='word_1_338' title='bbox 1678 4266 1914 4376; x_wconf 81' lang='lat' dir='ltr'><strong>planciure.</strong></span> 
     </span>
    </p>

    <p class='ocr_par' dir='ltr' id='par_1_19' title="bbox 116 4375 1917 4688">
     <span class='ocr_line' id='line_1_34' title="bbox 230 4375 1915 4490; baseline -0.006 -22"><span class='ocrx_word' id='word_1_339' title='bbox 230 4385 368 4487; x_wconf 85' lang='lat' dir='ltr'><strong>Quare</strong></span> <span class='ocrx_word' id='word_1_340' title='bbox 397 4401 567 4466; x_wconf 83' lang='lat' dir='ltr'><strong>restrum</strong></span> <span class='ocrx_word' id='word_1_341' title='bbox 595 4381 811 4490; x_wconf 86' lang='lat' dir='ltr'><strong>gloriosam</strong></span> <span class='ocrx_word' id='word_1_342' title='bbox 853 4379 1171 4465; x_wconf 86' lang='lat' dir='ltr'><strong>dominacionem</strong></span> <span class='ocrx_word' id='word_1_343' title='bbox 1217 4381 1404 4488; x_wconf 88' lang='lat' dir='ltr'><strong>precibus</strong></span> <span class='ocrx_word' id='word_1_344' title='bbox 1445 4379 1603 4460; x_wconf 90' lang='lat' dir='ltr'><strong>deuotis</strong></span> <span class='ocrx_word' id='word_1_345' title='bbox 1630 4375 1915 4486; x_wconf 86' lang='lat' dir='ltr'><strong>deprecamur,</strong></span> 
     </span>
     <span class='ocr_line' id='line_1_35' title="bbox 116 4489 1917 4688; baseline -0.004 -111"><span class='ocrx_word' id='word_1_346' title='bbox 116 4511 322 4688; x_wconf 59' lang='lat' dir='ltr'><strong>qnatenus</strong></span> <span class='ocrx_word' id='word_1_347' title='bbox 350 4493 415 4574; x_wconf 89' lang='lat' dir='ltr'><strong>dei</strong></span> <span class='ocrx_word' id='word_1_348' title='bbox 440 4519 579 4574; x_wconf 87' lang='lat' dir='ltr'><strong>amore</strong></span> <span class='ocrx_word' id='word_1_349' title='bbox 608 4493 817 4600; x_wconf 88' lang='lat' dir='ltr'><strong>nostrique</strong></span> <span class='ocrx_word' id='word_1_350' title='bbox 845 4490 1008 4598; x_wconf 90' lang='lat' dir='ltr'><strong>seruicij</strong></span> <span class='ocrx_word' id='word_1_351' title='bbox 1038 4491 1225 4601; x_wconf 87' lang='lat' dir='ltr'><strong>perpetui</strong></span> <span class='ocrx_word' id='word_1_352' title='bbox 1266 4490 1394 4572; x_wconf 87' lang='lat' dir='ltr'><strong>dictos</strong></span> <span class='ocrx_word' id='word_1_353' title='bbox 1423 4507 1663 4572; x_wconf 84' lang='lat' dir='ltr'><strong>mercatores</strong></span> <span class='ocrx_word' id='word_1_354' title='bbox 1693 4489 1917 4576; x_wconf 87' lang='lat' dir='ltr'><strong>Ciuitatum</strong></span> 
     </span>
    </p>
   </div>
   <div class='ocr_carea' id='block_1_19' title="bbox 22 4596 2054 4718">
    <p class='ocr_par' dir='ltr' id='par_1_20' title="bbox 22 4596 2054 4718">
     <span class='ocr_line' id='line_1_36' title="bbox 22 4596 2054 4718; baseline -0.002 -34"><span class='ocrx_word' id='word_1_355' title='bbox 22 4646 26 4659; x_wconf 93' lang='lat'>·</span> <span class='ocrx_word' id='word_1_356' title='bbox 147 4605 255 4718; x_wconf 86' lang='lat' dir='ltr'><strong>lanie</strong></span> <span class='ocrx_word' id='word_1_357' title='bbox 283 4620 324 4684; x_wconf 91' lang='lat' dir='ltr'><strong>et</strong></span> <span class='ocrx_word' id='word_1_358' title='bbox 353 4622 593 4685; x_wconf 89' lang='lat' dir='ltr'><strong>mercatores</strong></span> <span class='ocrx_word' id='word_1_359' title='bbox 621 4601 867 4713; x_wconf 86' lang='lat' dir='ltr'><strong>oppidorum</strong></span> <span class='ocrx_word' id='word_1_360' title='bbox 898 4619 1036 4689; x_wconf 85' lang='lat' dir='ltr'><strong>nostre</strong></span> <span class='ocrx_word' id='word_1_361' title='bbox 1063 4602 1234 4685; x_wconf 87' lang='lat' dir='ltr'><strong>Comitia</strong></span> <span class='ocrx_word' id='word_1_362' title='bbox 1266 4601 1474 4684; x_wconf 85' lang='lat' dir='ltr'><strong>Gelrrasis</strong></span> <span class='ocrx_word' id='word_1_363' title='bbox 1499 4615 1542 4682; x_wconf 87' lang='lat' dir='ltr'><strong>et</strong></span> <span class='ocrx_word' id='word_1_364' title='bbox 1570 4596 1786 4709; x_wconf 85' lang='lat' dir='ltr'><strong>dyoceseos</strong></span> <span class='ocrx_word' id='word_1_365' title='bbox 1813 4599 1915 4682; x_wconf 82' lang='lat' dir='ltr'><strong>Tra·</strong></span> <span class='ocrx_word' id='word_1_366' title='bbox 2051 4659 2054 4664; x_wconf 88' lang='lat'><em>-</em></span> 
     </span>
    </p>
   </div>
   <div class='ocr_carea' id='block_1_20' title="bbox 159 4812 1785 5014">
    <p class='ocr_par' dir='ltr' id='par_1_21' title="bbox 159 4812 1785 5014">
     <span class='ocr_line' id='line_1_37' title="bbox 159 4812 687 4902; baseline 0.015 -27"><span class='ocrx_word' id='word_1_367' title='bbox 159 4816 187 4892; x_wconf 70' lang='lat'><strong>¹3</strong></span> <span class='ocrx_word' id='word_1_368' title='bbox 209 4813 514 4896; x_wconf 62' lang='lat' dir='ltr'><strong>scaturiginum</strong></span> <span class='ocrx_word' id='word_1_369' title='bbox 535 4812 687 4902; x_wconf 55' lang='lat' dir='ltr'><strong>Lateri-fi</strong></span> 
     </span>
     <span class='ocr_line' id='line_1_38' title="bbox 257 4891 1785 5014; baseline 0.043 -50"><span class='ocrx_word' id='word_1_370' title='bbox 257 4914 302 4972; x_wconf 64' lang='lat' dir='ltr'><strong>sn.</strong></span> <span class='ocrx_word' id='word_1_371' title='bbox 322 4915 440 4987; x_wconf 65' lang='lat' dir='ltr'><strong>ripun.</strong></span> <span class='ocrx_word' id='word_1_372' title='bbox 458 4915 516 5014; x_wconf 32' lang='grc' dir='ltr'><strong>ιι,</strong></span> <span class='ocrx_word' id='word_1_373' title='bbox 647 4910 660 5014; x_wconf 59' lang='lat' dir='ltr'>J</span> <span class='ocrx_word' id='word_1_374' title='bbox 964 4907 970 4910; x_wconf 67' lang='grc'><strong>’</strong></span> <span class='ocrx_word' id='word_1_375' title='bbox 1744 4891 1785 4971; x_wconf 66' lang='lat'><strong>⁴⁶</strong></span> 
     </span>
    </p>
   </div>
   <div class='ocr_carea' id='block_1_21' title="bbox 0 0 2164 5975">
    <p class='ocr_par' dir='ltr' id='par_1_22' title="bbox 0 0 2164 5975">
     <span class='ocr_line' id='line_1_39' title="bbox 0 0 2164 5975; baseline 0 2"><span class='ocrx_word' id='word_1_376' title='bbox 0 0 2164 5975; x_wconf 95' lang='lat' dir='ltr'><strong> </strong></span> 
     </span>
    </p>
   </div>
  </div>
 </body>
</html>
