4317 5975
812 357 1323 446 -185-,

113 576 400 685 premissorum
428 569 680 655 euidenciam
709 574 839 685 sigilla
869 592 1006 657 nostra
1035 576 1289 683 presentibus
1320 574 1509 655 duximus
1537 576 1792 686 apponenda.
1837 583 1918 663 Da·

112 706 200 767 tum
223 686 373 777 crabro
404 708 516 765 anno
544 685 698 794 uominj
727 686 929 768 MCCXC⁰
961 687 1107 797 quinto
1137 688 1267 794 pridie
1297 714 1391 767 non.
1429 687 1584 795 marcij.
1770 700 1774 703 ’

120 1112 289 1217 1127.
756 1086 925 1229 1295'
955 1080 1083 1186 d.6
1131 1081 1278 1185 Mars.
1687 1078 1912 1225 Sigtuna.

113 1366 116 1373 .
186 1313 290 1377 Jouan
312 1312 431 1377 Euctus
454 1313 653 1397 lb'rslrrilning
674 1316 714 1401 ps
737 1316 968 1399 nigra'gbrdar
992 1317 1038 1377 till
1059 1314 1376 1399 lrlebislopsbordet
1399 1317 1407 1375 i
1429 1313 1546 1396 Upsola
1569 1314 1666 1376 stsom
1695 1330 1769 1398 pant
1791 1319 1840 1381 lb'r
1861 1342 1914 1381 er-

245 1394 350 1457 htttue
373 1416 389 1456 a
415 1398 503 1458 lister
525 1400 714 1483 spounembl,
735 1402 830 1461 valrde
856 1422 891 1462 to
915 1400 1000 1463 nrarl
1025 1400 1202 1483 penningar.
1493 1480 1518 1531 Δ
1544 1477 1562 1529 6

1520 1518 1526 1529 .
1564 1517 1570 1530 .
1587 1496 1610 1530 a.
1628 1496 1653 1532 a.
1674 1498 1712 1549 17.

243 1580 443 1662 Omnibus
472 1598 676 1689 presentes
707 1581 858 1668 litteras
886 1584 1138 1693 inspecturis,
1160 1587 1368 1663 Jounrtrtss
1397 1587 1622 1676 Amestu8,·
1657 1583 1825 1663 salutem
1867 1588 1911 1665 in

104 1688 274 1771 domiuo
303 1694 599 1799 sempiternam,
628 1694 729 1772 Cum
760 1722 780 1771 a
810 1694 997 1773 discreto.
1015 1697 1103 1774 viro
1133 1692 1298 1774 domino
1327 1693 1458 1772 olawo
1473 1693 1668 1771 canonico
1712 1695 1910 1802 vpsaleusi

102 1803 363 1912 procuratorj
393 1802 593 1883 bonorum
630 1802 805 1910 domiuj‚
835 1806 884 1883 N.
914 1805 1209 1912 archiepiscopi
1250 1804 1470 1913 upsalensis
1515 1817 1657 1885 mutuo
1690 1810 1912 1912 receperim

103 1911 200 1991 duas
235 1910 352 1993 lestas
381 1940 542 1994 annone
573 1941 648 2022 pro
676 1914 815 1995 decem
847 1917 1015 1996 marchis
1050 1915 1310 1997 denariorum
1338 1922 1379 1995 &
1408 1941 1484 2021 pro
1513 1911 1621 1992 dicte
1651 1918 1822 2019 pecunie
1845 1944 1910 1996 so·
2010 1916 2015 1923 ’

101 2024 264 2102 lucione
294 2028 497 2133 posuerim
527 2026 568 2105 in
599 2024 768 2132 pignore
798 2052 867 2107 sex
896 2026 1095 2122 denarios,
1125 2032 1165 2106 81
1194 2055 1315 2111 unam
1340 2054 1451 2106 oram
1478 2043 1585 2104 terre
1615 2025 1656 2102 in
1686 2026 1910 2108 sundusum

103 2136 213 2214 iuxta
248 2133 450 2227 flotasvnd
479 2131 700 2243 predictam
730 2151 876 2217 terram
908 2137 1108 2246 relinquo,
1141 2144 1180 2217 8(
1210 2141 1369 2246 resigno
1406 2134 1587 2244 plenarie
1624 2135 1806 2243 predicto
1842 2168 1909 2217 ve-

103 2245 272 2326 nerabili
304 2250 412 2355 patri
440 2242 618 2342 domino,
649 2247 697 2326 N.
727 2248 1033 2355 archiepiscopo
1063 2250 1262 2355 upsalensi
1291 2265 1332 2328 et
1362 2252 1529 2354 insuper
1564 2244 1767 2327 dimidiam
1798 2277 1908 2329 oram

101 2373 204 2435 terre
239 2357 283 2465 jn
312 2384 400 2436 wra
429 2360 471 2437 in
500 2355 689 2466 parochia
720 2358 893 2467 tbigibili
923 2356 1039 2457 addo,
1069 2364 1107 2439 8<
1136 2360 1319 2467 predicto
1349 2358 1471 2439 modo
1500 2357 1687 2466 relinquo
1710 2361 1771 2438 'in
1816 2390 1907 2468 pre-

101 2467 203 2548 dicte
238 2466 454 2549 solucionis
482 2467 832 2576 complementum,
861 2470 906 2578 jn
936 2472 1137 2577 cuiusrei
1167 2472 1436 2552 testimonium
1467 2470 1563 2578 quia
1591 2468 1765 2574 sigillum
1811 2501 1906 2580 pro·

101 2576 235 2685 priuu'r
267 2605 348 2660 non
378 2579 521 2675 babeo,
549 2578 677 2687 sigilla
711 2580 988 2689 religiosorum
1005 2582 1182 2664 virorum
1201 2584 1369 2662 fratrum
1400 2578 1700 2690 predicatorum
1730 2609 1905 2663 conuen-

101 2706 162 2769 tus
195 2690 465 2788 sictoniensis‚
495 2695 535 2771 &
563 2690 712 2771 llratris
742 2691 892 2772 israelis
922 2691 1082 2773 lectoris
1103 2694 1266 2790 ibidem,
1294 2710 1335 2772 et
1363 2691 1621 2774 comunitatis
1658 2692 1906 2774 sictoniensis

101 2800 148 2881 ad
177 2830 308 2881 meam
331 2801 569 2883 instanciam
598 2801 854 2909 presentibus
883 2824 977 2883 sunt
1006 2830 1195 2911 appensa,
1224 2806 1476 2884 Cumautem
1503 2802 1714 2909 proprium
1730 2803 1904 2912 sigillum

100 2910 283 2997 habuero
310 2914 399 3021 ipso
415 2930 618 3022 presentes
633 2912 786 2995 litteras
801 2914 999 3024 sigillabo,
1028 2916 1178 2996 Datum
1202 2916 1380 3011 simonie,
1396 2939 1506 2994 anno
1527 2912 1694 3020 domiuj,
1726 2916 1899 3012 M⁰‚CC⁰.

102 3025 371 3132 Nonagesimo
400 3025 570 3129 Quinto,
601 3025 726 3105 tercia
757 3024 954 3106 dominica
985 3025 1301 3137 quadragesime.
1372 3097 1377 3106 .

542 3167 668 3252 Sigilleu
689 3169 747 3230 Nro
773 3188 798 3246 r,
822 3187 851 3246 a,
874 3169 999 3252 myrlet
1020 3167 1171 3246 sladad03
1193 3171 1252 3231 Nm
1274 3170 1293 3229 3
1315 3167 1481 3230 bortlallet.

94 3532 256 3641 -1128
639 3527 645 3540 ⁸
741 3540 888 3698 1295
938 3537 987 3642 d.
1033 3535 1066 3640 6
1115 3539 1262 3642 Mars.
1386 3585 1390 3592 ·

169 3778 273 3837 Jossn
295 3769 413 3834 Euoras
435 3770 633 3852 lb'rskriloing
654 3769 695 3854 pe
716 3771 951 3836 Hamundastad
974 3773 1020 3836 till
1042 3771 1380 3858 irie-Bislopsbordet
1400 3774 1411 3836 i
1431 3772 1560 3857 Upsala,
1581 3773 1680 3836 usam
1699 3770 1896 3854 paotstirer·

226 3853 334 3926 hllllua
357 3873 374 3914 a
399 3857 487 3918 la'ster
509 3855 704 3940 spanuemil,
726 3856 819 3917 vnde
841 3858 881 3918 30
903 3858 991 3920 mark
1014 3867 1123 3939 glngoe
1145 3867 1240 3938 mill·
1476 3937 1501 3990 A
1528 3939 1587 3991 M
1613 3953 1629 3988 2
1658 3937 1689 3990 ¹3

213 4043 419 4124 Omnibus
435 4056 642 4151 presentes
657 4037 813 4118 litteras
843 4041 1095 4148 inspecturis,
1124 4045 1332 4123 Jouamttus
1347 4040 1480 4121 dictus
1495 4062 1693 4133 nuestus,
1725 4037 1895 4117 salutem

96 4155 132 4229 in
145 4153 314 4235 domino
339 4156 632 4262 sempiternam,
663 4151 864 4231 Noucriut
883 4153 1058 4232 vniuersi
1081 4152 1193 4263 quod
1210 4178 1285 4261 ego
1306 4180 1414 4231 anuo
1429 4149 1593 4258 domini,
1615 4149 1789 4246 M’,CC'‚
1810 4150 1894 4230 No·

96 4270 297 4373 nagesimo
313 4268 482 4370 Quinto,
498 4263 630 4369 recepi
648 4289 670 4341 a
688 4261 906 4344 venerabili
924 4263 1010 4343 viro
1026 4263 1219 4371 Magistro
1234 4261 1381 4344 andree
1412 4262 1617 4370 preposito
1632 4259 1833 4368 upsalensi
1848 4258 1894 4356 ir-

95 4401 263 4458 conomo
280 4379 478 4457 bonorum
496 4373 783 4486 episcopalium
807 4370 907 4454 duas
922 4373 1045 4456 lestas
1062 4403 1222 4456 annone
1239 4402 1315 4484 pro
1329 4373 1497 4482 triginta
1512 4370 1656 4452 Marcis
1670 4369 1760 4451 den.
1776 4389 1894 4448 usual-

96 4484 135 4564 lis
149 4504 314 4569 monete
330 4517 403 4597 per
419 4514 559 4568 manus
574 4483 839 4564 discretorum
857 4487 1035 4566 virorum
1052 4486 1319 4583 dominorum,
1347 4485 1495 4580 Olawi,
1510 4490 1548 4564 &
1564 4483 1712 4562 Matbie
1726 4481 1893 4561 canoni·
1922 4492 1933 4500 '

97 4623 227 4680 corum
247 4600 528 4707 upsalensium‚
554 4597 637 4704 'pro
654 4597 802 4704 quibus
817 4597 980 4706 triginta
1007 4595 1172 4680 duabus
1191 4598 1363 4679 Marchis
1378 4595 1468 4678 den.
1484 4593 1741 4703 inpignoraui
1756 4591 1894 4672 decem

97 4709 240 4793 solidos
264 4729 372 4792 terre
400 4712 443 4790 io
471 4705 834 4789 hamundastadum
862 4708 921 4817 jta
951 4707 1064 4821 quod
1092 4714 1125 4792 si
1154 4708 1379 4820 predictum
1410 4705 1592 4816 predium
1624 4732 1696 4813 per
1724 4729 1798 4782 me.
1830 4702 1894 4782 vel

100 4845 164 4923 per
194 4822 518 4903 fratremmeum
547 4815 754 4902 dominum
785 4819 969 4902 karolum
999 4849 1238 4905 canonicum
1267 4820 1527 4930 upsalensem.
1544 4817 1605 4898 vel
1639 4842 1711 4985 pear
1726 4830 1892 4923 nepotes

224 4949 272 5000 sv.
290 4949 410 5019 napum.
434 4947 476 5000 11.
807 5005 809 5008 ,
1654 4944 1672 4986 ι
