4317 5975
966 383 1188 467 -,62
1298 428 1355 451 ..-

259 606 488 703 &conlisus
502 612 553 695 de
566 607 796 692 huiusmodi
811 606 1223 721 appellacionequam
1240 606 1475 719 legittimam
1489 608 1577 690 fore
1598 604 1727 689 credit
1749 611 1790 687 8(
1812 604 1984 689 credidit
1998 607 2061 689 di·

261 728 519 838 cta'pecunia
546 724 730 830 imposita
755 721 831 801 sibi
856 722 1067 829 assignatis
1096 722 1187 803 loco
1215 726 1257 801 8(
1285 737 1467 830 tempore
1496 748 1577 801 non
1592 719 1822 800 solutatam
1839 720 1923 828 ipse
1939 747 2063 831 qnam

259 842 391 924 clerus
419 834 620 947 predictus
649 836 690 914 in
718 835 799 913 suis
831 830 984 914 'ibidem
1022 833 1356 914 ministraucrunt
1383 831 1598 913 ordinibus
1626 836 1666 912 8(
1700 858 1744 913 se
1780 831 1876 910 alias
1912 829 2064 913 diuinis

260 956 511 1063 ingesserunt
539 944 681 1026 officiis
708 946 812 1028 sicut
841 946 964 1054 prius.
994 969 1135 1023 rerum
1163 972 1256 1026 cum
1286 944 1543 1053 postmodum
1573 942 1702 1025 cidem
1731 937 1898 1023 domiuo
1923 960 2063 1024 tuscu-

259 1066 365 1160 lano,
393 1060 444 1141 ad
474 1084 677 1157 romanam
706 1058 857 1136 curiam
889 1082 1052 1135 reuerso
1080 1056 1137 1136 ob
1164 1084 1277 1136 suam
1313 1060 1354 1135 8(
1390 1056 1498 1137 dicte
1530 1058 1642 1136 curie
1677 1053 1976 1151 reuerenciam,
2010 1054 2064 1134 sit

181 1196 207 1263 ,’
248 1176 396 1279 ¹emissa
427 1169 533 1251 dicte
562 1168 851 1276 appellacionis
881 1171 1194 1277 prosequcione,
1237 1166 1289 1247 de
1331 1170 1450 1275 primi
1479 1168 1576 1247 anni
1606 1161 1970 1275 procuracionibus
1997 1192 2063 1245 sa·
2111 1178 2116 1187 “

257 1286 479 1378 tissactum,
505 1280 727 1388 supplicari
750 1280 844 1359 fecit
872 1279 1076 1359 humiliter
1105 1278 1210 1360 idem
1244 1280 1394 1359 electus
1427 1278 1478 1359 ad
1509 1280 1697 1359 maiorem
1726 1304 1799 1357 sue
1812 1278 2070 1365 consciencie

253 1400 510 1480 securitatem
541 1396 580 1471 8(
610 1418 660 1470 ne
689 1391 780 1500 quis
807 1389 964 1470 emulus
993 1392 1033 1469 in
1063 1419 1155 1470 eum
1182 1416 1233 1471 ex
1268 1391 1345 1471 hiis
1381 1388 1534 1502 aliquid
1556 1388 1818 1471 detractionis
1853 1390 2063 1497 inpingat,

247 1506 424 1599 ‚salutari
454 1502 531 1583 sibi
561 1508 600 1581 8(
629 1500 739 1582 dicto
768 1499 878 1581 clero
905 1528 1028 1609 super
1056 1502 1134 1581 hiis
1163 1499 1338 1583 remedio
1377 1500 1691 1583 misericorditer
1731 1499 1939 1609 prouideri
1977 1500 2064 1580 Nos

254 1622 380 1731 igitur
409 1610 660 1695 attendentes
687 1612 799 1724 quod
829 1614 870 1691 in
898 1602 1049 1693 talibus
1076 1640 1236 1721 semper
1251 1614 1324 1693 ¹est
1352 1615 1418 1693 via
1433 1614 1567 1694 tucior
1582 1611 1777 1721 eligenda,
1807 1613 2064 1693 Auctoritatc

256 1724 382 1841 ipsius
416 1721 568 1807 domini
599 1752 714 1833 pape.
745 1725 860 1804 cuius
898 1725 1186 1832 penitenciaric
1220 1751 1359 1803 curam
1388 1728 1583 1835 gerimus,
1611 1731 1650 1804 8(
1679 1722 1730 1804 de
1772 1726 1857 1804 eins
1897 1723 2090 1832 speciali.

255 1839 447 1925 mandato
474 1841 514 1917 8(
543 1828 820 1916 commissione
848 1862 972 1944 super
998 1833 1230 1916 huiusmodi
1259 1834 1357 1916 dicti
1388 1838 1507 1945 legati
1545 1838 1759 1917 sentenciis
1796 1832 1849 1914 ad
1884 1832 2067 1915 eiusdem

199 2042 203 2051 ,
256 1954 378 2064 legati
405 1950 643 2030 instanciam
674 1944 779 2028 iacta
810 1946 930 2027 nobis
958 1948 1125 2028 oraculo
1153 1950 1248 2027 rinc
1289 1949 1400 2028 vocis
1447 1946 1688 2029 discrecioni
1732 1948 1799 2057 pie
1840 1943 1891 2025 de
1938 1946 2066 2055 ipsius

255 2063 411 2153 domini
439 2060 642 2140 tusculani
670 2060 849 2168 episcopi
878 2086 1042 2141 assensu
1070 2064 1110 2140 8(
1139 2058 1369 2156 voluntate,
1402 2059 1708 2149 committimus,
1736 2058 1931 2170 quatinus
1970 2084 2064 2167 pre·

256 2177 386 2260 dictos
414 2173 587 2252 electum
616 2176 657 2253 8(
685 2171 837 2251 clerum
867 2168 1095 2279 vpsalenses
1132 2196 1237 2282 quos
1274 2172 1315 2250 in
1352 2172 1554 2280 premissis
1590 2172 1795 2251 inueneris
1831 2170 2064 2267 excessisse,

247 2290 307 2383 ,ab
363 2281 593 2365 huiusmodi
657 2283 1110 2377 excommunicacionis,
1166 2282 1439 2390 suspensionis
1494 2288 1534 2364 8(
1584 2280 1791 2363 interdicti
1846 2282 2065 2362 sentenciis

254 2403 289 2481 si
347 2424 419 2478 uas
459 2422 510 2475 ex
553 2394 632 2475 hoc
674 2395 954 2491 incurrerunt,
997 2392 1186 2477 absoluas
1228 2395 1467 2475 auctoritate
1508 2394 1688 2504 predicta
1730 2395 1844 2475 iuxta
1888 2390 2063 2473 formam

256 2428 421 2593 ecclesie
451 2522 706 2605 consuetam,
734 2507 786 2586 Et
815 2507 995 2588 iniuncta
1024 2504 1192 2587 cuilibet
1220 2532 1361 2585 eorum
1399 2533 1522 2616 super
1556 2506 1634 2587 hiis
1668 2532 1745 2614 pro
1782 2503 1904 2612 culpe
1939 2504 2063 2585 modo

256 2619 486 2733 penitencia
516 2616 705 2714 salutari,
733 2622 774 2697 8(
796 2616 986 2726 aliisque
1015 2615 1166 2700 talibus
1192 2615 1344 2697 debent
1362 2621 1401 2696 8(
1416 2633 1717 2698 consueuerunt
1729 2615 1912 2725 jniungi,
1939 2644 2065 2725 super

256 2730 552 2842 irregularitate
580 2730 614 2807 si
642 2752 774 2840 quam·
793 2755 843 2807 ex
886 2727 1087 2836 premissis
1123 2725 1308 2835 predicto
1343 2724 1465 2808 modo
1503 2743 1815 2827 contraxerunt,
1851 2725 2062 2835 dispenses

257 2842 496 2927 auctoritate
525 2836 706 2947 predicta
741 2836 1051 2925 misericorditer
1078 2864 1174 2921 cum
1201 2837 1351 2919 eisdem
1379 2855 1507 2949 prout
1544 2836 1769 2929 ,secundum
1809 2837 1931 2919 deum
1974 2842 2064 2920 ani·

257 2975 413 3038 marum
442 2976 606 3031 suarum
635 2947 758 3033 saluti
786 2946 977 3057 expedire
1007 2944 1157 3040 rideris
1185 2936 1408 3056 dummodo
1443 2948 1554 3044 aliud
1583 2951 1829 3034 canonicum
1865 2977 1950 3033 non
1986 2948 2063 3034 ob-

256 3069 369 3152 sistat
383 3063 545 3191 ’Datum
590 3061 716 3187 Pgeate
757 3059 876 3148 XVII
918 3057 998 3152 kal·
1037 3059 1224 3148 octobris
1263 3063 1525 3182 pontificatus
1562 3062 1721 3176 domitii
1768 3061 1917 3146 nicolai
1957 3091 2065 3174 pape

256 3191 393 3292 quarti
420 3197 529 3288 anno
557 3195 702 3280 primo,

157 3688 162 3696 ’
263 3659 447 3832 978.’
657 3820 660 3832 ι
880 3627 1501 3830 1288·d.17‘Sept.i
1891 3677 2066 3793 Alsnd.

343 3903 479 3981 Konnug
500 3898 633 3960 Manum
652 3891 693 3958 Its
713 3895 793 3958 Brei
809 3895 851 3980 pt
873 3897 936 3958 lile
959 3890 1144 3979 rattighetcr*
1158 3899 1229 3961 med
1251 3898 1290 3964 de
1311 3901 1321 3961 i
1341 3898 1447 3963 staden
1466 3897 1654 3966 Clodlrolm
1675 3901 1760 3964 ἰυοω
1782 3903 2064 3967 muramsltoeudc

394 3985 528 4063 ΜΒΝ
549 3981 597 4042 ffi‘
618 3979 701 4057 Μ(
722 3999 788 4040 ⁸⁰¹³
811 3979 884 4041 vnn
906 3979 1049 4064 b‘brssn
1070 3981 1250 4046 Numam
1268 3985 1313 4070 -pt
1334 3985 1379 4047 sc
1399 3985 1500 4056 clara
1516 3984 2063 4052 uateaomaamsenuaaa

394 4069 505 4150 utgiira
525 4065 606 4126 skatt
626 4060 687 4124 och
708 4062 806 4124 sndrs
827 4064 960 4144 utlsgor.
1756 4073 1761 4078 -
1938 4077 1941 4082 -

1727 4147 1928 4211 Lata-5·
2026 4207 2031 4220 ,

374 4282 582 4362 Uniuersis
610 4279 660 4362 ad
692 4309 795 4393 quos
821 4308 988 4390 presens
1016 4285 1210 4392 scriptum
1224 4287 1484 4394 peruenerit,
1517 4285 1695 4367 mortus
1723 4281 1789 4368 dei
1803 4275 1938 4394 gracia
1953 4283 2065 4367 ch·

262 4422 380 4476 orum
408 4394 721 4502 Gothorumque
749 4393 835 4474 Rex
876 4393 1045 4474 salntem
1090 4397 1133 4475 i'n
1175 4394 1359 4495 domino,
1402 4396 1594 4477 Volcntes
1617 4396 1764 4494 locum,
1793 4403 1834 4479 8(
1862 4413 2063 4479 monaste·

261 4507 368 4587 rium
397 4502 552 4587 ordinis
581 4503 725 4585 Sancte
754 4505 873 4584 Clare
902 4507 1080 4616 virginis,
1108 4507 1223 4618 quod
1249 4508 1358 4619 apud
1372 4507 1586 4591 Stokholm
1600 4510 1644 4592 in
1668 4508 1846 4618 presenti
1860 4510 2065 4602 construi·

261 4634 343 4715 tur,
372 4616 563 4728 prosequi
591 4613 732 4697 fauore
759 4617 890 4726 gratie
918 4619 1117 4729 specialis,
1160 4619 1302 4708 damus
1342 4621 1550 4704 licentiam
1591 4621 1825 4704 uolentibus
1876 4611 2066 4704 hahitare

260 4729 377 4812 iuxta
407 4726 666 4810 Norraemalm
696 4726 801 4810 dicte
830 4728 934 4828 ville,
964 4747 1009 4812 vt
1036 4734 1114 4842 ipsi
1142 4761 1234 4814 cum
1263 4733 1341 4815 sibi
1367 4733 1676 4817 succedentibus
1703 4733 1907 4844 gaudeant
1920 4728 2066 4814 eodem

260 4837 363 4952 jure,
391 4865 476 4951 quo
505 4836 683 4948 gaudent
710 4842 818 4922 ciues
859 4841 965 4924 inira
995 4873 1132 4927 muros
1174 4843 1323 4928 ibidem
1364 4845 1561 4959 quamdin
1601 4847 1698 4957 ipsis
1741 4844 1941 4955 placuerit
1980 4841 2068 4935 illic

161 4949 167 4958 ’
259 4952 522 5048 commorari,
551 4955 592 5029 8(
620 4947 748 5050 dictis,
778 4952 882 5077 loco,
912 4962 953 5036 8(
980 4955 1234 5057 Monastcrio‚
1264 4959 1415 5070 quibus
1445 4961 1618 5040 attinere
1645 4956 1872 5041 dinoscitur
1898 4957 2067 5039 territo-
