<?xml version="1.0" encoding="UTF-8"?>
<!DOCTYPE html PUBLIC "-//W3C//DTD XHTML 1.0 Transitional//EN"
    "http://www.w3.org/TR/xhtml1/DTD/xhtml1-transitional.dtd">
<html xmlns="http://www.w3.org/1999/xhtml" xml:lang="en" lang="en">
 <head>
  <title>
</title>
<meta http-equiv="Content-Type" content="text/html;charset=utf-8" />
  <meta name='ocr-system' content='tesseract 3.04.00' />
  <meta name='ocr-capabilities' content='ocr_page ocr_carea ocr_par ocr_line ocrx_word'/>
</head>
<body>
  <div class='ocr_page' id='page_1' title='image "./svensktdiplomat01swegoog/svensktdiplomat01swegoog_0889.png"; bbox 0 0 4317 5975; ppageno 0'>
   <div class='ocr_carea' id='block_1_1' title="bbox 160 843 170 885">
    <p class='ocr_par' dir='ltr' id='par_1_1' title="bbox 160 843 170 885">
     <span class='ocr_line' id='line_1_1' title="bbox 160 843 170 885; baseline 0 0"><span class='ocrx_word' id='word_1_1' title='bbox 160 843 170 885; x_wconf 87' lang='lat' dir='ltr'>l</span> 
     </span>
    </p>
   </div>
   <div class='ocr_carea' id='block_1_2' title="bbox 975 341 1397 424">
    <p class='ocr_par' dir='ltr' id='par_1_2' title="bbox 975 341 1397 424">
     <span class='ocr_line' id='line_1_2' title="bbox 975 341 1397 424; baseline 0.009 -44"><span class='ocrx_word' id='word_1_2' title='bbox 975 341 1397 424; x_wconf 67' lang='lat'>..702-</span> 
     </span>
    </p>
   </div>
   <div class='ocr_carea' id='block_1_3' title="bbox 307 547 1423 712">
    <p class='ocr_par' dir='ltr' id='par_1_3' title="bbox 307 547 1423 712">
     <span class='ocr_line' id='line_1_3' title="bbox 307 547 1423 712; baseline -0.007 -50"><span class='ocrx_word' id='word_1_3' title='bbox 307 550 464 712; x_wconf 85' lang='lat'><strong><em>1767.</em></strong></span> <span class='ocrx_word' id='word_1_4' title='bbox 1024 547 1423 662; x_wconf 78' lang='lat'>1300-1310.</span> 
     </span>
    </p>
   </div>
   <div class='ocr_carea' id='block_1_4' title="bbox 335 681 1991 934">
    <p class='ocr_par' dir='ltr' id='par_1_4' title="bbox 335 681 1991 934">
     <span class='ocr_line' id='line_1_4' title="bbox 335 681 1948 832; baseline 0 -26"><span class='ocrx_word' id='word_1_5' title='bbox 335 825 346 832; x_wconf 30' lang='grc' dir='ltr'>ι</span> <span class='ocrx_word' id='word_1_6' title='bbox 374 717 523 825; x_wconf 64' lang='lat' dir='ltr'>Bruma</span> <span class='ocrx_word' id='word_1_7' title='bbox 544 728 741 802; x_wconf 71' lang='lat' dir='ltr'>ludmasous</span> <span class='ocrx_word' id='word_1_8' title='bbox 762 735 966 820; x_wconf 77' lang='lat' dir='ltr'>morgoubrel</span> <span class='ocrx_word' id='word_1_9' title='bbox 981 736 1023 820; x_wconf 73' lang='lat' dir='ltr'>pd</span> <span class='ocrx_word' id='word_1_10' title='bbox 1042 757 1081 798; x_wconf 81' lang='lat' dir='ltr'>en</span> <span class='ocrx_word' id='word_1_11' title='bbox 1101 734 1181 820; x_wconf 69' lang='lat' dir='ltr'>gard</span> <span class='ocrx_word' id='word_1_12' title='bbox 1201 736 1303 820; x_wconf 76' lang='lat' dir='ltr'>iDcle</span> <span class='ocrx_word' id='word_1_13' title='bbox 1322 737 1372 799; x_wconf 82' lang='lat' dir='ltr'>till</span> <span class='ocrx_word' id='word_1_14' title='bbox 1382 738 1428 798; x_wconf 87' lang='lat' dir='ltr'>sin</span> <span class='ocrx_word' id='word_1_15' title='bbox 1439 734 1552 800; x_wconf 83' lang='lat' dir='ltr'>bostro</span> <span class='ocrx_word' id='word_1_16' title='bbox 1572 681 1749 822; x_wconf 57' lang='lat' dir='ltr'>taam</span> <span class='ocrx_word' id='word_1_17' title='bbox 1772 736 1948 812; x_wconf 67' lang='lat' dir='ltr'>Kontadottm</span> 
     </span>
     <span class='ocr_line' id='line_1_5' title="bbox 1939 862 1991 934; baseline 0.038 -17"><span class='ocrx_word' id='word_1_18' title='bbox 1939 862 1991 934; x_wconf 65' lang='lat' dir='ltr'>bn.</span> 
     </span>
    </p>
   </div>
   <div class='ocr_carea' id='block_1_5' title="bbox 299 1013 2035 1916">
    <p class='ocr_par' dir='ltr' id='par_1_5' title="bbox 299 1013 2035 1916">
     <span class='ocr_line' id='line_1_6' title="bbox 411 1013 2026 1130; baseline 0.006 -27"><span class='ocrx_word' id='word_1_19' title='bbox 411 1022 610 1104; x_wconf 80' lang='lat' dir='ltr'><strong>Omnibus</strong></span> <span class='ocrx_word' id='word_1_20' title='bbox 637 1046 803 1130; x_wconf 80' lang='lat' dir='ltr'><strong>presens</strong></span> <span class='ocrx_word' id='word_1_21' title='bbox 830 1019 1026 1126; x_wconf 89' lang='lat' dir='ltr'>scriptum</span> <span class='ocrx_word' id='word_1_22' title='bbox 1056 1013 1329 1116; x_wconf 78' lang='lat' dir='ltr'>cernentibus,</span> <span class='ocrx_word' id='word_1_23' title='bbox 1359 1041 1615 1100; x_wconf 79' lang='lat' dir='ltr'>unrnuurnos</span> <span class='ocrx_word' id='word_1_24' title='bbox 1638 1041 1888 1106; x_wconf 74' lang='lat' dir='ltr'>serosnason</span> <span class='ocrx_word' id='word_1_25' title='bbox 1905 1045 2026 1118; x_wconf 87' lang='lat' dir='ltr'>eternan</span> 
     </span>
     <span class='ocr_line' id='line_1_7' title="bbox 300 1127 2031 1249; baseline 0.004 -33"><span class='ocrx_word' id='word_1_26' title='bbox 300 1138 344 1216; x_wconf 92' lang='lat' dir='ltr'>in</span> <span class='ocrx_word' id='word_1_27' title='bbox 371 1133 524 1216; x_wconf 89' lang='lat' dir='ltr'>cbristo</span> <span class='ocrx_word' id='word_1_28' title='bbox 553 1132 736 1226; x_wconf 90' lang='lat' dir='ltr'>salutem,</span> <span class='ocrx_word' id='word_1_29' title='bbox 765 1132 966 1212; x_wconf 90' lang='lat' dir='ltr'>Nouerint</span> <span class='ocrx_word' id='word_1_30' title='bbox 994 1130 1174 1211; x_wconf 84' lang='lat' dir='ltr'>vniuersi</span> <span class='ocrx_word' id='word_1_31' title='bbox 1203 1157 1264 1208; x_wconf 88' lang='lat' dir='ltr'>me</span> <span class='ocrx_word' id='word_1_32' title='bbox 1292 1127 1447 1210; x_wconf 85' lang='lat' dir='ltr'>dedisse</span> <span class='ocrx_word' id='word_1_33' title='bbox 1463 1127 1609 1211; x_wconf 88' lang='lat' dir='ltr'>dilecte</span> <span class='ocrx_word' id='word_1_34' title='bbox 1629 1134 1746 1213; x_wconf 84' lang='lat' dir='ltr'>vxori</span> <span class='ocrx_word' id='word_1_35' title='bbox 1768 1159 1846 1214; x_wconf 89' lang='lat' dir='ltr'>mee</span> <span class='ocrx_word' id='word_1_36' title='bbox 1878 1165 2031 1249; x_wconf 74' lang='lat' dir='ltr'>margarete</span> 
     </span>
     <span class='ocr_line' id='line_1_8' title="bbox 299 1239 2031 1350; baseline 0.006 -24"><span class='ocrx_word' id='word_1_37' title='bbox 299 1246 412 1326; x_wconf 81' lang='lat' dir='ltr'>knuz</span> <span class='ocrx_word' id='word_1_38' title='bbox 439 1244 580 1327; x_wconf 92' lang='lat' dir='ltr'>dottor</span> <span class='ocrx_word' id='word_1_39' title='bbox 620 1245 774 1324; x_wconf 87' lang='lat' dir='ltr'>curiam</span> <span class='ocrx_word' id='word_1_40' title='bbox 809 1269 938 1321; x_wconf 89' lang='lat' dir='ltr'>meam</span> <span class='ocrx_word' id='word_1_41' title='bbox 972 1241 1015 1319; x_wconf 87' lang='lat' dir='ltr'>in</span> <span class='ocrx_word' id='word_1_42' title='bbox 1043 1239 1179 1321; x_wconf 83' lang='lat' dir='ltr'>delum</span> <span class='ocrx_word' id='word_1_43' title='bbox 1210 1267 1302 1320; x_wconf 88' lang='lat' dir='ltr'>cum</span> <span class='ocrx_word' id='word_1_44' title='bbox 1331 1241 1451 1350; x_wconf 84' lang='lat' dir='ltr'>agris.</span> <span class='ocrx_word' id='word_1_45' title='bbox 1468 1243 1609 1350; x_wconf 89' lang='lat' dir='ltr'>pratis,</span> <span class='ocrx_word' id='word_1_46' title='bbox 1634 1247 1801 1349; x_wconf 89' lang='lat' dir='ltr'>pascuis,</span> <span class='ocrx_word' id='word_1_47' title='bbox 1816 1245 1922 1346; x_wconf 89' lang='lat' dir='ltr'>siluis,</span> <span class='ocrx_word' id='word_1_48' title='bbox 1934 1256 2031 1338; x_wconf 80' lang='lat' dir='ltr'>maliis</span> 
     </span>
     <span class='ocr_line' id='line_1_9' title="bbox 301 1350 2032 1470; baseline 0.004 -33"><span class='ocrx_word' id='word_1_49' title='bbox 301 1357 639 1468; x_wconf 86' lang='lat' dir='ltr'>quibuscumque,</span> <span class='ocrx_word' id='word_1_50' title='bbox 667 1356 830 1436; x_wconf 85' lang='lat' dir='ltr'>racione</span> <span class='ocrx_word' id='word_1_51' title='bbox 859 1350 1095 1432; x_wconf 84' lang='lat' dir='ltr'>donacionis</span> <span class='ocrx_word' id='word_1_52' title='bbox 1125 1366 1297 1458; x_wconf 87' lang='lat' dir='ltr'>propter</span> <span class='ocrx_word' id='word_1_53' title='bbox 1326 1353 1493 1460; x_wconf 85' lang='lat' dir='ltr'>nupcias</span> <span class='ocrx_word' id='word_1_54' title='bbox 1522 1352 1732 1459; x_wconf 87' lang='lat' dir='ltr'>wlgariter</span> <span class='ocrx_word' id='word_1_55' title='bbox 1768 1351 1866 1437; x_wconf 87' lang='lat' dir='ltr'>dicte</span> <span class='ocrx_word' id='word_1_56' title='bbox 1904 1389 2032 1470; x_wconf 81' lang='lat' dir='ltr'>mergon-</span> 
     </span>
     <span class='ocr_line' id='line_1_10' title="bbox 300 1459 2030 1578; baseline 0.003 -29"><span class='ocrx_word' id='word_1_57' title='bbox 300 1467 434 1578; x_wconf 82' lang='lat' dir='ltr'>giaelb,</span> <span class='ocrx_word' id='word_1_58' title='bbox 462 1494 510 1548; x_wconf 90' lang='lat' dir='ltr'>ac</span> <span class='ocrx_word' id='word_1_59' title='bbox 538 1466 604 1548; x_wconf 89' lang='lat' dir='ltr'>die</span> <span class='ocrx_word' id='word_1_60' title='bbox 633 1465 871 1575; x_wconf 79' lang='lat' dir='ltr'>nupciarum</span> <span class='ocrx_word' id='word_1_61' title='bbox 901 1488 1077 1541; x_wconf 85' lang='lat' dir='ltr'>mearum</span> <span class='ocrx_word' id='word_1_62' title='bbox 1108 1459 1236 1541; x_wconf 87' lang='lat' dir='ltr'>eidem</span> <span class='ocrx_word' id='word_1_63' title='bbox 1260 1463 1495 1556; x_wconf 78' lang='lat' dir='ltr'>¹seotacione</span> <span class='ocrx_word' id='word_1_64' title='bbox 1523 1465 1716 1572; x_wconf 84' lang='lat' dir='ltr'>legittima</span> <span class='ocrx_word' id='word_1_65' title='bbox 1759 1468 1952 1574; x_wconf 79' lang='lat' dir='ltr'>assignasse</span> <span class='ocrx_word' id='word_1_66' title='bbox 1985 1477 2030 1556; x_wconf 84' lang='lat' dir='ltr'>sub</span> 
     </span>
     <span class='ocr_line' id='line_1_11' title="bbox 300 1569 2034 1685; baseline 0.004 -26"><span class='ocrx_word' id='word_1_67' title='bbox 300 1577 541 1659; x_wconf 87' lang='lat' dir='ltr'>condicione</span> <span class='ocrx_word' id='word_1_68' title='bbox 569 1603 651 1685; x_wconf 88' lang='lat' dir='ltr'>que</span> <span class='ocrx_word' id='word_1_69' title='bbox 679 1576 877 1685; x_wconf 89' lang='lat' dir='ltr'>sequitur,</span> <span class='ocrx_word' id='word_1_70' title='bbox 905 1570 1094 1652; x_wconf 86' lang='lat' dir='ltr'>videlicet</span> <span class='ocrx_word' id='word_1_71' title='bbox 1131 1569 1246 1683; x_wconf 93' lang='lat' dir='ltr'>quod</span> <span class='ocrx_word' id='word_1_72' title='bbox 1274 1575 1307 1654; x_wconf 91' lang='lat' dir='ltr'>si</span> <span class='ocrx_word' id='word_1_73' title='bbox 1337 1575 1421 1681; x_wconf 90' lang='lat' dir='ltr'>ipsa</span> <span class='ocrx_word' id='word_1_74' title='bbox 1452 1575 1615 1656; x_wconf 77' lang='lat' dir='ltr'>uiuente</span> <span class='ocrx_word' id='word_1_75' title='bbox 1645 1603 1706 1655; x_wconf 90' lang='lat' dir='ltr'>me</span> <span class='ocrx_word' id='word_1_76' title='bbox 1733 1578 1817 1657; x_wconf 90' lang='lat' dir='ltr'>sine</span> <span class='ocrx_word' id='word_1_77' title='bbox 1839 1577 2034 1666; x_wconf 81' lang='lat' dir='ltr'>liberisano</span> 
     </span>
     <span class='ocr_line' id='line_1_12' title="bbox 299 1683 2035 1798; baseline 0.002 -28"><span class='ocrx_word' id='word_1_78' title='bbox 299 1691 365 1770; x_wconf 94' lang='lat' dir='ltr'>bis</span> <span class='ocrx_word' id='word_1_79' title='bbox 393 1689 628 1798; x_wconf 87' lang='lat' dir='ltr'>procreatis,</span> <span class='ocrx_word' id='word_1_80' title='bbox 657 1693 758 1767; x_wconf 91' lang='lat' dir='ltr'>mori</span> <span class='ocrx_word' id='word_1_81' title='bbox 787 1683 1011 1791; x_wconf 78' lang='lat' dir='ltr'>contingat,</span> <span class='ocrx_word' id='word_1_82' title='bbox 1045 1683 1129 1790; x_wconf 90' lang='lat' dir='ltr'>ipsa</span> <span class='ocrx_word' id='word_1_83' title='bbox 1159 1711 1261 1765; x_wconf 84' lang='lat' dir='ltr'>vxor</span> <span class='ocrx_word' id='word_1_84' title='bbox 1290 1711 1377 1764; x_wconf 87' lang='lat' dir='ltr'>mea</span> <span class='ocrx_word' id='word_1_85' title='bbox 1407 1683 1587 1792; x_wconf 87' lang='lat' dir='ltr'>predicta</span> <span class='ocrx_word' id='word_1_86' title='bbox 1617 1683 1766 1766; x_wconf 90' lang='lat' dir='ltr'>dietam</span> <span class='ocrx_word' id='word_1_87' title='bbox 1800 1691 1934 1770; x_wconf 84' lang='lat' dir='ltr'>curiam</span> <span class='ocrx_word' id='word_1_88' title='bbox 1953 1721 2035 1775; x_wconf 87' lang='lat' dir='ltr'>nean</span> 
     </span>
     <span class='ocr_line' id='line_1_13' title="bbox 300 1793 2035 1916; baseline 0.002 -35"><span class='ocrx_word' id='word_1_89' title='bbox 300 1799 603 1881; x_wconf 83' lang='lat' dir='ltr'>ireuocabiliter</span> <span class='ocrx_word' id='word_1_90' title='bbox 659 1794 893 1906; x_wconf 78' lang='lat' dir='ltr'>possidebit,</span> <span class='ocrx_word' id='word_1_91' title='bbox 933 1797 975 1872; x_wconf 93' lang='lat' dir='ltr'>in</span> <span class='ocrx_word' id='word_1_92' title='bbox 1020 1793 1188 1875; x_wconf 88' lang='lat' dir='ltr'>heredes</span> <span class='ocrx_word' id='word_1_93' title='bbox 1230 1821 1324 1916; x_wconf 77' lang='lat' dir='ltr'>suos</span> <span class='ocrx_word' id='word_1_94' title='bbox 1368 1822 1645 1907; x_wconf 88' lang='lat' dir='ltr'>quoscumque</span> <span class='ocrx_word' id='word_1_95' title='bbox 1688 1815 1781 1904; x_wconf 91' lang='lat' dir='ltr'>post</span> <span class='ocrx_word' id='word_1_96' title='bbox 1807 1800 1920 1906; x_wconf 88' lang='lat' dir='ltr'>ipsam</span> <span class='ocrx_word' id='word_1_97' title='bbox 1955 1802 2035 1884; x_wconf 83' lang='lat' dir='ltr'>libere</span> 
     </span>
    </p>
   </div>
   <div class='ocr_carea' id='block_1_6' title="bbox 209 1905 2094 2020">
    <p class='ocr_par' dir='ltr' id='par_1_6' title="bbox 209 1905 2094 2020">
     <span class='ocr_line' id='line_1_14' title="bbox 209 1905 2094 2020; baseline 0 -27"><span class='ocrx_word' id='word_1_98' title='bbox 209 1919 215 1924; x_wconf 83' lang='grc'>’</span> <span class='ocrx_word' id='word_1_99' title='bbox 298 1908 637 2004; x_wconf 63' lang='lat' dir='ltr'>transferendam,</span> <span class='ocrx_word' id='word_1_100' title='bbox 665 1909 699 1986; x_wconf 93' lang='lat' dir='ltr'>si</span> <span class='ocrx_word' id='word_1_101' title='bbox 727 1932 824 1986; x_wconf 86' lang='lat' dir='ltr'>vero</span> <span class='ocrx_word' id='word_1_102' title='bbox 853 1933 915 1986; x_wconf 90' lang='lat' dir='ltr'>me</span> <span class='ocrx_word' id='word_1_103' title='bbox 943 1905 1159 2013; x_wconf 88' lang='lat' dir='ltr'>superstite</span> <span class='ocrx_word' id='word_1_104' title='bbox 1188 1905 1276 2014; x_wconf 87' lang='lat' dir='ltr'>ipsa</span> <span class='ocrx_word' id='word_1_105' title='bbox 1318 1935 1422 1988; x_wconf 83' lang='lat' dir='ltr'>vxor</span> <span class='ocrx_word' id='word_1_106' title='bbox 1460 1935 1546 1988; x_wconf 88' lang='lat' dir='ltr'>mea</span> <span class='ocrx_word' id='word_1_107' title='bbox 1575 1910 1660 1988; x_wconf 90' lang='lat' dir='ltr'>sine</span> <span class='ocrx_word' id='word_1_108' title='bbox 1690 1907 1828 1989; x_wconf 88' lang='lat' dir='ltr'>liberis</span> <span class='ocrx_word' id='word_1_109' title='bbox 1853 1928 1893 1990; x_wconf 80' lang='lat' dir='ltr'>tt</span> <span class='ocrx_word' id='word_1_110' title='bbox 1922 1915 2037 2020; x_wconf 87' lang='lat' dir='ltr'>prenis-</span> <span class='ocrx_word' id='word_1_111' title='bbox 2093 1933 2094 1938; x_wconf 70' lang='lat'>‘</span> 
     </span>
    </p>
   </div>
   <div class='ocr_carea' id='block_1_7' title="bbox 300 2014 2040 2466">
    <p class='ocr_par' dir='ltr' id='par_1_7' title="bbox 300 2014 2040 2466">
     <span class='ocr_line' id='line_1_15' title="bbox 301 2014 2037 2124; baseline 0 -22"><span class='ocrx_word' id='word_1_112' title='bbox 301 2050 391 2104; x_wconf 86' lang='lat' dir='ltr'>sum</span> <span class='ocrx_word' id='word_1_113' title='bbox 420 2037 480 2102; x_wconf 90' lang='lat' dir='ltr'>est</span> <span class='ocrx_word' id='word_1_114' title='bbox 508 2017 558 2100; x_wconf 89' lang='lat' dir='ltr'>de</span> <span class='ocrx_word' id='word_1_115' title='bbox 588 2017 720 2100; x_wconf 90' lang='lat' dir='ltr'>medio</span> <span class='ocrx_word' id='word_1_116' title='bbox 748 2015 906 2100; x_wconf 87' lang='lat' dir='ltr'>sublata</span> <span class='ocrx_word' id='word_1_117' title='bbox 936 2014 1073 2113; x_wconf 84' lang='lat' dir='ltr'>fuerit,</span> <span class='ocrx_word' id='word_1_118' title='bbox 1102 2018 1189 2124; x_wconf 88' lang='lat' dir='ltr'>ipsa</span> <span class='ocrx_word' id='word_1_119' title='bbox 1220 2017 1327 2100; x_wconf 83' lang='lat' dir='ltr'>bona</span> <span class='ocrx_word' id='word_1_120' title='bbox 1357 2019 1405 2100; x_wconf 91' lang='lat' dir='ltr'>ad</span> <span class='ocrx_word' id='word_1_121' title='bbox 1437 2046 1499 2100; x_wconf 88' lang='lat' dir='ltr'>me</span> <span class='ocrx_word' id='word_1_122' title='bbox 1536 2035 1576 2100; x_wconf 91' lang='lat' dir='ltr'>et</span> <span class='ocrx_word' id='word_1_123' title='bbox 1620 2017 1787 2102; x_wconf 87' lang='lat' dir='ltr'>heredes</span> <span class='ocrx_word' id='word_1_124' title='bbox 1828 2047 1924 2102; x_wconf 90' lang='lat' dir='ltr'>meos</span> <span class='ocrx_word' id='word_1_125' title='bbox 1957 2022 2037 2104; x_wconf 83' lang='lat' dir='ltr'>libert</span> 
     </span>
     <span class='ocr_line' id='line_1_16' title="bbox 300 2126 2040 2240; baseline -0.001 -26"><span class='ocrx_word' id='word_1_126' title='bbox 300 2147 576 2226; x_wconf 81' lang='lat' dir='ltr'>reuertuntur,</span> <span class='ocrx_word' id='word_1_127' title='bbox 596 2129 716 2240; x_wconf 84' lang='lat' dir='ltr'>quod</span> <span class='ocrx_word' id='word_1_128' title='bbox 746 2126 860 2210; x_wconf 88' lang='lat' dir='ltr'>side</span> <span class='ocrx_word' id='word_1_129' title='bbox 889 2154 951 2208; x_wconf 89' lang='lat' dir='ltr'>me</span> <span class='ocrx_word' id='word_1_130' title='bbox 979 2142 1021 2208; x_wconf 88' lang='lat' dir='ltr'>et</span> <span class='ocrx_word' id='word_1_131' title='bbox 1049 2127 1136 2235; x_wconf 87' lang='lat' dir='ltr'>ipsa</span> <span class='ocrx_word' id='word_1_132' title='bbox 1167 2127 1286 2209; x_wconf 89' lang='lat' dir='ltr'>liberi</span> <span class='ocrx_word' id='word_1_133' title='bbox 1314 2129 1700 2237; x_wconf 31' lang='lat' dir='ltr'>procreati-luerint,</span> <span class='ocrx_word' id='word_1_134' title='bbox 1732 2127 1896 2239; x_wconf 85' lang='lat' dir='ltr'>predicti</span> <span class='ocrx_word' id='word_1_135' title='bbox 1919 2131 2040 2214; x_wconf 83' lang='lat' dir='ltr'>liben&#39;et</span> 
     </span>
     <span class='ocr_line' id='line_1_17' title="bbox 301 2236 2038 2352; baseline -0.002 -26"><span class='ocrx_word' id='word_1_136' title='bbox 301 2271 387 2326; x_wconf 90' lang='lat' dir='ltr'>non</span> <span class='ocrx_word' id='word_1_137' title='bbox 416 2243 483 2322; x_wconf 88' lang='lat' dir='ltr'>alii</span> <span class='ocrx_word' id='word_1_138' title='bbox 514 2238 565 2322; x_wconf 89' lang='lat' dir='ltr'>de</span> <span class='ocrx_word' id='word_1_139' title='bbox 593 2237 773 2321; x_wconf 86' lang='lat' dir='ltr'>secundo</span> <span class='ocrx_word' id='word_1_140' title='bbox 816 2240 1072 2320; x_wconf 90' lang='lat' dir='ltr'>matrimonio</span> <span class='ocrx_word' id='word_1_141' title='bbox 1102 2236 1153 2319; x_wconf 90' lang='lat' dir='ltr'>de</span> <span class='ocrx_word' id='word_1_142' title='bbox 1194 2265 1257 2319; x_wconf 90' lang='lat' dir='ltr'>me</span> <span class='ocrx_word' id='word_1_143' title='bbox 1285 2240 1349 2321; x_wconf 86' lang='lat' dir='ltr'>vel</span> <span class='ocrx_word' id='word_1_144' title='bbox 1379 2241 1463 2352; x_wconf 81' lang='lat' dir='ltr'>ipsa</span> <span class='ocrx_word' id='word_1_145' title='bbox 1492 2243 1631 2350; x_wconf 85' lang='lat' dir='ltr'>geniti,</span> <span class='ocrx_word' id='word_1_146' title='bbox 1664 2241 1844 2348; x_wconf 89' lang='lat' dir='ltr'>predicta</span> <span class='ocrx_word' id='word_1_147' title='bbox 1870 2242 2038 2322; x_wconf 89' lang='lat' dir='ltr'>bonatau-</span> 
     </span>
     <span class='ocr_line' id='line_1_18' title="bbox 303 2349 2040 2466; baseline -0.001 -32"><span class='ocrx_word' id='word_1_148' title='bbox 303 2382 426 2466; x_wconf 84' lang='lat' dir='ltr'>quam</span> <span class='ocrx_word' id='word_1_149' title='bbox 455 2350 762 2433; x_wconf 83' lang='lat' dir='ltr'>matrimonialia</span> <span class='ocrx_word' id='word_1_150' title='bbox 791 2367 831 2432; x_wconf 91' lang='lat' dir='ltr'>et</span> <span class='ocrx_word' id='word_1_151' title='bbox 858 2377 942 2430; x_wconf 95' lang='lat' dir='ltr'>non</span> <span class='ocrx_word' id='word_1_152' title='bbox 972 2349 1282 2459; x_wconf 85' lang='lat' dir='ltr'>patrimonialia,</span> <span class='ocrx_word' id='word_1_153' title='bbox 1302 2353 1521 2459; x_wconf 86' lang='lat' dir='ltr'>recipiant,</span> <span class='ocrx_word' id='word_1_154' title='bbox 1548 2354 1635 2434; x_wconf 91' lang='lat' dir='ltr'>iure</span> <span class='ocrx_word' id='word_1_155' title='bbox 1650 2353 1890 2435; x_wconf 82' lang='lat' dir='ltr'>hereditario</span> <span class='ocrx_word' id='word_1_156' title='bbox 1902 2371 2040 2462; x_wconf 79' lang='lat' dir='ltr'>perpetue</span> 
     </span>
    </p>
   </div>
   <div class='ocr_carea' id='block_1_8' title="bbox 169 2427 2094 2684">
    <p class='ocr_par' dir='ltr' id='par_1_8' title="bbox 169 2427 2094 2684">
     <span class='ocr_line' id='line_1_19' title="bbox 169 2427 2094 2575; baseline -0.001 -31"><span class='ocrx_word' id='word_1_157' title='bbox 169 2467 175 2474; x_wconf 80' lang='grc'><strong>’</strong></span> <span class='ocrx_word' id='word_1_158' title='bbox 304 2461 561 2575; x_wconf 89' lang='lat' dir='ltr'>possidenda,</span> <span class='ocrx_word' id='word_1_159' title='bbox 589 2468 642 2546; x_wconf 84' lang='lat' dir='ltr'>Jn</span> <span class='ocrx_word' id='word_1_160' title='bbox 669 2464 784 2544; x_wconf 90' lang='lat' dir='ltr'>cuius</span> <span class='ocrx_word' id='word_1_161' title='bbox 812 2461 1050 2546; x_wconf 82' lang='lat' dir='ltr'>donacionis</span> <span class='ocrx_word' id='word_1_162' title='bbox 1078 2463 1353 2544; x_wconf 88' lang='lat' dir='ltr'>testimonium</span> <span class='ocrx_word' id='word_1_163' title='bbox 1381 2463 1557 2573; x_wconf 84' lang='lat' dir='ltr'>sigillum</span> <span class='ocrx_word' id='word_1_164' title='bbox 1586 2490 1719 2546; x_wconf 87' lang='lat' dir='ltr'>meum</span> <span class='ocrx_word' id='word_1_165' title='bbox 1748 2464 1978 2574; x_wconf 84' lang='lat' dir='ltr'>presentibus</span> <span class='ocrx_word' id='word_1_166' title='bbox 2004 2478 2039 2545; x_wconf 83' lang='lat' dir='ltr'>ot</span> <span class='ocrx_word' id='word_1_167' title='bbox 2091 2427 2094 2540; x_wconf 89' lang='lat' dir='ltr'>l</span> 
     </span>
     <span class='ocr_line' id='line_1_20' title="bbox 2093 2641 2094 2684; baseline 0 0"><span class='ocrx_word' id='word_1_168' title='bbox 2093 2641 2094 2684; x_wconf 89' lang='lat' dir='ltr'>l</span> 
     </span>
    </p>
   </div>
   <div class='ocr_carea' id='block_1_9' title="bbox 306 2601 1415 2836">
    <p class='ocr_par' dir='ltr' id='par_1_9' title="bbox 306 2601 1415 2836">
     <span class='ocr_line' id='line_1_21' title="bbox 306 2601 541 2686; baseline 0 -30"><span class='ocrx_word' id='word_1_169' title='bbox 306 2601 541 2686; x_wconf 89' lang='lat' dir='ltr'>appensum.</span> 
     </span>
     <span class='ocr_line' id='line_1_22' title="bbox 989 2747 1415 2836; baseline -0.002 -23"><span class='ocrx_word' id='word_1_170' title='bbox 989 2747 1110 2836; x_wconf 67' lang='lat' dir='ltr'>sigillet</span> <span class='ocrx_word' id='word_1_171' title='bbox 1131 2758 1236 2814; x_wconf 72' lang='lat' dir='ltr'>ussum</span> <span class='ocrx_word' id='word_1_172' title='bbox 1255 2749 1415 2814; x_wconf 76' lang='lat' dir='ltr'>osladsdt.</span> 
     </span>
    </p>
   </div>
   <div class='ocr_carea' id='block_1_10' title="bbox 307 3034 1417 3263">
    <p class='ocr_par' dir='ltr' id='par_1_10' title="bbox 307 3034 1417 3263">
     <span class='ocr_line' id='line_1_23' title="bbox 307 3034 1417 3263; baseline -0.007 -38"><span class='ocrx_word' id='word_1_173' title='bbox 307 3034 472 3263; x_wconf 64' lang='lat' dir='ltr'><strong>i768.</strong></span> <span class='ocrx_word' id='word_1_174' title='bbox 673 3080 681 3093; x_wconf 93' lang='lat'>.</span> <span class='ocrx_word' id='word_1_175' title='bbox 961 3036 1417 3222; x_wconf 22' lang='lat'>&#39;1300-1310.</span> 
     </span>
    </p>
   </div>
   <div class='ocr_carea' id='block_1_11' title="bbox 358 3331 2044 3419">
    <p class='ocr_par' dir='ltr' id='par_1_11' title="bbox 358 3331 2044 3419">
     <span class='ocr_line' id='line_1_24' title="bbox 358 3331 2044 3419; baseline -0.005 -18"><span class='ocrx_word' id='word_1_176' title='bbox 358 3366 375 3385; x_wconf 90' lang='lat'><strong>·</strong></span> <span class='ocrx_word' id='word_1_177' title='bbox 387 3337 471 3401; x_wconf 73' lang='lat' dir='ltr'>Cass</span> <span class='ocrx_word' id='word_1_178' title='bbox 490 3336 713 3397; x_wconf 79' lang='lat' dir='ltr'>Guttunossous</span> <span class='ocrx_word' id='word_1_179' title='bbox 733 3332 878 3395; x_wconf 78' lang='lat' dir='ltr'>fullmakt</span> <span class='ocrx_word' id='word_1_180' title='bbox 898 3334 949 3397; x_wconf 78' lang='lat' dir='ltr'>fdr</span> <span class='ocrx_word' id='word_1_181' title='bbox 967 3334 1090 3396; x_wconf 80' lang='lat' dir='ltr'>Mdrteu</span> <span class='ocrx_word' id='word_1_182' title='bbox 1112 3336 1270 3406; x_wconf 85' lang='lat' dir='ltr'>Sveusson,</span> <span class='ocrx_word' id='word_1_183' title='bbox 1291 3344 1338 3395; x_wconf 88' lang='lat' dir='ltr'>att</span> <span class='ocrx_word' id='word_1_184' title='bbox 1358 3334 1442 3416; x_wconf 80' lang='lat' dir='ltr'>gilva</span> <span class='ocrx_word' id='word_1_185' title='bbox 1462 3334 1541 3395; x_wconf 81' lang='lat' dir='ltr'>festo</span> <span class='ocrx_word' id='word_1_186' title='bbox 1572 3336 1613 3417; x_wconf 81' lang='lat' dir='ltr'>pa</span> <span class='ocrx_word' id='word_1_187' title='bbox 1633 3335 1673 3397; x_wconf 85' lang='lat' dir='ltr'>de</span> <span class='ocrx_word' id='word_1_188' title='bbox 1692 3336 1809 3419; x_wconf 59' lang='lat' dir='ltr'>perdar</span> <span class='ocrx_word' id='word_1_189' title='bbox 1830 3340 1839 3399; x_wconf 91' lang='lat' dir='ltr'>i</span> <span class='ocrx_word' id='word_1_190' title='bbox 1870 3334 2001 3401; x_wconf 79' lang='lat' dir='ltr'>Ellvestad</span> <span class='ocrx_word' id='word_1_191' title='bbox 2013 3331 2044 3393; x_wconf 80' lang='lat' dir='ltr'>od</span> 
     </span>
    </p>
   </div>
   <div class='ocr_carea' id='block_1_12' title="bbox 433 3416 2005 3567">
    <p class='ocr_par' dir='ltr' id='par_1_12' title="bbox 433 3416 2005 3567">
     <span class='ocr_line' id='line_1_25' title="bbox 433 3416 1972 3552; baseline 0.006 -75"><span class='ocrx_word' id='word_1_192' title='bbox 433 3417 592 3502; x_wconf 67' lang='lat' dir='ltr'>Halmyd,</span> <span class='ocrx_word' id='word_1_193' title='bbox 613 3417 721 3479; x_wconf 79' lang='lat' dir='ltr'>bvilke</span> <span class='ocrx_word' id='word_1_194' title='bbox 744 3416 806 3479; x_wconf 89' lang='lat' dir='ltr'>bau</span> <span class='ocrx_word' id='word_1_195' title='bbox 826 3416 936 3479; x_wconf 78' lang='lat' dir='ltr'>fiirsdlt</span> <span class='ocrx_word' id='word_1_196' title='bbox 956 3418 1004 3480; x_wconf 87' lang='lat' dir='ltr'>till</span> <span class='ocrx_word' id='word_1_197' title='bbox 1025 3421 1071 3481; x_wconf 86' lang='lat' dir='ltr'>siu</span> <span class='ocrx_word' id='word_1_198' title='bbox 1092 3419 1239 3501; x_wconf 71' lang='lat' dir='ltr'>sltgtinge</span> <span class='ocrx_word' id='word_1_199' title='bbox 1258 3418 1351 3479; x_wconf 85' lang='lat' dir='ltr'>Peter</span> <span class='ocrx_word' id='word_1_200' title='bbox 1372 3417 1524 3483; x_wconf 72' lang='lat' dir='ltr'>car-usur.</span> <span class='ocrx_word' id='word_1_201' title='bbox 1600 3457 1608 3469; x_wconf 71' lang='lat'>=</span> <span class='ocrx_word' id='word_1_202' title='bbox 1953 3500 1972 3552; x_wconf 56' lang='lat' dir='ltr'>A</span> 
     </span>
     <span class='ocr_line' id='line_1_26' title="bbox 635 3518 2005 3567; baseline 0.018 -39"><span class='ocrx_word' id='word_1_203' title='bbox 635 3519 639 3528; x_wconf 84' lang='lat'>.</span> <span class='ocrx_word' id='word_1_204' title='bbox 1870 3543 1877 3551; x_wconf 87' lang='lat'>.</span> <span class='ocrx_word' id='word_1_205' title='bbox 1973 3518 2005 3567; x_wconf 73' lang='lat'>.7.</span> 
     </span>
    </p>
   </div>
   <div class='ocr_carea' id='block_1_13' title="bbox 305 3697 2051 4368">
    <p class='ocr_par' dir='ltr' id='par_1_13' title="bbox 305 3697 2051 4368">
     <span class='ocr_line' id='line_1_27' title="bbox 418 3697 2049 3811; baseline -0.004 -31"><span class='ocrx_word' id='word_1_206' title='bbox 418 3702 505 3811; x_wconf 84' lang='lat' dir='ltr'>Ego</span> <span class='ocrx_word' id='word_1_207' title='bbox 534 3702 730 3786; x_wconf 74' lang='lat' dir='ltr'>Knnonus</span> <span class='ocrx_word' id='word_1_208' title='bbox 772 3720 1076 3779; x_wconf 73' lang='lat' dir='ltr'>onnouonsson.</span> <span class='ocrx_word' id='word_1_209' title='bbox 1143 3699 1406 3805; x_wconf 85' lang='lat' dir='ltr'>Recognosco</span> <span class='ocrx_word' id='word_1_210' title='bbox 1449 3724 1510 3778; x_wconf 91' lang='lat' dir='ltr'>me</span> <span class='ocrx_word' id='word_1_211' title='bbox 1552 3701 1641 3781; x_wconf 85' lang='lat' dir='ltr'>viro</span> <span class='ocrx_word' id='word_1_212' title='bbox 1685 3697 1874 3783; x_wconf 89' lang='lat' dir='ltr'>discreto.</span> <span class='ocrx_word' id='word_1_213' title='bbox 1928 3700 2049 3779; x_wconf 80' lang='lat' dir='ltr'>Martius</span> 
     </span>
     <span class='ocr_line' id='line_1_28' title="bbox 306 3810 2050 3919; baseline -0.006 -21"><span class='ocrx_word' id='word_1_214' title='bbox 306 3838 509 3899; x_wconf 89' lang='lat' dir='ltr'>swensson</span> <span class='ocrx_word' id='word_1_215' title='bbox 539 3811 699 3919; x_wconf 89' lang='lat' dir='ltr'>plenam</span> <span class='ocrx_word' id='word_1_216' title='bbox 727 3810 987 3890; x_wconf 86' lang='lat' dir='ltr'>commississe</span> <span class='ocrx_word' id='word_1_217' title='bbox 1017 3824 1255 3919; x_wconf 89' lang='lat' dir='ltr'>potestatem</span> <span class='ocrx_word' id='word_1_218' title='bbox 1294 3837 1366 3917; x_wconf 90' lang='lat' dir='ltr'>per</span> <span class='ocrx_word' id='word_1_219' title='bbox 1409 3826 1615 3917; x_wconf 87' lang='lat' dir='ltr'>presentes</span> <span class='ocrx_word' id='word_1_220' title='bbox 1663 3811 1716 3892; x_wconf 88' lang='lat' dir='ltr'>ad</span> <span class='ocrx_word' id='word_1_221' title='bbox 1757 3810 1935 3893; x_wconf 90' lang='lat' dir='ltr'>dandum</span> <span class='ocrx_word' id='word_1_222' title='bbox 1973 3827 2050 3890; x_wconf 85' lang='lat' dir='ltr'>testes</span> 
     </span>
     <span class='ocr_line' id='line_1_29' title="bbox 305 3914 2047 4031; baseline -0.006 -24"><span class='ocrx_word' id='word_1_223' title='bbox 305 3924 499 4008; x_wconf 84' lang='lat' dir='ltr'>firmarios</span> <span class='ocrx_word' id='word_1_224' title='bbox 527 3922 727 4031; x_wconf 83' lang='lat' dir='ltr'>wlgaliter</span> <span class='ocrx_word' id='word_1_225' title='bbox 755 3918 884 4001; x_wconf 91' lang='lat' dir='ltr'>dictos</span> <span class='ocrx_word' id='word_1_226' title='bbox 910 3918 1025 4003; x_wconf 76' lang='lat' dir='ltr'>fastae</span> <span class='ocrx_word' id='word_1_227' title='bbox 1047 3914 1214 4000; x_wconf 70' lang='lat' dir='ltr'>&#39;nomine</span> <span class='ocrx_word' id='word_1_228' title='bbox 1243 3947 1342 4000; x_wconf 89' lang='lat' dir='ltr'>meo.</span> <span class='ocrx_word' id='word_1_229' title='bbox 1373 3919 1461 3999; x_wconf 86' lang='lat' dir='ltr'>viro</span> <span class='ocrx_word' id='word_1_230' title='bbox 1477 3920 1607 4001; x_wconf 92' lang='lat' dir='ltr'>nobili</span> <span class='ocrx_word' id='word_1_231' title='bbox 1635 3936 1687 4011; x_wconf 68' lang='lat' dir='ltr'>et,</span> <span class='ocrx_word' id='word_1_232' title='bbox 1703 3923 1989 4029; x_wconf 85' lang='lat' dir='ltr'>consanguineo</span> <span class='ocrx_word' id='word_1_233' title='bbox 2006 3918 2047 3997; x_wconf 88' lang='lat' dir='ltr'>ln·</span> 
     </span>
     <span class='ocr_line' id='line_1_30' title="bbox 305 4028 2051 4143; baseline -0.006 -26"><span class='ocrx_word' id='word_1_234' title='bbox 305 4036 462 4117; x_wconf 86' lang='lat' dir='ltr'>rissimo</span> <span class='ocrx_word' id='word_1_235' title='bbox 491 4036 611 4114; x_wconf 89' lang='lat' dir='ltr'>Petro</span> <span class='ocrx_word' id='word_1_236' title='bbox 639 4030 835 4111; x_wconf 86' lang='lat' dir='ltr'>Karlsson</span> <span class='ocrx_word' id='word_1_237' title='bbox 863 4058 985 4139; x_wconf 91' lang='lat' dir='ltr'>super</span> <span class='ocrx_word' id='word_1_238' title='bbox 1012 4028 1165 4141; x_wconf 89' lang='lat' dir='ltr'>prediis</span> <span class='ocrx_word' id='word_1_239' title='bbox 1193 4032 1233 4111; x_wconf 92' lang='lat' dir='ltr'>in</span> <span class='ocrx_word' id='word_1_240' title='bbox 1262 4028 1546 4113; x_wconf 86' lang='lat' dir='ltr'>eluaestadbum</span> <span class='ocrx_word' id='word_1_241' title='bbox 1570 4047 1611 4113; x_wconf 88' lang='lat' dir='ltr'>et</span> <span class='ocrx_word' id='word_1_242' title='bbox 1629 4031 1798 4115; x_wconf 77' lang='lat' dir='ltr'>hatarid</span> <span class='ocrx_word' id='word_1_243' title='bbox 1828 4032 1903 4117; x_wconf 89' lang='lat' dir='ltr'>sibi</span> <span class='ocrx_word' id='word_1_244' title='bbox 1929 4061 1990 4143; x_wconf 90' lang='lat' dir='ltr'>per</span> <span class='ocrx_word' id='word_1_245' title='bbox 2015 4055 2051 4109; x_wconf 80' lang='lat' dir='ltr'>ne</span> 
     </span>
     <span class='ocr_line' id='line_1_31' title="bbox 305 4140 2049 4255; baseline -0.005 -26"><span class='ocrx_word' id='word_1_246' title='bbox 305 4146 489 4229; x_wconf 88' lang='lat' dir='ltr'>dimissis.</span> <span class='ocrx_word' id='word_1_247' title='bbox 546 4144 664 4224; x_wconf 91' lang='lat' dir='ltr'>sicuti</span> <span class='ocrx_word' id='word_1_248' title='bbox 688 4170 692 4177; x_wconf 81' lang='grc'><strong>’</strong></span> <span class='ocrx_word' id='word_1_249' title='bbox 705 4142 752 4253; x_wconf 85' lang='lat' dir='ltr'>jn</span> <span class='ocrx_word' id='word_1_250' title='bbox 780 4142 925 4222; x_wconf 88' lang='lat' dir='ltr'>litteris</span> <span class='ocrx_word' id='word_1_251' title='bbox 954 4144 1051 4222; x_wconf 91' lang='lat' dir='ltr'>meis</span> <span class='ocrx_word' id='word_1_252' title='bbox 1078 4169 1201 4250; x_wconf 90' lang='lat' dir='ltr'>super</span> <span class='ocrx_word' id='word_1_253' title='bbox 1229 4140 1307 4224; x_wconf 90' lang='lat' dir='ltr'>boc</span> <span class='ocrx_word' id='word_1_254' title='bbox 1336 4140 1531 4222; x_wconf 88' lang='lat' dir='ltr'>conlectis</span> <span class='ocrx_word' id='word_1_255' title='bbox 1561 4144 1772 4225; x_wconf 81' lang='lat' dir='ltr'>manifesto</span> <span class='ocrx_word' id='word_1_256' title='bbox 1803 4144 1931 4255; x_wconf 91' lang='lat' dir='ltr'>liquet</span> <span class='ocrx_word' id='word_1_257' title='bbox 1953 4159 1986 4225; x_wconf 86' lang='lat' dir='ltr'>et</span> <span class='ocrx_word' id='word_1_258' title='bbox 2008 4167 2049 4249; x_wconf 86' lang='lat' dir='ltr'>ap</span> 
     </span>
     <span class='ocr_line' id='line_1_32' title="bbox 306 4253 1896 4368; baseline -0.001 -28"><span class='ocrx_word' id='word_1_259' title='bbox 306 4273 421 4368; x_wconf 86' lang='lat' dir='ltr'>paret</span> <span class='ocrx_word' id='word_1_260' title='bbox 463 4259 513 4337; x_wconf 91' lang='lat' dir='ltr'>Jn</span> <span class='ocrx_word' id='word_1_261' title='bbox 540 4255 655 4338; x_wconf 89' lang='lat' dir='ltr'>cuius</span> <span class='ocrx_word' id='word_1_262' title='bbox 683 4253 953 4335; x_wconf 89' lang='lat' dir='ltr'>testimonium</span> <span class='ocrx_word' id='word_1_263' title='bbox 981 4253 1156 4361; x_wconf 84' lang='lat' dir='ltr'>sigillum</span> <span class='ocrx_word' id='word_1_264' title='bbox 1187 4279 1317 4335; x_wconf 89' lang='lat' dir='ltr'>meum</span> <span class='ocrx_word' id='word_1_265' title='bbox 1346 4253 1601 4363; x_wconf 88' lang='lat' dir='ltr'>presentibus</span> <span class='ocrx_word' id='word_1_266' title='bbox 1629 4268 1688 4336; x_wconf 88' lang='lat' dir='ltr'>est</span> <span class='ocrx_word' id='word_1_267' title='bbox 1717 4254 1896 4338; x_wconf 81' lang='lat' dir='ltr'>affixum.</span> 
     </span>
    </p>
   </div>
   <div class='ocr_carea' id='block_1_14' title="bbox 720 4426 1677 4549">
    <p class='ocr_par' dir='ltr' id='par_1_14' title="bbox 720 4426 1677 4549">
     <span class='ocr_line' id='line_1_33' title="bbox 720 4426 1677 4549; baseline 0.001 -22"><span class='ocrx_word' id='word_1_268' title='bbox 720 4461 840 4546; x_wconf 65' lang='lat' dir='ltr'>sigillet</span> <span class='ocrx_word' id='word_1_269' title='bbox 858 4460 1018 4526; x_wconf 77' lang='lat' dir='ltr'>bortssllet</span> <span class='ocrx_word' id='word_1_270' title='bbox 1038 4460 1108 4525; x_wconf 80' lang='lat' dir='ltr'>frtn</span> <span class='ocrx_word' id='word_1_271' title='bbox 1127 4459 1186 4523; x_wconf 85' lang='lat' dir='ltr'>den</span> <span class='ocrx_word' id='word_1_272' title='bbox 1208 4482 1248 4525; x_wconf 84' lang='lat' dir='ltr'>ur</span> <span class='ocrx_word' id='word_1_273' title='bbox 1268 4460 1390 4525; x_wconf 75' lang='lat' dir='ltr'>brelvet</span> <span class='ocrx_word' id='word_1_274' title='bbox 1409 4461 1530 4549; x_wconf 77' lang='lat' dir='ltr'>llippta</span> <span class='ocrx_word' id='word_1_275' title='bbox 1550 4426 1677 4529; x_wconf 57' lang='lat' dir='ltr'>semeso:</span> 
     </span>
    </p>
   </div>
   <div class='ocr_carea' id='block_1_15' title="bbox 0 0 2186 5972">
    <p class='ocr_par' dir='ltr' id='par_1_15' title="bbox 0 0 2186 5972">
     <span class='ocr_line' id='line_1_34' title="bbox 0 0 2186 5972; baseline 0 0"><span class='ocrx_word' id='word_1_276' title='bbox 0 0 2186 5972; x_wconf 95' lang='lat' dir='ltr'> </span> 
     </span>
    </p>
   </div>
  </div>
 </body>
</html>
