4317 5975
811 376 893 541 ιη’
1002 406 1084 512 527
1195 447 1252 482 ι-

142 624 220 706 hoc
249 625 405 706 inuenit
434 624 650 720 innostra,
678 639 720 704 et
748 623 919 706 fratrum
943 643 1173 710 nostrorum
1197 605 1396 737 presentia
1415 629 1553 709 retulit
1567 628 1791 738 diligenter.
1821 619 1964 712 Cum(

38 769 42 776 ·
140 764 221 845 que
250 752 387 818 nostre
415 736 654 816 intentionis
681 737 890 835 existeret,
933 728 1216 846 apud'sedem
1247 741 1458 848 'prefatam
1504 741 1732 821 huiusmodi
1769 741 1943 824 diffinire

141 851 364 956 negotium,
397 849 569 930 maxime
597 875 688 929 cum
719 852 845 956 ipsius
858 849 1024 933 ecclesie
1051 877 1148 934 carra
1179 869 1219 932 et
1250 855 1431 960 prouisio
1459 849 1509 932 dc
1539 851 1788 934 instituendo
1826 855 1868 936 in
1897 881 1943 933 ea

85 1030 91 1040 ,
143 977 320 1067 pastore,
348 958 399 1039 ad
437 987 511 1040 nos
541 956 769 1040 immediate
798 978 1011 1069 spectaret,
1040 961 1093 1041 ad
1123 963 1398 1070 predictorum
1430 955 1739 1071 procuratorum
1770 983 1810 1046 et
1840 995 1944 1045 uun·
2072 999 2075 1009 ¹

142 1067 290 1152 tiorum
320 1072 656 1179 supplicationem
686 1077 913 1168 instantem,
943 1072 1072 1152 eidem
1105 1074 1245 1153 Electo
1275 1076 1487 1156 adsedem
1519 1075 1685 1156 eandem
1716 1104 1791 1186 pro
1821 1078 1945 1184 ipsius

144 1185 431 1293 postulationis
459 1183 741 1292 prosecutione
770 1184 959 1265 ueniendi
988 1186 1256 1293 concessimus
1299 1184 1549 1282 facultatem,
1595 1189 1648 1270 Et
1672 1187 1843 1268 dentum,
1863 1206 1997 1268 tam-¹

143 1325 221 1406 pro
251 1295 517 1405 parteipsius,
537 1318 660 1404 quam
679 1315 902 1404 prunestre
933 1297 1120 1404 iamdicta
1144 1296 1426 1405 postulationis
1446 1300 1546 1378 serie
1575 1299 1780 1408 preposita
1810 1325 1947 1380 coram

142 1408 283 1505 nobis,
311 1425 358 1488 ut
387 1401 1210 1514 postutationem'admitteremuseandem
1241 1408 1317 1490 fuit
1343 1405 1832 1518 humilitersupplicatum
1863 1412 1947 1491 Nos

116 1523 269 1628 ¹igitur
299 1518 613 1627 postulationem
636 1520 865 1626 prefatam,
894 1522 1102 1630 ipsiusque
1145 1519 1272 1627 Electi
1320 1547 1533 1642 persuum
1576 1548 1650 1629 per
1677 1523 1947 1602 uenerabilem

143 1635 307 1713 fratrem
340 1630 581 1710 Nicolauum
596 1631 819 1717 Ostiensem
835 1649 875 1711 et
891 1633 1179 1718 Vellet'rensetn
1204 1633 1448 1744 Episcopum
1478 1649 1520 1712 et
1549 1628 1718 1714 dilectos
1746 1633 1846 1712 tilios
1876 1660 1973 1738 nm·¹

142 1765 247 1826 stros
275 1741 524 1849 Stephanum
555 1743 630 1824 ‚tit
659 1745 787 1823 sancti
817 1744 961 1825 Ciriaci
996 1747 1037 1822 in
1066 1747 1205 1827 termis
1235 1741 1515 1852 presbiterum,
1545 1763 1586 1824 et
1618 1746 1770 1824 Lucam
1798 1771 1948 1825 memo·
2079 1769 2083 1776 ’

9 1919 14 1933 .
143 1873 272 1936 ratum
303 1853 547 1948 Cardiuales,
576 1857 796 1935 examinari
826 1855 991 1936 fecimus
1020 1858 1315 1948 examinatione
1358 1856 1514 1951 solerti,
1543 1873 1583 1936 ct
1612 1855 1716 1936 facta
1747 1855 1863 1935 nobis
1897 1855 1948 1936 ab

141 1967 289 2049 eisdem
321 1966 525 2072 Episcopo
569 1982 609 2046 et
651 1965 939 2058 Cardinalibus
983 1993 1107 2074 super
1152 1967 1229 2047 hoc
1258 1966 1452 2048 relatione
1497 1965 1603 2048 fideti
1633 1958 1947 2076 postulationem

142 2073 385 2172 huiusmodi,
414 2076 536 2185 quam
564 2077 796 2158 inuenimus
828 2078 879 2160 de
911 2076 1067 2186 prefato
1098 2078 1240 2160 Electo
1271 2106 1441 2186 persona
1473 2078 1632 2186 ydonee
1660 2080 1853 2159 canonice
1882 2105 1946 2158 ce·
2077 2125 2096 2175 ,1

9 2200 13 2211 '
59 2263 72 2272 ,
141 2190 359 2282 lebratam,
387 2186 437 2268 de
469 2187 742 2295 predictorum
776 2190 979 2298 Episcopi,
1008 2205 1052 2268 et
1081 2189 1370 2282 Cardiualium,
1400 2219 1445 2271 ac
1469 2192 1639 2271 aliorum
1670 2188 1843 2270 fratrum
1874 2217 1974 2269 no-¹

143 2319 319 2382 strorum
349 2299 531 2394 consilio,
560 2327 607 2380 ac
637 2301 858 2410 apostolice
888 2301 1143 2409 plenitudine
1172 2305 1383 2408 potestatis
1428 2301 1617 2382 duximus
1647 2287 1948 2396 admittendum,

141 2417 355 2522 ipsumque
384 2437 408 2488 a
436 2411 602 2492 uinculo
630 2441 716 2522 quo
745 2411 961 2509 tenebatur
990 2412 1096 2494 dicte
1126 2413 1331 2494 Arosiensi
1374 2413 1557 2510 ecclesie,
1594 2413 1660 2492 ‘cui
1689 2432 1850 2520 preerat
1876 2414 1949 2514 ab·
1999 2496 2006 2506 ,
2106 2518 2108 2526 ν

142 2523 345 2605 soluentes
372 2549 464 2603 etam
493 2522 544 2604 ad
575 2523 740 2604 eandem
770 2524 1243 2633 ecclesiamvpsalensem
1260 2524 1535 2605 transtulimus
1564 2523 1730 2604 liberam
1760 2523 1949 2604 sibicon·

141 2631 552 2718 cedendolicentiam
583 2635 791 2744 adipeam
835 2636 1087 2745 upsalensem
1130 2636 1337 2717 ecclesiam
1381 2634 1628 2730 transeundi,
1658 2663 1878 2744 curamque
1907 2650 1948 2715 et

142 2747 530 2831 administrationem
558 2743 732 2828 eiusdem
762 2747 929 2829 ecclesie
957 2747 1177 2856 upsalensis
1218 2746 1346 2830 eidem
1389 2747 1530 2832 Electo
1572 2762 1654 2826 tam
1690 2747 1732 2826 in
1759 2746 1947 2855 spiritua·

94 2848 100 2862 ’
142 2859 269 2954 libus,
291 2885 413 2967 quam
444 2859 487 2939 iu
516 2859 809 2966 temporalibus
838 2857 1355 2968 plenariecommittendO,
1397 2874 1578 2943 tenentes
1607 2856 1791 2955 indubie,
1836 2853 1949 2966 quod

139 3001 233 3053 cum
262 2971 398 3079 ipsum
425 2969 679 3056 commendet
707 2973 873 3053 scientia
890 2971 1130 3067 litterarum,
1159 2989 1200 3055 et
1227 2970 1440 3054 laudabilis
1456 2971 1539 3053 uite
1568 2971 1758 3079 preconia
1789 2961 1830 3054 in
1862 2969 1949 3079 pla·
1983 3030 1986 3040 .

138 3084 344 3165 cabilitate
374 3084 695 3166 conuersationis
725 3083 936 3179 extollant,
966 3113 1012 3167 ac
1042 3110 1198 3165 morum
1216 3086 1393 3192 grauitas
1422 3084 1630 3163 honestate
1660 3080 1841 3177 decoret,
1878 3084 1949 3173 sit,-
1980 3178 1982 3186 Α

89 3266 96 3271 .
139 3221 220 3306 que
249 3196 292 3273 in
319 3192 600 3302 spiritualibus
629 3210 671 3274 et
698 3196 992 3303 temporalibus
1020 3190 1352 3305 circumspectus,
1381 3193 1564 3301 diligenti
1580 3218 1654 3279 suo
1677 3193 1828 3289 studio,
1857 3219 1949 3303 pre·

121 3306 223 3385 'fata
252 3306 476 3425 upsalensis
512 3306 700 3402 ecclesia,
751 3308 800 3390 ad
831 3310 947 3390 eitius
974 3331 1113 3389 curam
1142 3322 1184 3387 et
1210 3305 1521 3387 sollicitudinem
1552 3328 1634 3386 non
1666 3306 1796 3385 minus
1826 3322 1949 3412 prout
2019 3378 2023 3397 ,

141 3418 291 3501 deuote
321 3418 589 3525 supponimus
618 3416 684 3497 dei
716 3418 973 3526 prouidentia
1008 3446 1130 3529 quam
1158 3418 1366 3498 hominum
1395 3418 1631 3497 euocatione
1662 3432 1850 3509 uocatur,
1891 3420 1949 3495 sic

142 3558 166 3609 a
196 3529 327 3637 noxijs
356 3528 467 3608 illesa
496 3529 739 3624 seruabitur,
768 3528 880 3639 quod
903 3528 1086 3611 debono
1115 3532 1158 3609 in
1188 3529 1327 3609 melius
1350 3524 1637 3636 temporalibus
1657 3542 1807 3606 crescet
1836 3530 1951 3606 auxi·
2007 3627 2012 3638 Ι

145 3642 209 3747 liis
238 3657 278 3719 et
300 3640 584 3749 'spiritualium
628 3641 805 3721 sentiens
853 3644 1097 3723 incrementa
1140 3640 1357 3749 augebitur
1399 3638 1620 3719 uirtutibus
1663 3653 1703 3715 et
1746 3638 1949 3745 exemplis.

144 3753 345 3855 Quocirca
374 3754 626 3832 uniuersitati
656 3768 789 3832 uestre
819 3780 892 3859 per
918 3750 1144 3859 ,apostolica
1172 3753 1320 3857 scriptu
1351 3749 1595 3843 mandamus,
1625 3749 1817 3855 quatinus
1851 3776 1950 3837 eun·
1985 3842 2009 3862 Ι,
2128 3734 2135 3743 ’

140 3862 232 3945 dem
263 3863 446 3943 Electum
475 3878 670 3972 tanquam
702 3880 877 3970 patrem,
907 3882 948 3943 et
978 3878 1177 3969 pastorem
1194 3864 1415 3940 animarum
1438 3876 1659 3940 uestrarum
1690 3854 1836 3937 deuote
1864 3884 1950 3937 sus·

21 4064 25 4069 ,
142 3978 357 4085 cipientes,
385 3974 464 4055 sibi
492 3972 766 4054 obedientiam
794 3989 844 4051 et»
870 3974 1136 4055 reuerentiam
1166 3969 1320 4053 debitas
1350 3970 1591 4079 impendatis
1624 3970 1749 4075 ipsius
1777 3968 1949 4047 salubri-

142 4087 221 4171 bus
250 4087 413 4167 monitis
442 4074 711 4166 et'mandatis
740 4082 944 4185 humiliter
986 4080 1245 4185 intendendo.
1303 4082 1494 4191 Alioquin
1523 4080 1781 4178 sententiam,
1827 4108 1948 4188 quam

145 4199 249 4282 idem
280 4197 444 4277 Electus
473 4198 550 4276 rite
579 4194 718 4275 tulerit
738 4193 771 4306 *J
814 4196 857 4273 in
886 4195 1058 4275 rebelles
1085 4214 1212 4276 ratam
1243 4193 1481 4275 habebimus
1510 4210 1549 4273 et
1579 4192 1768 4273 faciemus
1813 4208 1948 4270 actore

145 4302 312 4393 domiuo
340 4334 468 4419 usque
496 4306 548 4387 ad
576 4306 887 4387 satisfactionem
918 4305 1159 4413 condignam
1190 4306 1480 4386 inuiolabiliter
1523 4302 1746 4412 obseruari,
1802 4304 1977 4401 Datum,

145 4423 321 4505 Pictauis
347 4420 387 4501 X
418 4418 497 4501 kat.
526 4418 621 4527 Maij
649 4419 911 4499 Pontificatus
938 4419 1068 4514 noemi
1097 4423 1218 4499 Anno
1247 4417 1398 4523 Tertio.

651 4562 702 4625 Pa
721 4564 908 4649 uppveclrtt:
933 4564 1122 4625 humbertus
1142 4582 1200 4647 pro
1221 4584 1252 4625 se
1273 4572 1304 4623 et
1319 4563 1448 4623 Jordan.

82 4701 89 4707 ·
147 4682 196 4747 Pa
207 4678 389 4765 frduuidan
409 4681 553 4763 bfuerrt:
573 4676 678 4741 (luido
698 4677 737 4740 de
758 4678 931 4754 Sumbucot
953 4680 1149 4761 nedanfdre:
1170 4678 1316 4760 Capitale
1336 4678 1463 4759 ecclesie
1485 4680 1650 4762 upsalensis
1670 4696 1714 4739 ει·
1728 4688 1819 4762 purte
1846 4674 1947 4737 usuca

593 4761 765 4826 renditsirui
785 4760 903 4825 domiui
929 4762 967 4823 N.
987 4762 1050 4840 sibi
1070 4761 1305 4845 archicpiscopi.

662 4858 829 4945 Blybullau
852 4859 1037 4941 bortfufleu,
1058 4860 1331 4945 segelgarnssnr'lret
1353 4881 1438 4944 quar.

145 4952 420 4974 m

191 5018 216 5095 ·)
237 5014 346 5077 tulerit
366 5020 406 5077 tir·
424 5032 493 5077 aue
514 5011 632 5095 gunges·
651 5011 788 5096 stayner
807 5015 822 5074 ἰ
842 5011 1017 5096 originalet.
