<?xml version="1.0" encoding="UTF-8"?>
<!DOCTYPE html PUBLIC "-//W3C//DTD XHTML 1.0 Transitional//EN"
    "http://www.w3.org/TR/xhtml1/DTD/xhtml1-transitional.dtd">
<html xmlns="http://www.w3.org/1999/xhtml" xml:lang="en" lang="en">
 <head>
  <title>
</title>
<meta http-equiv="Content-Type" content="text/html;charset=utf-8" />
  <meta name='ocr-system' content='tesseract 3.04.00' />
  <meta name='ocr-capabilities' content='ocr_page ocr_carea ocr_par ocr_line ocrx_word'/>
</head>
<body>
  <div class='ocr_page' id='page_1' title='image "./svensktdiplomat01swegoog/svensktdiplomat01swegoog_0642.png"; bbox 0 0 4317 5975; ppageno 0'>
   <div class='ocr_carea' id='block_1_1' title="bbox 782 466 1197 611">
    <p class='ocr_par' dir='ltr' id='par_1_1' title="bbox 782 466 1197 611">
     <span class='ocr_line' id='line_1_1' title="bbox 782 466 1197 611; baseline -0.031 -47"><span class='ocrx_word' id='word_1_1' title='bbox 782 510 842 531; x_wconf 89' lang='lat'><strong>···</strong></span> <span class='ocrx_word' id='word_1_2' title='bbox 948 466 1030 566; x_wconf 69' lang='lat'><strong>453</strong></span> <span class='ocrx_word' id='word_1_3' title='bbox 1134 512 1197 611; x_wconf 90' lang='grc' dir='ltr'><strong>Ι--</strong></span> 
     </span>
    </p>
   </div>
   <div class='ocr_carea' id='block_1_2' title="bbox 107 686 1237 848">
    <p class='ocr_par' dir='ltr' id='par_1_2' title="bbox 107 686 1237 848">
     <span class='ocr_line' id='line_1_2' title="bbox 107 686 1237 848; baseline -0.008 -35"><span class='ocrx_word' id='word_1_4' title='bbox 107 718 265 848; x_wconf 68' lang='grc'>1474..</span> <span class='ocrx_word' id='word_1_5' title='bbox 377 690 381 699; x_wconf 42' lang='grc'>’</span> <span class='ocrx_word' id='word_1_6' title='bbox 603 750 608 757; x_wconf 93' lang='grc'>·</span> <span class='ocrx_word' id='word_1_7' title='bbox 715 686 1237 830; x_wconf 74' lang='lat' dir='ltr'><strong>1305&#39;d.1a&#39;luli.</strong></span> 
     </span>
    </p>
   </div>
   <div class='ocr_carea' id='block_1_3' title="bbox 169 872 1883 1111">
    <p class='ocr_par' dir='ltr' id='par_1_3' title="bbox 169 872 1883 1111">
     <span class='ocr_line' id='line_1_3' title="bbox 169 872 1883 1003; baseline 0.001 -17"><span class='ocrx_word' id='word_1_8' title='bbox 169 919 301 986; x_wconf 80' lang='lat' dir='ltr'><strong>Henriir</strong></span> <span class='ocrx_word' id='word_1_9' title='bbox 322 872 500 981; x_wconf 74' lang='lat' dir='ltr'><strong>albensem</strong></span> <span class='ocrx_word' id='word_1_10' title='bbox 521 916 654 999; x_wconf 77' lang='lat' dir='ltr'><strong>quittens</strong></span> <span class='ocrx_word' id='word_1_11' title='bbox 673 916 714 1002; x_wconf 79' lang='lat' dir='ltr'><strong>pa</strong></span> <span class='ocrx_word' id='word_1_12' title='bbox 730 936 788 978; x_wconf 87' lang='lat' dir='ltr'><strong>roo</strong></span> <span class='ocrx_word' id='word_1_13' title='bbox 799 917 888 978; x_wconf 78' lang='lat' dir='ltr'><strong>marl</strong></span> <span class='ocrx_word' id='word_1_14' title='bbox 905 921 1091 1003; x_wconf 81' lang='lat' dir='ltr'><strong>penningar,</strong></span> <span class='ocrx_word' id='word_1_15' title='bbox 1114 918 1220 983; x_wconf 73' lang='lat' dir='ltr'><strong>heilka</strong></span> <span class='ocrx_word' id='word_1_16' title='bbox 1232 918 1386 983; x_wconf 77' lang='lat' dir='ltr'><strong>Iohannes</strong></span> <span class='ocrx_word' id='word_1_17' title='bbox 1398 922 1566 988; x_wconf 81' lang='lat' dir='ltr'><strong>Folkerson</strong></span> <span class='ocrx_word' id='word_1_18' title='bbox 1579 925 1627 987; x_wconf 92' lang='lat' dir='ltr'><strong>till</strong></span> <span class='ocrx_word' id='word_1_19' title='bbox 1640 923 1754 988; x_wconf 86' lang='lat' dir='ltr'><strong>honora</strong></span> <span class='ocrx_word' id='word_1_20' title='bbox 1777 904 1883 990; x_wconf 77' lang='lat' dir='ltr'><strong>beialt.</strong></span> 
     </span>
     <span class='ocr_line' id='line_1_4' title="bbox 1605 1040 1749 1111; baseline 0.021 -18"><span class='ocrx_word' id='word_1_21' title='bbox 1605 1040 1630 1095; x_wconf 76' lang='lat' dir='ltr'><strong>J.</strong></span> <span class='ocrx_word' id='word_1_22' title='bbox 1648 1042 1673 1095; x_wconf 86' lang='lat'><strong>6:</strong></span> <span class='ocrx_word' id='word_1_23' title='bbox 1692 1042 1749 1111; x_wconf 77' lang='lat'><strong>329.</strong></span> 
     </span>
    </p>
   </div>
   <div class='ocr_carea' id='block_1_4' title="bbox 196 1167 2104 1281">
    <p class='ocr_par' dir='ltr' id='par_1_4' title="bbox 196 1167 2104 1281">
     <span class='ocr_line' id='line_1_5' title="bbox 196 1167 2104 1281; baseline 0.002 -30"><span class='ocrx_word' id='word_1_24' title='bbox 196 1167 399 1251; x_wconf 89' lang='lat' dir='ltr'><strong>Omnibus</strong></span> <span class='ocrx_word' id='word_1_25' title='bbox 434 1183 648 1275; x_wconf 75' lang='lat' dir='ltr'><strong>praesentes</strong></span> <span class='ocrx_word' id='word_1_26' title='bbox 693 1167 829 1247; x_wconf 84' lang='lat' dir='ltr'><strong>literas</strong></span> <span class='ocrx_word' id='word_1_27' title='bbox 872 1170 1035 1266; x_wconf 86' lang='lat' dir='ltr'><strong>visuris,</strong></span> <span class='ocrx_word' id='word_1_28' title='bbox 1078 1170 1274 1249; x_wconf 68' lang='lat' dir='ltr'><strong>ramices</strong></span> <span class='ocrx_word' id='word_1_29' title='bbox 1306 1168 1355 1250; x_wconf 89' lang='lat' dir='ltr'><strong>de</strong></span> <span class='ocrx_word' id='word_1_30' title='bbox 1384 1171 1523 1253; x_wconf 90' lang='lat' dir='ltr'><strong>lessom</strong></span> <span class='ocrx_word' id='word_1_31' title='bbox 1570 1176 1812 1281; x_wconf 84' lang='lat' dir='ltr'><strong>perhennem</strong></span> <span class='ocrx_word' id='word_1_32' title='bbox 1842 1184 1884 1261; x_wconf 88' lang='lat' dir='ltr'><strong>in</strong></span> <span class='ocrx_word' id='word_1_33' title='bbox 1984 1200 2019 1247; x_wconf 63' lang='grc' dir='ltr'><strong>ι·</strong></span> <span class='ocrx_word' id='word_1_34' title='bbox 2099 1246 2104 1255; x_wconf 96' lang='grc'><em>.</em></span> 
     </span>
    </p>
   </div>
   <div class='ocr_carea' id='block_1_5' title="bbox 11 1278 1934 1949">
    <p class='ocr_par' dir='ltr' id='par_1_5' title="bbox 11 1278 1934 1949">
     <span class='ocr_line' id='line_1_6' title="bbox 96 1278 1885 1387; baseline 0.003 -23"><span class='ocrx_word' id='word_1_35' title='bbox 96 1284 262 1364; x_wconf 87' lang='lat' dir='ltr'><strong>Domino</strong></span> <span class='ocrx_word' id='word_1_36' title='bbox 291 1279 469 1358; x_wconf 88' lang='lat' dir='ltr'><strong>salutem.</strong></span> <span class='ocrx_word' id='word_1_37' title='bbox 499 1278 699 1357; x_wconf 90' lang='lat' dir='ltr'><strong>Nouerint</strong></span> <span class='ocrx_word' id='word_1_38' title='bbox 729 1278 927 1387; x_wconf 85' lang='lat' dir='ltr'><strong>vnlnersj,</strong></span> <span class='ocrx_word' id='word_1_39' title='bbox 956 1308 1018 1361; x_wconf 87' lang='lat' dir='ltr'><strong>me</strong></span> <span class='ocrx_word' id='word_1_40' title='bbox 1047 1308 1069 1360; x_wconf 88' lang='lat' dir='ltr'><strong>a</strong></span> <span class='ocrx_word' id='word_1_41' title='bbox 1101 1278 1227 1360; x_wconf 89' lang='lat' dir='ltr'><strong>nobili</strong></span> <span class='ocrx_word' id='word_1_42' title='bbox 1243 1282 1331 1359; x_wconf 90' lang='lat' dir='ltr'><strong>viro</strong></span> <span class='ocrx_word' id='word_1_43' title='bbox 1345 1280 1523 1364; x_wconf 87' lang='lat' dir='ltr'><strong>Iohanne</strong></span> <span class='ocrx_word' id='word_1_44' title='bbox 1551 1285 1771 1367; x_wconf 75' lang='lat' dir='ltr'><strong>Folltasson</strong></span> <span class='ocrx_word' id='word_1_45' title='bbox 1793 1317 1885 1370; x_wconf 87' lang='lat' dir='ltr'><strong>cen-</strong></span> 
     </span>
     <span class='ocr_line' id='line_1_7' title="bbox 11 1387 1886 1509; baseline 0.004 -34"><span class='ocrx_word' id='word_1_46' title='bbox 11 1426 15 1435; x_wconf 94' lang='lat'>·</span> <span class='ocrx_word' id='word_1_47' title='bbox 96 1410 173 1493; x_wconf 76' lang='lat' dir='ltr'><strong>tum</strong></span> <span class='ocrx_word' id='word_1_48' title='bbox 203 1388 375 1471; x_wconf 86' lang='lat' dir='ltr'><strong>marchis</strong></span> <span class='ocrx_word' id='word_1_49' title='bbox 402 1387 660 1469; x_wconf 88' lang='lat' dir='ltr'><strong>denariorum</strong></span> <span class='ocrx_word' id='word_1_50' title='bbox 677 1416 786 1468; x_wconf 92' lang='lat' dir='ltr'><strong>nunc</strong></span> <span class='ocrx_word' id='word_1_51' title='bbox 815 1392 1060 1471; x_wconf 90' lang='lat' dir='ltr'><strong>currentium</strong></span> <span class='ocrx_word' id='word_1_52' title='bbox 1091 1392 1132 1469; x_wconf 88' lang='lat' dir='ltr'><strong>in</strong></span> <span class='ocrx_word' id='word_1_53' title='bbox 1164 1390 1312 1499; x_wconf 89' lang='lat' dir='ltr'><strong>quibus</strong></span> <span class='ocrx_word' id='word_1_54' title='bbox 1342 1392 1438 1471; x_wconf 90' lang='lat' dir='ltr'><strong>mihi</strong></span> <span class='ocrx_word' id='word_1_55' title='bbox 1461 1397 1653 1475; x_wconf 87' lang='lat' dir='ltr'><strong>veraciter</strong></span> <span class='ocrx_word' id='word_1_56' title='bbox 1683 1400 1886 1509; x_wconf 83' lang='lat' dir='ltr'><strong>obligatus</strong></span> 
     </span>
     <span class='ocr_line' id='line_1_8' title="bbox 96 1498 1885 1607; baseline 0.003 -22"><span class='ocrx_word' id='word_1_57' title='bbox 96 1503 404 1607; x_wconf 84' lang='lat' dir='ltr'><strong>lueratintegre</strong></span> <span class='ocrx_word' id='word_1_58' title='bbox 433 1498 684 1596; x_wconf 88' lang='lat' dir='ltr'><strong>subleuasse,</strong></span> <span class='ocrx_word' id='word_1_59' title='bbox 718 1500 842 1606; x_wconf 85' lang='lat' dir='ltr'><strong>igitur</strong></span> <span class='ocrx_word' id='word_1_60' title='bbox 870 1500 1041 1582; x_wconf 92' lang='lat' dir='ltr'><strong>eundem</strong></span> <span class='ocrx_word' id='word_1_61' title='bbox 1072 1502 1293 1582; x_wconf 86' lang='lat' dir='ltr'><strong>Iohannem</strong></span> <span class='ocrx_word' id='word_1_62' title='bbox 1323 1499 1372 1582; x_wconf 90' lang='lat' dir='ltr'><strong>de</strong></span> <span class='ocrx_word' id='word_1_63' title='bbox 1402 1502 1548 1585; x_wconf 90' lang='lat' dir='ltr'><strong>eisdem</strong></span> <span class='ocrx_word' id='word_1_64' title='bbox 1579 1508 1750 1589; x_wconf 83' lang='lat' dir='ltr'><strong>Centum</strong></span> <span class='ocrx_word' id='word_1_65' title='bbox 1780 1540 1885 1591; x_wconf 90' lang='lat' dir='ltr'><strong>mar·</strong></span> 
     </span>
     <span class='ocr_line' id='line_1_9' title="bbox 95 1604 1934 1725; baseline 0.001 -29"><span class='ocrx_word' id='word_1_66' title='bbox 95 1616 173 1697; x_wconf 85' lang='lat' dir='ltr'><strong>obis</strong></span> <span class='ocrx_word' id='word_1_67' title='bbox 200 1604 462 1693; x_wconf 86' lang='lat' dir='ltr'><strong>denariorum</strong></span> <span class='ocrx_word' id='word_1_68' title='bbox 488 1609 658 1690; x_wconf 91' lang='lat' dir='ltr'><strong>liberum</strong></span> <span class='ocrx_word' id='word_1_69' title='bbox 704 1610 833 1690; x_wconf 89' lang='lat' dir='ltr'><strong>habeo</strong></span> <span class='ocrx_word' id='word_1_70' title='bbox 871 1629 994 1725; x_wconf 86' lang='lat' dir='ltr'><strong>atque</strong></span> <span class='ocrx_word' id='word_1_71' title='bbox 1035 1614 1224 1722; x_wconf 89' lang='lat' dir='ltr'><strong>quittum.</strong></span> <span class='ocrx_word' id='word_1_72' title='bbox 1256 1613 1302 1691; x_wconf 93' lang='lat' dir='ltr'><strong>In</strong></span> <span class='ocrx_word' id='word_1_73' title='bbox 1332 1617 1446 1695; x_wconf 89' lang='lat' dir='ltr'><strong>cuius</strong></span> <span class='ocrx_word' id='word_1_74' title='bbox 1489 1618 1545 1696; x_wconf 91' lang='lat' dir='ltr'><strong>rei</strong></span> <span class='ocrx_word' id='word_1_75' title='bbox 1575 1616 1886 1718; x_wconf 86' lang='lat' dir='ltr'><strong>Testimonium,</strong></span> <span class='ocrx_word' id='word_1_76' title='bbox 1931 1690 1934 1697; x_wconf 80' lang='grc'>,</span> 
     </span>
     <span class='ocr_line' id='line_1_10' title="bbox 93 1718 1884 1835; baseline 0.004 -29"><span class='ocrx_word' id='word_1_77' title='bbox 93 1726 271 1835; x_wconf 82' lang='lat' dir='ltr'><strong>Sigillum</strong></span> <span class='ocrx_word' id='word_1_78' title='bbox 315 1750 446 1802; x_wconf 89' lang='lat' dir='ltr'><strong>meum</strong></span> <span class='ocrx_word' id='word_1_79' title='bbox 490 1718 754 1830; x_wconf 88' lang='lat' dir='ltr'><strong>praesentibus</strong></span> <span class='ocrx_word' id='word_1_80' title='bbox 796 1741 855 1802; x_wconf 90' lang='lat' dir='ltr'><strong>est</strong></span> <span class='ocrx_word' id='word_1_81' title='bbox 898 1750 1132 1833; x_wconf 86' lang='lat' dir='ltr'><strong>appensum.</strong></span> <span class='ocrx_word' id='word_1_82' title='bbox 1182 1726 1331 1803; x_wconf 88' lang='lat' dir='ltr'><strong>Datum</strong></span> <span class='ocrx_word' id='word_1_83' title='bbox 1359 1729 1481 1806; x_wconf 90' lang='lat' dir='ltr'><strong>Anno</strong></span> <span class='ocrx_word' id='word_1_84' title='bbox 1514 1728 1677 1809; x_wconf 86' lang='lat' dir='ltr'><strong>Domini</strong></span> <span class='ocrx_word' id='word_1_85' title='bbox 1705 1730 1755 1812; x_wconf 89' lang='grc' dir='ltr'><strong>Μ.</strong></span> <span class='ocrx_word' id='word_1_86' title='bbox 1772 1732 1884 1813; x_wconf 90' lang='lat' dir='ltr'>CCC.</span> 
     </span>
     <span class='ocr_line' id='line_1_11' title="bbox 95 1833 1308 1949; baseline -0.001 -31"><span class='ocrx_word' id='word_1_87' title='bbox 95 1838 245 1949; x_wconf 88' lang='lat' dir='ltr'><strong>quinto.</strong></span> <span class='ocrx_word' id='word_1_88' title='bbox 275 1833 373 1914; x_wconf 79' lang='lat' dir='ltr'><strong>feria</strong></span> <span class='ocrx_word' id='word_1_89' title='bbox 401 1848 548 1944; x_wconf 87' lang='lat' dir='ltr'><strong>quarta</strong></span> <span class='ocrx_word' id='word_1_90' title='bbox 576 1834 758 1941; x_wconf 84' lang='lat' dir='ltr'><strong>proxima</strong></span> <span class='ocrx_word' id='word_1_91' title='bbox 788 1852 880 1941; x_wconf 91' lang='lat' dir='ltr'><strong>post</strong></span> <span class='ocrx_word' id='word_1_92' title='bbox 908 1836 1057 1914; x_wconf 90' lang='lat' dir='ltr'><strong>Canuti</strong></span> <span class='ocrx_word' id='word_1_93' title='bbox 1086 1836 1205 1941; x_wconf 83' lang='lat' dir='ltr'><strong>Regis</strong></span> <span class='ocrx_word' id='word_1_94' title='bbox 1234 1850 1308 1917; x_wconf 86' lang='lat' dir='ltr'><strong>etc.</strong></span> 
     </span>
    </p>
   </div>
   <div class='ocr_carea' id='block_1_6' title="bbox 473 1974 1501 2060">
    <p class='ocr_par' dir='ltr' id='par_1_6' title="bbox 473 1974 1501 2060">
     <span class='ocr_line' id='line_1_12' title="bbox 473 1974 1501 2060; baseline 0.005 -24"><span class='ocrx_word' id='word_1_95' title='bbox 473 1974 592 2058; x_wconf 80' lang='lat' dir='ltr'><strong>sigillet</strong></span> <span class='ocrx_word' id='word_1_96' title='bbox 612 1974 687 2055; x_wconf 87' lang='lat' dir='ltr'><strong>har,</strong></span> <span class='ocrx_word' id='word_1_97' title='bbox 709 1977 806 2057; x_wconf 80' lang='lat' dir='ltr'><strong>euligt</strong></span> <span class='ocrx_word' id='word_1_98' title='bbox 828 1977 1026 2060; x_wconf 75' lang='lat' dir='ltr'><strong>teclningcn‚</strong></span> <span class='ocrx_word' id='word_1_99' title='bbox 1054 1978 1133 2039; x_wconf 82' lang='lat' dir='ltr'><strong>verit</strong></span> <span class='ocrx_word' id='word_1_100' title='bbox 1156 1976 1202 2039; x_wconf 91' lang='lat' dir='ltr'><strong>till</strong></span> <span class='ocrx_word' id='word_1_101' title='bbox 1225 1974 1340 2041; x_wconf 66' lang='lat' dir='ltr'><strong>heisten</strong></span> <span class='ocrx_word' id='word_1_102' title='bbox 1362 1978 1501 2041; x_wconf 81' lang='lat' dir='ltr'><strong>sladedt.</strong></span> 
     </span>
    </p>
   </div>
   <div class='ocr_carea' id='block_1_7' title="bbox 106 2341 1264 2487">
    <p class='ocr_par' dir='ltr' id='par_1_7' title="bbox 106 2341 1264 2487">
     <span class='ocr_line' id='line_1_13' title="bbox 106 2341 1264 2487; baseline -0.004 -37"><span class='ocrx_word' id='word_1_103' title='bbox 106 2346 269 2487; x_wconf 69' lang='lat'>1475.</span> <span class='ocrx_word' id='word_1_104' title='bbox 377 2360 409 2382; x_wconf 70' lang='lat'><strong><em>²</em></strong></span> <span class='ocrx_word' id='word_1_105' title='bbox 744 2343 886 2449; x_wconf 79' lang='lat'>1305</span> <span class='ocrx_word' id='word_1_106' title='bbox 933 2342 983 2447; x_wconf 92' lang='lat' dir='ltr'><strong>d.</strong></span> <span class='ocrx_word' id='word_1_107' title='bbox 1039 2382 1103 2485; x_wconf 87' lang='lat'><strong>17</strong></span> <span class='ocrx_word' id='word_1_108' title='bbox 1152 2341 1264 2447; x_wconf 86' lang='lat' dir='ltr'><strong>Juli.</strong></span> 
     </span>
    </p>
   </div>
   <div class='ocr_carea' id='block_1_8' title="bbox 173 2560 1890 2731">
    <p class='ocr_par' dir='ltr' id='par_1_8' title="bbox 173 2560 1890 2731">
     <span class='ocr_line' id='line_1_14' title="bbox 173 2560 1889 2645; baseline 0 -18"><span class='ocrx_word' id='word_1_109' title='bbox 173 2565 284 2628; x_wconf 84' lang='lat' dir='ltr'><strong>Priora</strong></span> <span class='ocrx_word' id='word_1_110' title='bbox 306 2564 427 2625; x_wconf 72' lang='lat' dir='ltr'><strong>temes</strong></span> <span class='ocrx_word' id='word_1_111' title='bbox 446 2563 508 2625; x_wconf 91' lang='lat' dir='ltr'><strong>och</strong></span> <span class='ocrx_word' id='word_1_112' title='bbox 531 2560 733 2624; x_wconf 78' lang='lat' dir='ltr'><strong>Kouvrerers</strong></span> <span class='ocrx_word' id='word_1_113' title='bbox 755 2565 765 2623; x_wconf 91' lang='lat' dir='ltr'><strong>i</strong></span> <span class='ocrx_word' id='word_1_114' title='bbox 787 2564 915 2645; x_wconf 82' lang='lat' dir='ltr'><strong>Sigtuna</strong></span> <span class='ocrx_word' id='word_1_115' title='bbox 938 2563 1110 2643; x_wconf 75' lang='lat' dir='ltr'><strong>lb&#39;rhlaring</strong></span> <span class='ocrx_word' id='word_1_116' title='bbox 1131 2562 1190 2624; x_wconf 87' lang='lat' dir='ltr'><strong>och</strong></span> <span class='ocrx_word' id='word_1_117' title='bbox 1213 2562 1393 2627; x_wconf 75' lang='lat' dir='ltr'><strong>hemstallan</strong></span> <span class='ocrx_word' id='word_1_118' title='bbox 1422 2565 1467 2626; x_wconf 89' lang='lat' dir='ltr'><strong>till</strong></span> <span class='ocrx_word' id='word_1_119' title='bbox 1489 2566 1797 2629; x_wconf 83' lang='lat' dir='ltr'><strong>Provincial-Priorn</strong></span> <span class='ocrx_word' id='word_1_120' title='bbox 1829 2566 1889 2631; x_wconf 83' lang='lat' dir='ltr'><strong>och</strong></span> 
     </span>
     <span class='ocr_line' id='line_1_15' title="bbox 223 2644 1890 2731; baseline 0.002 -24"><span class='ocrx_word' id='word_1_121' title='bbox 223 2646 401 2707; x_wconf 84' lang='lat' dir='ltr'><strong>Konventet</strong></span> <span class='ocrx_word' id='word_1_122' title='bbox 422 2646 432 2704; x_wconf 93' lang='lat' dir='ltr'><strong>i</strong></span> <span class='ocrx_word' id='word_1_123' title='bbox 454 2644 622 2726; x_wconf 78' lang='lat' dir='ltr'><strong>skeninge‚</strong></span> <span class='ocrx_word' id='word_1_124' title='bbox 644 2644 777 2707; x_wconf 80' lang='lat' dir='ltr'><strong>riirande</strong></span> <span class='ocrx_word' id='word_1_125' title='bbox 800 2648 909 2709; x_wconf 84' lang='lat' dir='ltr'><strong>tvisten</strong></span> <span class='ocrx_word' id='word_1_126' title='bbox 933 2644 1004 2709; x_wconf 84' lang='lat' dir='ltr'><strong>med</strong></span> <span class='ocrx_word' id='word_1_127' title='bbox 1026 2646 1153 2727; x_wconf 81' lang='lat' dir='ltr'><strong>Sigtuua</strong></span> <span class='ocrx_word' id='word_1_128' title='bbox 1181 2647 1297 2709; x_wconf 76' lang='lat' dir='ltr'><strong>kloster</strong></span> <span class='ocrx_word' id='word_1_129' title='bbox 1317 2669 1368 2709; x_wconf 90' lang='lat' dir='ltr'><strong>om</strong></span> <span class='ocrx_word' id='word_1_130' title='bbox 1394 2647 1578 2731; x_wconf 76' lang='lat' dir='ltr'><strong>rtttigheteu</strong></span> <span class='ocrx_word' id='word_1_131' title='bbox 1602 2652 1647 2711; x_wconf 84' lang='lat' dir='ltr'><strong>till</strong></span> <span class='ocrx_word' id='word_1_132' title='bbox 1671 2649 1890 2731; x_wconf 71' lang='lat' dir='ltr'><strong>Sjtlaboderne</strong></span> 
     </span>
    </p>
   </div>
   <div class='ocr_carea' id='block_1_9' title="bbox 123 2724 1756 2867">
    <p class='ocr_par' dir='ltr' id='par_1_9' title="bbox 123 2724 1756 2867">
     <span class='ocr_line' id='line_1_16' title="bbox 123 2724 455 2791; baseline -0.006 0"><span class='ocrx_word' id='word_1_133' title='bbox 123 2761 127 2769; x_wconf 91' lang='lat'>·</span> <span class='ocrx_word' id='word_1_134' title='bbox 226 2731 238 2791; x_wconf 91' lang='lat' dir='ltr'><strong>i</strong></span> <span class='ocrx_word' id='word_1_135' title='bbox 261 2724 455 2791; x_wconf 72' lang='lat' dir='ltr'><strong>Stoclbolm·</strong></span> 
     </span>
     <span class='ocr_line' id='line_1_17' title="bbox 1638 2812 1756 2867; baseline 0.008 -3"><span class='ocrx_word' id='word_1_136' title='bbox 1638 2812 1673 2865; x_wconf 83' lang='lat' dir='ltr'><strong>A.</strong></span> <span class='ocrx_word' id='word_1_137' title='bbox 1691 2814 1714 2867; x_wconf 76' lang='lat'><strong>3.</strong></span> <span class='ocrx_word' id='word_1_138' title='bbox 1733 2832 1756 2867; x_wconf 87' lang='lat' dir='ltr'><strong>c.</strong></span> 
     </span>
    </p>
   </div>
   <div class='ocr_carea' id='block_1_10' title="bbox 96 2918 1891 3166">
    <p class='ocr_par' dir='ltr' id='par_1_10' title="bbox 96 2918 1891 3166">
     <span class='ocr_line' id='line_1_18' title="bbox 172 2918 1891 3056; baseline 0.001 -30"><span class='ocrx_word' id='word_1_139' title='bbox 172 2918 452 3027; x_wconf 61' lang='lat' dir='ltr'><strong>&#39;Reuerendis</strong></span> <span class='ocrx_word' id='word_1_140' title='bbox 500 2947 540 3026; x_wconf 94' lang='lat' dir='ltr'><strong>in</strong></span> <span class='ocrx_word' id='word_1_141' title='bbox 585 2942 736 3025; x_wconf 86' lang='lat' dir='ltr'><strong>christo</strong></span> <span class='ocrx_word' id='word_1_142' title='bbox 788 2946 990 3051; x_wconf 91' lang='lat' dir='ltr'><strong>patribus,</strong></span> <span class='ocrx_word' id='word_1_143' title='bbox 1034 2944 1167 3055; x_wconf 87' lang='lat' dir='ltr'><strong>Priorj</strong></span> <span class='ocrx_word' id='word_1_144' title='bbox 1211 2944 1468 3056; x_wconf 87' lang='lat' dir='ltr'><strong>prouincialj,</strong></span> <span class='ocrx_word' id='word_1_145' title='bbox 1521 2965 1561 3027; x_wconf 89' lang='lat' dir='ltr'><strong>et</strong></span> <span class='ocrx_word' id='word_1_146' title='bbox 1603 2938 1891 3029; x_wconf 82' lang='lat' dir='ltr'><strong>diffinitoribus</strong></span> 
     </span>
     <span class='ocr_line' id='line_1_19' title="bbox 96 3053 1890 3166; baseline -0.001 -25"><span class='ocrx_word' id='word_1_147' title='bbox 96 3065 137 3141; x_wconf 88' lang='lat' dir='ltr'><strong>in</strong></span> <span class='ocrx_word' id='word_1_148' title='bbox 166 3057 357 3166; x_wconf 89' lang='lat' dir='ltr'><strong>Capitnio</strong></span> <span class='ocrx_word' id='word_1_149' title='bbox 389 3056 652 3164; x_wconf 87' lang='lat' dir='ltr'><strong>prouincialj,</strong></span> <span class='ocrx_word' id='word_1_150' title='bbox 681 3053 890 3163; x_wconf 80' lang='lat' dir='ltr'><strong>skeningie</strong></span> <span class='ocrx_word' id='word_1_151' title='bbox 919 3055 1184 3155; x_wconf 88' lang='lat' dir='ltr'><strong>celebrando,</strong></span> <span class='ocrx_word' id='word_1_152' title='bbox 1213 3059 1354 3138; x_wconf 84' lang='lat' dir='ltr'><strong>Frater</strong></span> <span class='ocrx_word' id='word_1_153' title='bbox 1382 3063 1530 3138; x_wconf 78' lang='lat' dir='ltr'><strong>Jsallut</strong></span> <span class='ocrx_word' id='word_1_154' title='bbox 1571 3077 1611 3138; x_wconf 86' lang='lat' dir='ltr'><strong>et</strong></span> <span class='ocrx_word' id='word_1_155' title='bbox 1653 3083 1890 3140; x_wconf 72' lang='lat' dir='ltr'><strong>comentatus</strong></span> 
     </span>
    </p>
   </div>
   <div class='ocr_carea' id='block_1_11' title="bbox 38 3165 2154 3390">
    <p class='ocr_par' dir='ltr' id='par_1_11' title="bbox 38 3165 2154 3390">
     <span class='ocr_line' id='line_1_20' title="bbox 92 3165 2026 3277; baseline -0.002 -25"><span class='ocrx_word' id='word_1_156' title='bbox 92 3169 367 3262; x_wconf 88' lang='lat' dir='ltr'><strong>sictuniensis,</strong></span> <span class='ocrx_word' id='word_1_157' title='bbox 397 3169 694 3260; x_wconf 69' lang='lat' dir='ltr'><strong>⁸Reuerenciam</strong></span> <span class='ocrx_word' id='word_1_158' title='bbox 738 3182 778 3245; x_wconf 90' lang='lat' dir='ltr'><strong>et</strong></span> <span class='ocrx_word' id='word_1_159' title='bbox 812 3165 1087 3248; x_wconf 84' lang='lat' dir='ltr'><strong>obedienciam</strong></span> <span class='ocrx_word' id='word_1_160' title='bbox 1131 3169 1307 3250; x_wconf 88' lang='lat' dir='ltr'><strong>debitam</strong></span> <span class='ocrx_word' id='word_1_161' title='bbox 1350 3197 1440 3248; x_wconf 90' lang='lat' dir='ltr'><strong>cum</strong></span> <span class='ocrx_word' id='word_1_162' title='bbox 1474 3169 1620 3267; x_wconf 89' lang='lat' dir='ltr'><strong>salute,</strong></span> <span class='ocrx_word' id='word_1_163' title='bbox 1651 3169 1890 3277; x_wconf 87' lang='lat' dir='ltr'><strong>Paternitatj</strong></span> <span class='ocrx_word' id='word_1_164' title='bbox 2022 3199 2026 3208; x_wconf 71' lang='lat'><strong><em>¹</em></strong></span> 
     </span>
     <span class='ocr_line' id='line_1_21' title="bbox 38 3275 2154 3390; baseline -0.002 -28"><span class='ocrx_word' id='word_1_165' title='bbox 38 3281 45 3288; x_wconf 76' lang='grc'><strong>’</strong></span> <span class='ocrx_word' id='word_1_166' title='bbox 90 3299 224 3362; x_wconf 79' lang='lat' dir='ltr'><strong>vestre</strong></span> <span class='ocrx_word' id='word_1_167' title='bbox 253 3281 462 3384; x_wconf 83' lang='lat' dir='ltr'><strong>dirigimus</strong></span> <span class='ocrx_word' id='word_1_168' title='bbox 494 3276 685 3358; x_wconf 90' lang='lat' dir='ltr'><strong>articulos</strong></span> <span class='ocrx_word' id='word_1_169' title='bbox 714 3276 1011 3385; x_wconf 77' lang='lat' dir='ltr'><strong>infrascriptos,</strong></span> <span class='ocrx_word' id='word_1_170' title='bbox 1041 3279 1091 3358; x_wconf 92' lang='lat' dir='ltr'><strong>de</strong></span> <span class='ocrx_word' id='word_1_171' title='bbox 1118 3283 1304 3388; x_wconf 81' lang='lat' dir='ltr'><strong>negocio,</strong></span> <span class='ocrx_word' id='word_1_172' title='bbox 1344 3275 1456 3390; x_wconf 89' lang='lat' dir='ltr'><strong>quod</strong></span> <span class='ocrx_word' id='word_1_173' title='bbox 1485 3281 1657 3359; x_wconf 89' lang='lat' dir='ltr'><strong>uertitur</strong></span> <span class='ocrx_word' id='word_1_174' title='bbox 1687 3282 1789 3360; x_wconf 91' lang='lat' dir='ltr'><strong>inter</strong></span> <span class='ocrx_word' id='word_1_175' title='bbox 1820 3308 1891 3358; x_wconf 87' lang='lat' dir='ltr'><strong>nos</strong></span> <span class='ocrx_word' id='word_1_176' title='bbox 2006 3315 2011 3326; x_wconf 53' lang='lat'><strong>*</strong></span> <span class='ocrx_word' id='word_1_177' title='bbox 2145 3289 2154 3302; x_wconf 84' lang='lat'><strong><em>‘</em></strong></span> 
     </span>
    </p>
   </div>
   <div class='ocr_carea' id='block_1_12' title="bbox 88 3387 1894 4278">
    <p class='ocr_par' dir='ltr' id='par_1_12' title="bbox 91 3387 1892 3499">
     <span class='ocr_line' id='line_1_22' title="bbox 91 3387 1892 3499; baseline -0.002 -25"><span class='ocrx_word' id='word_1_178' title='bbox 91 3411 134 3474; x_wconf 82' lang='lat' dir='ltr'><strong>et</strong></span> <span class='ocrx_word' id='word_1_179' title='bbox 160 3391 307 3492; x_wconf 78' lang='lat' dir='ltr'><strong>fratres</strong></span> <span class='ocrx_word' id='word_1_180' title='bbox 336 3389 661 3496; x_wconf 82' lang='lat' dir='ltr'><strong>Strangienenses</strong></span> <span class='ocrx_word' id='word_1_181' title='bbox 691 3387 741 3468; x_wconf 88' lang='lat' dir='ltr'><strong>de</strong></span> <span class='ocrx_word' id='word_1_182' title='bbox 769 3387 1069 3495; x_wconf 82' lang='lat' dir='ltr'><strong>mendicacione</strong></span> <span class='ocrx_word' id='word_1_183' title='bbox 1097 3389 1196 3471; x_wconf 86' lang='lat' dir='ltr'><strong>foce.</strong></span> <span class='ocrx_word' id='word_1_184' title='bbox 1226 3393 1381 3470; x_wconf 90' lang='lat' dir='ltr'><strong>Primus</strong></span> <span class='ocrx_word' id='word_1_185' title='bbox 1410 3391 1624 3499; x_wconf 90' lang='lat' dir='ltr'><strong>est,&#39;quod</strong></span> <span class='ocrx_word' id='word_1_186' title='bbox 1655 3391 1819 3471; x_wconf 90' lang='lat' dir='ltr'><strong>taberne</strong></span> <span class='ocrx_word' id='word_1_187' title='bbox 1850 3393 1892 3470; x_wconf 91' lang='lat' dir='ltr'><strong>in</strong></span> 
     </span>
    </p>

    <p class='ocr_par' dir='ltr' id='par_1_13' title="bbox 88 3497 1894 4278">
     <span class='ocr_line' id='line_1_23' title="bbox 123 3497 1893 3611; baseline -0.001 -29"><span class='ocrx_word' id='word_1_188' title='bbox 123 3503 243 3584; x_wconf 92' lang='lat' dir='ltr'><strong>uibus</strong></span> <span class='ocrx_word' id='word_1_189' title='bbox 258 3501 345 3580; x_wconf 90' lang='lat' dir='ltr'><strong>foca</strong></span> <span class='ocrx_word' id='word_1_190' title='bbox 361 3502 631 3595; x_wconf 85' lang='lat' dir='ltr'><strong>mendicatur,</strong></span> <span class='ocrx_word' id='word_1_191' title='bbox 660 3497 844 3579; x_wconf 86' lang='lat' dir='ltr'><strong>adiacent</strong></span> <span class='ocrx_word' id='word_1_192' title='bbox 860 3515 900 3578; x_wconf 90' lang='lat' dir='ltr'><strong>et</strong></span> <span class='ocrx_word' id='word_1_193' title='bbox 917 3502 1119 3606; x_wconf 89' lang='lat' dir='ltr'><strong>pertinent</strong></span> <span class='ocrx_word' id='word_1_194' title='bbox 1135 3501 1228 3580; x_wconf 88' lang='lat' dir='ltr'><strong>ville</strong></span> <span class='ocrx_word' id='word_1_195' title='bbox 1249 3500 1553 3591; x_wconf 85' lang='lat' dir='ltr'><strong>stokholmensi,</strong></span> <span class='ocrx_word' id='word_1_196' title='bbox 1583 3517 1623 3580; x_wconf 90' lang='lat' dir='ltr'><strong>et</strong></span> <span class='ocrx_word' id='word_1_197' title='bbox 1644 3503 1757 3611; x_wconf 88' lang='lat' dir='ltr'><strong>quasi</strong></span> <span class='ocrx_word' id='word_1_198' title='bbox 1788 3503 1893 3581; x_wconf 90' lang='lat' dir='ltr'><strong>eius·</strong></span> 
     </span>
     <span class='ocr_line' id='line_1_24' title="bbox 88 3533 1892 3722; baseline -0.001 -28"><span class='ocrx_word' id='word_1_199' title='bbox 88 3533 181 3694; x_wconf 71' lang='lat' dir='ltr'><strong>dem</strong></span> <span class='ocrx_word' id='word_1_200' title='bbox 211 3611 304 3692; x_wconf 86' lang='lat' dir='ltr'><strong>ville</strong></span> <span class='ocrx_word' id='word_1_201' title='bbox 334 3637 426 3719; x_wconf 91' lang='lat' dir='ltr'><strong>pars</strong></span> <span class='ocrx_word' id='word_1_202' title='bbox 444 3630 561 3709; x_wconf 88' lang='lat' dir='ltr'><strong>sunt,</strong></span> <span class='ocrx_word' id='word_1_203' title='bbox 591 3609 698 3690; x_wconf 87' lang='lat' dir='ltr'><strong>vnde</strong></span> <span class='ocrx_word' id='word_1_204' title='bbox 726 3611 851 3722; x_wconf 92' lang='lat' dir='ltr'><strong>siquis</strong></span> <span class='ocrx_word' id='word_1_205' title='bbox 880 3608 1029 3690; x_wconf 91' lang='lat' dir='ltr'><strong>ibidem</strong></span> <span class='ocrx_word' id='word_1_206' title='bbox 1059 3613 1297 3708; x_wconf 87' lang='lat' dir='ltr'><strong>infirmatur,</strong></span> <span class='ocrx_word' id='word_1_207' title='bbox 1330 3612 1393 3690; x_wconf 89' lang='lat' dir='ltr'><strong>vel</strong></span> <span class='ocrx_word' id='word_1_208' title='bbox 1409 3614 1602 3702; x_wconf 90' lang='lat' dir='ltr'><strong>moritur,</strong></span> <span class='ocrx_word' id='word_1_209' title='bbox 1634 3641 1656 3691; x_wconf 89' lang='lat' dir='ltr'><strong>a</strong></span> <span class='ocrx_word' id='word_1_210' title='bbox 1686 3611 1892 3695; x_wconf 82' lang='lat' dir='ltr'><strong>sacerdote</strong></span> 
     </span>
     <span class='ocr_line' id='line_1_25' title="bbox 89 3722 1893 3830; baseline 0 -26"><span class='ocrx_word' id='word_1_211' title='bbox 89 3723 402 3805; x_wconf 84' lang='lat' dir='ltr'><strong>stohholmensis</strong></span> <span class='ocrx_word' id='word_1_212' title='bbox 432 3723 614 3819; x_wconf 90' lang='lat' dir='ltr'><strong>ecclesie,</strong></span> <span class='ocrx_word' id='word_1_213' title='bbox 657 3722 843 3802; x_wconf 89' lang='lat' dir='ltr'><strong>visitatur</strong></span> <span class='ocrx_word' id='word_1_214' title='bbox 870 3727 1210 3817; x_wconf 86' lang='lat' dir='ltr'><strong>communicatur,</strong></span> <span class='ocrx_word' id='word_1_215' title='bbox 1239 3740 1279 3802; x_wconf 90' lang='lat' dir='ltr'><strong>et</strong></span> <span class='ocrx_word' id='word_1_216' title='bbox 1308 3723 1503 3830; x_wconf 85' lang='lat' dir='ltr'><strong>sepelitur</strong></span> <span class='ocrx_word' id='word_1_217' title='bbox 1533 3725 1574 3804; x_wconf 91' lang='lat' dir='ltr'><strong>in</strong></span> <span class='ocrx_word' id='word_1_218' title='bbox 1604 3724 1799 3803; x_wconf 89' lang='lat' dir='ltr'><strong>cimiterio</strong></span> <span class='ocrx_word' id='word_1_219' title='bbox 1829 3744 1893 3804; x_wconf 88' lang='lat' dir='ltr'><strong>ec·</strong></span> 
     </span>
     <span class='ocr_line' id='line_1_26' title="bbox 88 3831 1892 3936; baseline -0.002 -19"><span class='ocrx_word' id='word_1_220' title='bbox 88 3836 211 3917; x_wconf 86' lang='lat' dir='ltr'><strong>clesie</strong></span> <span class='ocrx_word' id='word_1_221' title='bbox 239 3833 428 3914; x_wconf 90' lang='lat' dir='ltr'><strong>eiusdem.</strong></span> <span class='ocrx_word' id='word_1_222' title='bbox 457 3837 559 3914; x_wconf 85' lang='lat' dir='ltr'><strong>Jtem</strong></span> <span class='ocrx_word' id='word_1_223' title='bbox 590 3833 717 3911; x_wconf 89' lang='lat' dir='ltr'><strong>omnis</strong></span> <span class='ocrx_word' id='word_1_224' title='bbox 746 3831 855 3926; x_wconf 89' lang='lat' dir='ltr'><strong>foca,</strong></span> <span class='ocrx_word' id='word_1_225' title='bbox 897 3833 1133 3912; x_wconf 79' lang='lat' dir='ltr'><strong>stolrholmis</strong></span> <span class='ocrx_word' id='word_1_226' title='bbox 1162 3833 1352 3912; x_wconf 80' lang='lat' dir='ltr'><strong>venditur</strong></span> <span class='ocrx_word' id='word_1_227' title='bbox 1381 3851 1422 3914; x_wconf 90' lang='lat' dir='ltr'><strong>et</strong></span> <span class='ocrx_word' id='word_1_228' title='bbox 1451 3834 1628 3936; x_wconf 85' lang='lat' dir='ltr'><strong>emitur,</strong></span> <span class='ocrx_word' id='word_1_229' title='bbox 1646 3831 1715 3912; x_wconf 93' lang='lat' dir='ltr'><strong>sed</strong></span> <span class='ocrx_word' id='word_1_230' title='bbox 1743 3835 1892 3913; x_wconf 92' lang='lat' dir='ltr'><strong>solum·</strong></span> 
     </span>
     <span class='ocr_line' id='line_1_27' title="bbox 89 3940 1893 4054; baseline -0.002 -27"><span class='ocrx_word' id='word_1_231' title='bbox 89 3946 216 4030; x_wconf 90' lang='lat' dir='ltr'><strong>modo</strong></span> <span class='ocrx_word' id='word_1_232' title='bbox 244 3949 284 4026; x_wconf 92' lang='lat' dir='ltr'><strong>in</strong></span> <span class='ocrx_word' id='word_1_233' title='bbox 321 3941 438 4048; x_wconf 90' lang='lat' dir='ltr'><strong>dictis</strong></span> <span class='ocrx_word' id='word_1_234' title='bbox 479 3944 738 4034; x_wconf 69' lang='lat' dir='ltr'><strong>taberniae,</strong></span> <span class='ocrx_word' id='word_1_235' title='bbox 768 3940 1037 4040; x_wconf 82' lang='lat' dir='ltr'><strong>sialabodur&#39;n,</strong></span> <span class='ocrx_word' id='word_1_236' title='bbox 1079 3945 1174 4051; x_wconf 86' lang='lat' dir='ltr'><strong>quia</strong></span> <span class='ocrx_word' id='word_1_237' title='bbox 1221 3941 1519 4054; x_wconf 85' lang='lat' dir='ltr'><strong>aliquantulum</strong></span> <span class='ocrx_word' id='word_1_238' title='bbox 1569 3942 1766 4023; x_wconf 81' lang='lat' dir='ltr'><strong>distante</strong></span> <span class='ocrx_word' id='word_1_239' title='bbox 1797 3972 1893 4024; x_wconf 90' lang='lat' dir='ltr'><strong>eon-</strong></span> 
     </span>
     <span class='ocr_line' id='line_1_28' title="bbox 89 4051 1894 4164; baseline -0.002 -24"><span class='ocrx_word' id='word_1_240' title='bbox 89 4086 215 4140; x_wconf 86' lang='lat' dir='ltr'><strong>cursu</strong></span> <span class='ocrx_word' id='word_1_241' title='bbox 243 4053 532 4150; x_wconf 89' lang='lat' dir='ltr'><strong>multitudinis,</strong></span> <span class='ocrx_word' id='word_1_242' title='bbox 563 4070 730 4162; x_wconf 88' lang='lat' dir='ltr'><strong>propter</strong></span> <span class='ocrx_word' id='word_1_243' title='bbox 760 4051 947 4148; x_wconf 82' lang='lat' dir='ltr'><strong>fetorem,</strong></span> <span class='ocrx_word' id='word_1_244' title='bbox 977 4053 1065 4134; x_wconf 87' lang='lat' dir='ltr'><strong>loca</strong></span> <span class='ocrx_word' id='word_1_245' title='bbox 1097 4069 1365 4134; x_wconf 90' lang='lat' dir='ltr'><strong>mensuratur.</strong></span> <span class='ocrx_word' id='word_1_246' title='bbox 1416 4051 1624 4134; x_wconf 84' lang='lat' dir='ltr'><strong>Secundus</strong></span> <span class='ocrx_word' id='word_1_247' title='bbox 1653 4070 1733 4149; x_wconf 90' lang='lat' dir='ltr'><strong>est,</strong></span> <span class='ocrx_word' id='word_1_248' title='bbox 1779 4055 1894 4164; x_wconf 92' lang='lat' dir='ltr'><strong>quod</strong></span> 
     </span>
     <span class='ocr_line' id='line_1_29' title="bbox 90 4162 1892 4278; baseline -0.001 -30"><span class='ocrx_word' id='word_1_249' title='bbox 90 4195 254 4278; x_wconf 83' lang='lat' dir='ltr'><strong>semper</strong></span> <span class='ocrx_word' id='word_1_250' title='bbox 282 4166 553 4246; x_wconf 88' lang='lat' dir='ltr'><strong>habueramus</strong></span> <span class='ocrx_word' id='word_1_251' title='bbox 582 4163 789 4272; x_wconf 86' lang='lat' dir='ltr'><strong>hucusque</strong></span> <span class='ocrx_word' id='word_1_252' title='bbox 819 4162 966 4244; x_wconf 85' lang='lat' dir='ltr'><strong>dietam</strong></span> <span class='ocrx_word' id='word_1_253' title='bbox 996 4163 1333 4246; x_wconf 88' lang='lat' dir='ltr'><strong>mendicacionem</strong></span> <span class='ocrx_word' id='word_1_254' title='bbox 1363 4165 1446 4244; x_wconf 91' lang='lat' dir='ltr'><strong>sine</strong></span> <span class='ocrx_word' id='word_1_255' title='bbox 1476 4165 1732 4276; x_wconf 89' lang='lat' dir='ltr'><strong>impeticione</strong></span> <span class='ocrx_word' id='word_1_256' title='bbox 1761 4171 1892 4247; x_wconf 90' lang='lat' dir='ltr'><strong>euius·</strong></span> 
     </span>
    </p>
   </div>
   <div class='ocr_carea' id='block_1_13' title="bbox 87 4272 2014 4387">
    <p class='ocr_par' dir='ltr' id='par_1_14' title="bbox 87 4272 2014 4387">
     <span class='ocr_line' id='line_1_30' title="bbox 87 4272 2014 4387; baseline -0.002 -25"><span class='ocrx_word' id='word_1_257' title='bbox 87 4281 215 4375; x_wconf 85' lang='lat' dir='ltr'><strong>libet,</strong></span> <span class='ocrx_word' id='word_1_258' title='bbox 246 4281 287 4357; x_wconf 92' lang='lat' dir='ltr'><strong>in</strong></span> <span class='ocrx_word' id='word_1_259' title='bbox 317 4277 482 4384; x_wconf 87' lang='lat' dir='ltr'><strong>pacifica</strong></span> <span class='ocrx_word' id='word_1_260' title='bbox 511 4274 778 4384; x_wconf 88' lang='lat' dir='ltr'><strong>possessione,</strong></span> <span class='ocrx_word' id='word_1_261' title='bbox 812 4272 942 4355; x_wconf 87' lang='lat' dir='ltr'><strong>donec</strong></span> <span class='ocrx_word' id='word_1_262' title='bbox 972 4275 1096 4356; x_wconf 82' lang='lat' dir='ltr'><strong>frater</strong></span> <span class='ocrx_word' id='word_1_263' title='bbox 1124 4277 1389 4372; x_wconf 89' lang='lat' dir='ltr'><strong>Laureneius,</strong></span> <span class='ocrx_word' id='word_1_264' title='bbox 1431 4289 1528 4356; x_wconf 89' lang='lat' dir='ltr'><strong>tunc</strong></span> <span class='ocrx_word' id='word_1_265' title='bbox 1560 4275 1670 4383; x_wconf 91' lang='lat' dir='ltr'><strong>prior</strong></span> <span class='ocrx_word' id='word_1_266' title='bbox 1698 4280 1892 4383; x_wconf 84' lang='lat' dir='ltr'><strong>strengie·</strong></span> <span class='ocrx_word' id='word_1_267' title='bbox 2004 4273 2014 4387; x_wconf 25' lang='lat'><strong>‘-</strong></span> 
     </span>
    </p>
   </div>
   <div class='ocr_carea' id='block_1_14' title="bbox 87 4385 1962 4946">
    <p class='ocr_par' dir='ltr' id='par_1_15' title="bbox 87 4385 1962 4946">
     <span class='ocr_line' id='line_1_31' title="bbox 88 4385 1893 4491; baseline 0 -21"><span class='ocrx_word' id='word_1_268' title='bbox 88 4393 253 4491; x_wconf 82' lang='lat' dir='ltr'><strong>nensis,</strong></span> <span class='ocrx_word' id='word_1_269' title='bbox 281 4390 428 4484; x_wconf 91' lang='lat' dir='ltr'><strong>mouit,</strong></span> <span class='ocrx_word' id='word_1_270' title='bbox 448 4403 498 4468; x_wconf 84' lang='lat' dir='ltr'><strong>et</strong></span> <span class='ocrx_word' id='word_1_271' title='bbox 527 4388 634 4467; x_wconf 91' lang='lat' dir='ltr'><strong>misit</strong></span> <span class='ocrx_word' id='word_1_272' title='bbox 661 4385 825 4466; x_wconf 87' lang='lat' dir='ltr'><strong>fratrem</strong></span> <span class='ocrx_word' id='word_1_273' title='bbox 855 4387 1065 4484; x_wconf 86' lang='lat' dir='ltr'><strong>mathiam,</strong></span> <span class='ocrx_word' id='word_1_274' title='bbox 1095 4387 1246 4468; x_wconf 90' lang='lat' dir='ltr'><strong>dietum</strong></span> <span class='ocrx_word' id='word_1_275' title='bbox 1263 4387 1483 4483; x_wconf 90' lang='lat' dir='ltr'><strong>Cornhest,</strong></span> <span class='ocrx_word' id='word_1_276' title='bbox 1511 4389 1588 4467; x_wconf 85' lang='lat' dir='ltr'><strong>iam</strong></span> <span class='ocrx_word' id='word_1_277' title='bbox 1608 4387 1783 4466; x_wconf 90' lang='lat' dir='ltr'><strong>triennio</strong></span> <span class='ocrx_word' id='word_1_278' title='bbox 1817 4389 1893 4470; x_wconf 88' lang='lat' dir='ltr'><strong>ibi·</strong></span> 
     </span>
     <span class='ocr_line' id='line_1_32' title="bbox 90 4496 1962 4608; baseline -0.002 -24"><span class='ocrx_word' id='word_1_279' title='bbox 90 4501 191 4585; x_wconf 90' lang='lat' dir='ltr'><strong>dem</strong></span> <span class='ocrx_word' id='word_1_280' title='bbox 220 4498 465 4596; x_wconf 86' lang='lat' dir='ltr'><strong>mendicare,</strong></span> <span class='ocrx_word' id='word_1_281' title='bbox 524 4501 565 4579; x_wconf 90' lang='lat' dir='ltr'><strong>ui</strong></span> <span class='ocrx_word' id='word_1_282' title='bbox 592 4499 724 4577; x_wconf 86' lang='lat' dir='ltr'><strong>statim</strong></span> <span class='ocrx_word' id='word_1_283' title='bbox 741 4496 972 4604; x_wconf 89' lang='lat' dir='ltr'><strong>prohibitus</strong></span> <span class='ocrx_word' id='word_1_284' title='bbox 985 4497 1063 4579; x_wconf 88' lang='lat' dir='ltr'><strong>fuit</strong></span> <span class='ocrx_word' id='word_1_285' title='bbox 1078 4528 1150 4607; x_wconf 88' lang='lat' dir='ltr'><strong>per</strong></span> <span class='ocrx_word' id='word_1_286' title='bbox 1166 4500 1340 4608; x_wconf 89' lang='lat' dir='ltr'><strong>priorem</strong></span> <span class='ocrx_word' id='word_1_287' title='bbox 1357 4499 1669 4592; x_wconf 88' lang='lat' dir='ltr'><strong>sictunie,tunc.</strong></span> <span class='ocrx_word' id='word_1_288' title='bbox 1698 4499 1893 4582; x_wconf 88' lang='lat' dir='ltr'><strong>vicarium</strong></span> <span class='ocrx_word' id='word_1_289' title='bbox 1958 4519 1962 4528; x_wconf 93' lang='grc'><strong>’</strong></span> 
     </span>
     <span class='ocr_line' id='line_1_33' title="bbox 88 4526 1893 4725; baseline -0.001 -32"><span class='ocrx_word' id='word_1_290' title='bbox 88 4608 378 4725; x_wconf 82' lang='lat' dir='ltr'><strong>prouincialis,</strong></span> <span class='ocrx_word' id='word_1_291' title='bbox 406 4627 446 4689; x_wconf 91' lang='lat' dir='ltr'><strong>et</strong></span> <span class='ocrx_word' id='word_1_292' title='bbox 474 4526 525 4689; x_wconf 70' lang='lat' dir='ltr'><strong>ad</strong></span> <span class='ocrx_word' id='word_1_293' title='bbox 554 4606 797 4717; x_wconf 80' lang='lat' dir='ltr'><strong>presenciam</strong></span> <span class='ocrx_word' id='word_1_294' title='bbox 828 4610 914 4688; x_wconf 87' lang='lat' dir='ltr'><strong>eius</strong></span> <span class='ocrx_word' id='word_1_295' title='bbox 943 4627 1109 4690; x_wconf 86' lang='lat' dir='ltr'><strong>vocatus</strong></span> <span class='ocrx_word' id='word_1_296' title='bbox 1151 4638 1234 4690; x_wconf 90' lang='lat' dir='ltr'><strong>non</strong></span> <span class='ocrx_word' id='word_1_297' title='bbox 1264 4611 1393 4704; x_wconf 81' lang='lat' dir='ltr'><strong>venit,</strong></span> <span class='ocrx_word' id='word_1_298' title='bbox 1436 4634 1631 4688; x_wconf 85' lang='lat' dir='ltr'><strong>excusans</strong></span> <span class='ocrx_word' id='word_1_299' title='bbox 1658 4633 1700 4698; x_wconf 85' lang='lat' dir='ltr'><strong>se</strong></span> <span class='ocrx_word' id='word_1_300' title='bbox 1730 4636 1803 4717; x_wconf 87' lang='lat' dir='ltr'><strong>per</strong></span> <span class='ocrx_word' id='word_1_301' title='bbox 1825 4612 1893 4692; x_wconf 85' lang='lat' dir='ltr'><strong>‘in-</strong></span> 
     </span>
     <span class='ocr_line' id='line_1_34' title="bbox 87 4716 1928 4827; baseline -0.002 -20"><span class='ocrx_word' id='word_1_302' title='bbox 87 4727 326 4807; x_wconf 76' lang='lat' dir='ltr'><strong>firmitatem</strong></span> <span class='ocrx_word' id='word_1_303' title='bbox 356 4735 396 4798; x_wconf 83' lang='lat' dir='ltr'><strong>et</strong></span> <span class='ocrx_word' id='word_1_304' title='bbox 424 4716 623 4801; x_wconf 90' lang='lat' dir='ltr'><strong>desectum</strong></span> <span class='ocrx_word' id='word_1_305' title='bbox 651 4717 777 4800; x_wconf 86' lang='lat' dir='ltr'><strong>nauis.</strong></span> <span class='ocrx_word' id='word_1_306' title='bbox 823 4721 948 4800; x_wconf 84' lang='lat' dir='ltr'><strong>lictus</strong></span> <span class='ocrx_word' id='word_1_307' title='bbox 984 4741 1117 4804; x_wconf 89' lang='lat' dir='ltr'><strong>autem</strong></span> <span class='ocrx_word' id='word_1_308' title='bbox 1147 4719 1259 4802; x_wconf 91' lang='lat' dir='ltr'><strong>locus</strong></span> <span class='ocrx_word' id='word_1_309' title='bbox 1287 4736 1347 4802; x_wconf 88' lang='lat' dir='ltr'><strong>est</strong></span> <span class='ocrx_word' id='word_1_310' title='bbox 1375 4721 1416 4800; x_wconf 92' lang='lat' dir='ltr'><strong>in</strong></span> <span class='ocrx_word' id='word_1_311' title='bbox 1446 4735 1585 4799; x_wconf 91' lang='lat' dir='ltr'><strong>nostro</strong></span> <span class='ocrx_word' id='word_1_312' title='bbox 1614 4718 1928 4827; x_wconf 62' lang='lat' dir='ltr'><strong>Archiepisco·‚</strong></span> 
     </span>
     <span class='ocr_line' id='line_1_35' title="bbox 87 4829 1893 4946; baseline -0.002 -31"><span class='ocrx_word' id='word_1_313' title='bbox 87 4853 221 4946; x_wconf 88' lang='lat' dir='ltr'><strong>patu,</strong></span> <span class='ocrx_word' id='word_1_314' title='bbox 265 4830 517 4939; x_wconf 81' lang='lat' dir='ltr'><strong>Legiferatu,</strong></span> <span class='ocrx_word' id='word_1_315' title='bbox 551 4847 593 4911; x_wconf 88' lang='lat' dir='ltr'><strong>et</strong></span> <span class='ocrx_word' id='word_1_316' title='bbox 622 4829 832 4939; x_wconf 88' lang='lat' dir='ltr'><strong>prouincia</strong></span> <span class='ocrx_word' id='word_1_317' title='bbox 873 4847 1012 4912; x_wconf 84' lang='lat' dir='ltr'><strong>nostra</strong></span> <span class='ocrx_word' id='word_1_318' title='bbox 1052 4830 1257 4927; x_wconf 88' lang='lat' dir='ltr'><strong>attundia,</strong></span> <span class='ocrx_word' id='word_1_319' title='bbox 1301 4858 1384 4911; x_wconf 89' lang='lat' dir='ltr'><strong>nou</strong></span> <span class='ocrx_word' id='word_1_320' title='bbox 1414 4832 1454 4910; x_wconf 94' lang='lat' dir='ltr'><strong>in</strong></span> <span class='ocrx_word' id='word_1_321' title='bbox 1484 4829 1806 4927; x_wconf 86' lang='lat' dir='ltr'><strong>surdermannia,</strong></span> <span class='ocrx_word' id='word_1_322' title='bbox 1849 4833 1893 4912; x_wconf 89' lang='lat' dir='ltr'><strong>in</strong></span> 
     </span>
    </p>
   </div>
   <div class='ocr_carea' id='block_1_15' title="bbox 84 4939 1891 5141">
    <p class='ocr_par' dir='ltr' id='par_1_16' title="bbox 84 4939 1891 5141">
     <span class='ocr_line' id='line_1_36' title="bbox 84 4939 1891 5112; baseline -0.003 -83"><span class='ocrx_word' id='word_1_323' title='bbox 84 4975 181 5058; x_wconf 84' lang='lat' dir='ltr'><strong>qua</strong></span> <span class='ocrx_word' id='word_1_324' title='bbox 210 4959 270 5026; x_wconf 85' lang='lat' dir='ltr'><strong>est</strong></span> <span class='ocrx_word' id='word_1_325' title='bbox 297 4957 523 5023; x_wconf 88' lang='lat' dir='ltr'><strong>conuentus</strong></span> <span class='ocrx_word' id='word_1_326' title='bbox 536 4942 864 5051; x_wconf 80' lang='lat' dir='ltr'><strong>strengienensis,</strong></span> <span class='ocrx_word' id='word_1_327' title='bbox 891 4939 1152 5025; x_wconf 84' lang='lat' dir='ltr'><strong>Reuerendus</strong></span> <span class='ocrx_word' id='word_1_328' title='bbox 1179 4969 1279 5024; x_wconf 91' lang='lat' dir='ltr'><strong>uero</strong></span> <span class='ocrx_word' id='word_1_329' title='bbox 1310 4957 1443 5052; x_wconf 86' lang='lat' dir='ltr'><strong>pater,</strong></span> <span class='ocrx_word' id='word_1_330' title='bbox 1471 4942 1584 5050; x_wconf 92' lang='lat' dir='ltr'><strong>prior</strong></span> <span class='ocrx_word' id='word_1_331' title='bbox 1614 4941 1891 5112; x_wconf 48' lang='lat' dir='ltr'><strong>prougpcialis,</strong></span> 
     </span>
     <span class='ocr_line' id='line_1_37' title="bbox 235 5068 477 5141; baseline -0.004 -19"><span class='ocrx_word' id='word_1_332' title='bbox 235 5069 281 5122; x_wconf 70' lang='lat' dir='ltr'><strong>su.</strong></span> <span class='ocrx_word' id='word_1_333' title='bbox 298 5069 417 5141; x_wconf 58' lang='lat' dir='ltr'><strong>osane„</strong></span> <span class='ocrx_word' id='word_1_334' title='bbox 435 5068 477 5122; x_wconf 85' lang='grc' dir='ltr'><strong>ιι.</strong></span> 
     </span>
    </p>
   </div>
   <div class='ocr_carea' id='block_1_16' title="bbox 0 0 2164 5975">
    <p class='ocr_par' dir='ltr' id='par_1_17' title="bbox 0 0 2164 5975">
     <span class='ocr_line' id='line_1_38' title="bbox 0 0 2164 5975; baseline 0 2"><span class='ocrx_word' id='word_1_335' title='bbox 0 0 2164 5975; x_wconf 95' lang='lat' dir='ltr'><strong> </strong></span> 
     </span>
    </p>
   </div>
  </div>
 </body>
</html>
