4317 5975
990 414 1046 507 τ·-
1163 316 1406 486 ’90)-

280 607 473 703 minibus,
502 630 583 714 que
611 630 634 681 a
663 602 871 711 Preposito
900 602 940 679 8(
976 596 1167 709 Capimlo
1201 594 1382 678 ciusdem
1416 594 1652 707 vpsdlensis
1693 596 1889 697 Ecclesie,
1929 604 2061 693 eisdem

280 722 483 829 Episcopo
512 721 552 795 8(
579 714 789 794 Canonico
816 710 1055 793 dicebantur
1083 710 1208 806 illata,
1235 724 1378 788 contra
1407 710 1516 818 ipsus
1537 708 1814 819 Propositum,
1847 716 1885 792 8(
1910 714 2061 826 Capita.

188 850 234 879 ,-
280 833 382 925 lum,
413 826 462 907 ad
493 824 759 909 venerabilem
793 826 948 903 Patrem
980 823 1336 930 Archiepiscopum
1366 818 1616 918 lundensem,
1645 840 1691 904 ut
1716 818 1868 903 dicitm
1906 852 1955 905 ex
1982 890 1990 910 .
2016 892 2060 912 ..

280 940 538 1051 appellatum,
567 940 638 1046 qui
668 933 911 1044 pretendens
927 933 978 1016 ad
994 960 1038 1014 se
1064 931 1342 1043 cognicionem
1371 958 1584 1025 causarum
1614 933 1844 1016 huiusmodi
1864 938 2063 1044 pertinere,

279 1052 436 1135 eosdem
466 1050 718 1157 Prepositum
748 1052 788 1126 8(
817 1046 1051 1155 Capitulum
1073 1042 1273 1125 ‘asseritur
1308 1106 1318 1126 .
1343 1101 1354 1123 .
1381 1045 1480 1125 cisse
1508 1044 1646 1142 citari,
1674 1060 1727 1124 ut·
1751 1063 1863 1126 certo
1890 1052 2063 1149 termino,

279 1194 352 1274 per
378 1191 433 1259 sc,
449 1162 513 1241 uel
530 1188 602 1268 per
618 1173 922 1269 procuratorem
952 1156 1171 1264 ydoneum,
1199 1182 1335 1236 coram
1351 1153 1492 1237 eodem
1514 1155 1835 1265 Archiepiscopo
1856 1215 1969 1241 .....
1984 1189 2064 1271 pre·
2138 1245 2139 1248 Ἴ

278 1264 397 1357 dictis
411 1274 540 1353 causis
569 1269 891 1378 appellacionum
922 1267 1085 1377 prelatis
1114 1266 1609 1377 Episcopo&Canonico,
1636 1270 1822 1377 exigente
1838 1269 1990 1351 iusticia
2010 1300 2061 1353 re-

277 1386 477 1495 sponsuri.
508 1384 560 1462 Et
588 1382 683 1491 quia
714 1380 855 1490 prefati
872 1382 1107 1487 Propositus
1134 1396 1175 1459 et
1189 1378 1419 1486 Capitulum
1436 1406 1459 1457 a
1475 1380 1673 1460 citatione
1696 1379 1794 1460 dicti
1816 1380 2064 1491 archiepisco·

278 1501 320 1608 pi
349 1494 575 1577 Luudensis
591 1494 661 1604 qui
677 1494 719 1571 in
735 1493 877 1599 Regno
894 1488 1017 1572 Dacie
1032 1490 1370 1599 Metropolitanus
1398 1491 1533 1572 existit
1562 1519 1636 1571 nec
1663 1492 1704 1569 in
1735 1490 1844 1571 dicta
1883 1493 2063 1598 upsallen·
2105 1513 2108 1522 ·

186 1622 189 1631 ’
277 1612 311 1690 si
341 1606 518 1690 Ecclesia
547 1630 679 1713 neque
708 1606 747 1682 in
765 1603 906 1711 Regno
934 1600 1077 1683 Suecie
1106 1602 1279 1712 aliquam
1309 1617 1356 1680 ut
1382 1602 1616 1683 asserebant
1652 1600 1804 1683 dicitur
1841 1603 2064 1685 iurisdictio·

279 1750 368 1801 nem
399 1717 546 1798 habere
574 1716 623 1797 de
651 1714 943 1797 consuetudine
972 1714 1039 1793 uel
1068 1710 1118 1794 de
1147 1716 1254 1810 iure,
1281 1710 1443 1792 eosdem
1471 1714 1725 1820 prepositum
1755 1718 1795 1793 8(
1831 1713 2063 1823 Capitulum,

155 1911 158 1921 ,
279 1834 404 1912 citare
433 1828 563 1910 facere
592 1855 675 1906 non
707 1842 879 1935 poterat,
909 1852 982 1906 nec
1011 1823 1204 1931 debebat,
1231 1839 1469 1933 reputantes
1496 1821 1676 1905 indebite
1703 1852 1746 1910 se
1774 1828 1955 1932 grauari,
1982 1854 2064 1909 cou-
2103 1912 2108 1927 ,

258 1962 340 2024 -tra
369 1942 724 2049 Archiepiscopum
756 1935 1022 2033 Luudensem,
1037 1938 1352 2045 &Episcopum
1375 1936 1638 2017 &Nicolaum
1665 1929 1856 2044 prelatos,
1877 1936 2064 2046 pluries&

240 2104 247 2115 ·
278 2055 473 2165 legitime,
502 2049 715 2133 adsedem
744 2047 1046 2157 appostolicam,
1071 2046 1348 2157 appellarunt,
1384 2074 1453 2126 seu
1483 2072 1560 2156 pro
1596 2064 1710 2155 parte
1738 2048 1919 2156 ipsorum
1945 2038 2071 2130 extitit

278 2164 538 2276 appellatum.
582 2158 693 2242 Jdem
738 2188 837 2239 uero
881 2161 1218 2268 Archiepiscopus
1259 2154 1608 2268 appellacionibus
1642 2157 1874 2241 huiusmodi
1914 2162 2064 2240 omnino

256 2268 531 2385 *contemptis
563 2275 602 2353 in
634 2272 813 2382 prefatqs
849 2272 1103 2378 Propositum
1139 2270 1592 2367 excommunicacionis,
1636 2273 1678 2352 in
1706 2267 1942 2379 Capitulum
1977 2296 2063 2353 uero

277 2388 522 2498 Vpsallensis
536 2383 712 2479 ecclesie,
741 2383 1029 2490 suspencionis,
1051 2381 1275 2461 sentencias
1296 2382 1448 2463 dicitur
1476 2380 1762 2491 promulgasse.
1790 2380 1933 2465 Causis
1947 2399 2063 2465 auten

276 2496 505 2583 huiusmodi
529 2500 635 2577 inter
655 2522 758 2603 quas
788 2490 1086 2574 discutiendum
1122 2492 1394 2573 concurrebat
1420 2520 1541 2580 cause
1570 2492 1669 2575 iuris
1697 2493 1897 2601 primatie,
1924 2508 2082 2605 queest'

277 2615 383 2692 inter
414 2610 535 2716 magis
563 2604 710 2687 arduas
737 2603 1027 2714 computanda,
1054 2602 1109 2685 ad
1136 2604 1401 2715 apostolicam
1429 2600 1584 2700 sedem,
1611 2602 1819 2703 deductis,
1861 2634 1937 2714 pro
1965 2620 2064 2714 parte

275 2720 550 2832 predictorum
578 2717 778 2826 Prepositi
805 2722 845 2797 8(
874 2714 1071 2826 Capituli,
1101 2714 1179 2797 luit
1209 2716 1336 2797 felicis
1374 2711 1670 2797 recordacionis
1706 2713 1874 2797 domino
1900 2715 2064 2811 Nicolao,

163 2900 166 2911 .
276 2861 380 2943 pape
409 2834 568 2935 Quarto
597 2828 804 2909 humiliter
832 2826 1122 2937 supplicatum,
1159 2844 1205 2909 ut
1233 2858 1326 2909 cum
1368 2814 1540 2936 propter
1581 2825 1770 2909 iudicum
1815 2834 1857 2910 8(
1899 2829 2064 2909 locorum

273 2948 462 3054 inopiam,
490 2942 577 3024 sine
607 2942 760 3050 magnis
790 2966 1052 3050 personarum
1084 2946 1123 3021 8(
1151 2968 1286 3022 rerum
1317 2937 1508 3050 periculis
1527 2968 1611 3023 non
1641 2955 1805 3049 possent
1834 2938 2064 3052 inpartibus
2120 2957 2123 2962 ’

272 3059 403 3138 suecis
433 3053 498 3136 uel
541 3056 664 3133 Dacie
692 3077 812 3134 cause
840 3049 1069 3152 huiusmodi
1098 3053 1325 3148 terminari,
1354 3053 1396 3130 in
1430 3052 1692 3161 causis'ipsis
1735 3053 2090 3162 appellaciouum,'

273 3175 312 3249 &
342 3163 500 3278 negocij
528 3163 784 3273 principalis,
816 3191 863 3243 ac
891 3191 1012 3271 super
1041 3164 1324 3244 annullacioue
1351 3161 1549 3252 dictarum
1577 3167 1877 3246 sentenciarum
1919 3189 2063 3245 excom·

274 3279 573 3372 municacionis,
592 3281 642 3356 8(
670 3275 956 3382 suspensionis,
985 3275 1119 3381 siquas
1149 3273 1251 3357 idem
1274 3275 1603 3383 archiepiscopus
1630 3276 1864 3359 Luudensis
1892 3274 1943 3359 de
1969 3274 2065 3356 iacto

275 3417 366 3471 cum
396 3388 446 3469 de
477 3386 835 3497 iurenequiuerit,
866 3387 906 3465 in
936 3384 1097 3465 eosdem
1126 3384 1380 3496 Propositum
1422 3390 1469 3465 8(
1505 3387 1736 3495 Capitulum
1778 3405 1829 3468 ut
1869 3385 2065 3470 dicebatur

274 3499 512 3611 protulerat,
540 3498 778 3608 dignaretur
794 3525 918 3576 unum
934 3495 984 3577 de
1001 3493 1173 3578 dominis
1187 3495 1471 3580 Cardinalibu's
1486 3496 1709 3580 concedere
1739 3496 1979 3595 auditorem,
2003 3497 2064 3606 qui

273 3640 412 3694 causas
441 3612 545 3719 ipsas
574 3606 808 3706 audiret&
837 3608 976 3690 debito
1003 3606 1081 3688 line
1110 3605 1325 3705 decideret,
1355 3639 1402 3690 ac
1430 3611 1621 3705 irritaret,
1650 3616 1690 3691 8(
1716 3611 2065 3707 vacuaretirritas,
2128 3606 2132 3619 '

30 3731 32 3739 ’
164 3741 170 3760 ’
273 3730 312 3804 8(
341 3749 488 3805 uacuas
520 3720 730 3803 nunciaret
758 3721 981 3801 sentencias
1009 3719 1282 3828 supradictas,
1324 3732 1482 3801 necnon
1523 3709 1766 3803 beneficium
1809 3719 2064 3805 restitutionis

273 3838 311 3924 in
343 3837 544 3942 integrum
574 3828 813 3914 concederet
840 3835 872 3911 si
901 3834 942 3912 in
973 3830 1091 3911 dictis
1127 3832 1255 3910 causis
1285 3861 1361 3938 pro
1404 3851 1519 3940 parte
1560 3829 1760 3912 dictorum
1809 3831 2065 3944 Prepositi&

271 3945 451 4053 Capituli
479 3945 558 4051 peti
591 3944 845 4052 contingeret
876 3942 1152 4050 principaliter
1191 3943 1404 4023 ueletiam
1434 3943 1679 4041 incidenter,
1723 3949 1763 4024 8(
1799 3963 1904 4026 esset
1932 3968 2062 4025 conce·

271 4054 447 4138 dendum
477 4054 528 4134 de
557 4057 657 4150 iure,
685 4070 727 4133 et
755 4052 867 4164 quod
896 4051 997 4134 idern
1028 4053 1191 4134 auditor
1218 4053 1317 4134 dare
1347 4047 1485 4162 posset
1510 4054 1628 4135 dictis
1654 4057 1868 4162 Preposito
1895 4061 1936 4137 8(
1956 4055 2063 4162 Capi·

214 4214 216 4224 =
270 4169 356 4249 tulo
385 4165 648 4247 absolutionis
688 4165 925 4246 beneficium
955 4161 1005 4245 ad
1034 4162 1246 4260 cautelam,
1275 4192 1361 4244 non
1389 4165 1577 4246 obstante
1636 4166 1717 4248 uod
1747 4193 1869 4249 cause
1912 4171 1993 4278 ipse
2019 4161 2086 4244 de¹

271 4285 330 4359 sui
361 4294 504 4360 natura
534 4303 614 4356 non
644 4293 760 4361 erant
789 4275 839 4357 ad
870 4275 1088 4357 Romanam
1125 4277 1278 4356 curiam
1315 4276 1520 4358 deuolute.
1577 4193 1692 4358 Jdem
1723 4296 1859 4360 autem
1888 4277 2063 4360 dominus

255 4389 473 4484 'Nicolaus,
503 4389 792 4468 sanctissimum
823 4391 989 4495 patrem,
1017 4387 1057 4466 8(
1085 4383 1294 4467 dominum
1325 4385 1761 4484 nostrum,'dominum
1802 4389 2063 4477 Bonifacium,

229 4497 256 4524 “’
271 4529 416 4609 papam
446 4499 553 4577 Vlll.
584 4514 682 4578 tunc
711 4496 918 4579 dominum
946 4472 1217 4580 Benedictuui.
1248 4499 1310 4578 tir.
1344 4500 1471 4579 sancti
1500 4499 1663 4580 Martini
1679 4501 1721 4580 in
1737 4499 1946 4582 Montibus
1960 4504 2063 4584 Pres-

271 4613 443 4693 bitcrum
474 4605 742 4705 Cardinalem,
771 4608 882 4692 dedit
911 4613 951 4691 in
982 4612 1112 4692 causis
1140 4610 1250 4719 ipsis,
1278 4609 1390 4694 iuxta
1421 4608 1591 4692 formam
1618 4611 1662 4692 8(
1693 4627 1877 4696 tenorem
1915 4610 2063 4723 petitiu-

130 4739 135 4750 ’
269 4725 331 4805 nis
359 4721 589 4802 huiusmodi
617 4721 856 4820 auditorem.
913 4723 1084 4802 Demum
1112 4749 1212 4802 uero
1241 4740 1335 4829 post
1376 4723 1538 4852 aliquos
1579 4749 1791 4838 processus
1830 4727 1989 4808 habitos
2025 4723 2061 4798 in

267 4834 396 4915 causis
426 4831 629 4941 predictis,
658 4831 794 4915 eodem
825 4835 991 4916 domino
1026 4833 1194 4914 Nicolao
1223 4833 1328 4914 uiam
1354 4861 1546 4921 uniuerso
1564 4834 1698 4918 caruis
1717 4837 1964 4944 ingressor&
1979 4859 2062 4942 pre·

267 4947 376 5028 dicto
405 4943 570 5028 domino
600 4944 809 5029 Bonifacio
837 4943 888 5027 ad
917 4947 1069 5054 apicem
1099 4945 1243 5026 summi
1270 4944 1525 5056 apostolatus
1549 4944 1777 5054 assumpto,
1806 4947 1912 5030 idem
1942 4943 2061 5029 domi·
