4317 5975
1935 10 2117 148 ’,ιι

980 363 1240 517 ’-ᾒ476
1349 446 1408 469 ·-

297 636 405 719 mine
433 630 633 714 abbatisse
661 644 702 709 et
730 641 956 708 conuentus
982 623 1133 707 ibidem
1162 640 1202 707 et
1230 623 1364 733 gracia
1394 621 1578 732 speciali,
1623 624 1770 707 Datum
1812 624 1966 744 lincopie
1995 642 2051 726 tub

174 741 193 765 ⁹
298 745 461 857 siggillo
490 759 652 837 nostro,
680 740 801 820 Anno
828 737 983 820 domini
1011 735 1086 819 Μ’.
1115 734 1332 819 CCC⁰VI⁰.
1386 736 1439 815 ln
1468 731 1534 817 die
1561 738 1692 819 sancti
1716 738 1892 825 Dionisii.

450 909 454 915 ·
968 877 1019 945 Pe
1028 875 1230 967 srdnaidcn:
1248 872 1431 959 steubrydb.

671 994 792 1081 sigillet
812 993 959 1077 dadadt,
979 994 1143 1079 btugsnde
1163 994 1206 1083 pt
1226 1014 1265 1059 en
1285 1013 1325 1057 ur
1345 992 1468 1057 bresvel
1487 991 1592 1081 llippt
1613 1015 1724 1059 retusa.
1752 990 1756 996 ’

311 1311 478 1435 1514.
935 1300 1076 1409 1306
1124 1300 1173 1407 a
1228 1316 1294 1429 η,
1341 1296 1454 1406 oa.
1782 1262 1790 1275 '
1945 1307 2057 1471 aaa

382 1529 566 1613 Hertigsrue
588 1526 672 1589 Eam
692 1520 753 1587 och
774 1524 975 1587 wasnaum
994 1518 1186 1605 tkyddsbrel
1203 1520 1252 1584 lb‘r
1273 1520 1442 1605 Riseberga
1464 1521 1591 1591 kloster.
1846 1606 1871 1661 Α
1897 1608 1911 1662 ³
1934 1622 1950 1663 u

414 1746 617 1826 Omnibus
657 1769 821 1851 presens
862 1739 1059 1846 scriptum
1100 1734 1384 1835 cernentibus,
1436 1736 1586 1823 Enrcus
1627 1755 1669 1823 et
1710 1762 1982 1827 mutuamus
2013 1742 2057 1827 dei

299 1856 436 1967 gracia
465 1859 598 1937 Duces
625 1881 848 1948 sweorum,
882 1848 1049 1930 salutem
1078 1848 1121 1927 in
1154 1848 1319 1929 domino
1348 1854 1650 1958 sempiternam,
1692 1854 1887 1934 Constare
1914 1854 2057 1937 volumus

299 1968 486 2047 omnibus
514 1964 743 2061 euidenter,
771 1957 884 2073 quod
914 1986 1009 2054 nos,
1037 1960 1258 2067 Religiosas
1287 1957 1471 2041 dominas
1499 1980 1540 2043 et
1568 1960 1774 2071 honestas,
1803 1962 1990 2050 dominam
2010 1967 2059 2047 ab·

298 2077 494 2159 batissam·
516 2092 557 2155 et
583 2071 905 2157 sanctimoniales
934 2072 975 2151 in
1003 2070 1267 2178 Risaebaergb,
1292 2087 1401 2151 'cum
1438 2071 1626 2155 omnibus
1654 2074 1773 2157 bonis
1801 2078 1902 2172 suis,
1940 2076 2057 2157 mobili·
2116 2068 2117 2081 Ν

298 2188 375 2269 bus
403 2204 444 2267 et
472 2186 753 2282 inmobilibus,
790 2183 936 2264 villicis
964 2197 1006 2261 et
1033 2180 1225 2289 colonis,
1252 2199 1294 2263 et
1321 2185 1504 2290 personis
1533 2184 1576 2265 in
1603 2182 1750 2267 eisdem
1781 2185 1898 2267 bonis
1923 2216 2057 2269 commo·
2116 2196 2117 2209 '

299 2296 508 2393 rantibus,
545 2301 621 2379 sub
651 2316 787 2377 nostre
816 2293 1086 2402 protensionis
1115 2292 1341 2389 munimen,
1370 2309 1411 2373 et
1438 2290 1564 2375 tu'tele
1592 2297 1765 2403 graciam
1797 2298 1995 2405 specialem
2016 2325 2058 2377 re·
2116 2318 2117 2339 l

211 2422 216 2430 “
299 2411 470 2517 cipimus
499 2406 782 2500 defensandas,
810 2402 954 2485 dantes
981 2420 1022 2485 et
1057 2402 1332 2499 declarantes,
1363 2421 1578 2485 memorata
1611 2406 1718 2487 bona
1748 2406 1972 2506 earundem,
1994 2436 2057 2489 cun
2115 2386 2117 2499 l

298 2521 480 2628 personis
507 2522 550 2598 in
579 2517 726 2599 eisdem
755 2516 892 2612 bonis‘,
932 2514 983 2595 ab
1025 2513 1212 2593 omnibus
1246 2513 1587 2613 exhibicionibus,
1618 2517 1937 2625 inposicionibus
1962 2537 1996 2599 et
2015 2547 2057 2621 so·
2116 2550 2117 2589 ³

303 2629 532 2710 lucionibus
547 2630 882 2739 quibuscumque,
912 2627 1024 2732 regio
1053 2626 1205 2705 nomini
1221 2621 1388 2721 debitis,
1418 2625 1544 2708 libera
1574 2630 1737 2736 penitus
1764 2644 1809 2709 et
1836 2648 2019 2739 exempta,
2036 2631 2057 2709 si
2116 2654 2117 2729 t

198 2772 201 2779 ¹
261 2810 266 2831 ,
297 2766 396 2820 vero
423 2740 651 2848 generalem
679 2738 980 2849 expedicionem
998 2738 1192 2844 euocari,
1221 2752 1309 2831 aut,
1338 2736 1579 2843 generaliter
1608 2736 1834 2820 subsidium
1863 2739 1914 2821 de
1935 2759 2058 2821 totore
2115 2784 2117 2859 4

93 2898 97 2907 ·
215 2870 228 2958 κ’
297 2850 380 2959 gno
409 2852 582 2961 requiri,
620 2851 686 2930 uel
716 2847 908 2930 iudicium
936 2865 1139 2943 nostrum,
1169 2861 1239 2926 aut
1267 2872 1415 2928 corone
1445 2846 1715 2955 juramentum
1742 2850 1932 2963 infringi,
1955 2852 2058 2938 seuit
2116 2872 2117 2905 l

299 2960 469 3044 occultis
496 2960 743 3073 homicidiis,
774 2957 936 3056 mordh,
963 2958 1101 3054 dictis,
1136 2974 1210 3072 aut
1239 2956 1378 3056 furtis,
1414 2960 1644 3068 quempiam
1688 2960 1880 3046 conuinci
1918 2965 2056 3072 contige·

295 3077 372 3170 rit,
412 3076 488 3154 ista
517 3073 635 3155 nobis
663 3072 889 3183 specialiter
921 3071 1110 3152 uolumus
1139 3070 1356 3177 pertinere,
1384 3087 1637 3180 quapropter
1664 3073 1896 3158 inhibemus
1922 3074 1989 3156 sub
2010 3101 2058 3182 op

297 3201 412 3265 tentu
435 3185 566 3292 gracie
598 3202 735 3268 nostre
764 3183 929 3264 firmiter
957 3199 998 3262 et
1025 3180 1224 3273 districte,
1268 3207 1318 3260 ne
1346 3183 1579 3291 quisquam,
1607 3183 1854 3291 sepedictas,
1895 3183 2056 3286 dominas,
2114 3181 2116 3248 l

297 3292 541 3376 abbatissam
570 3313 611 3375 et
638 3292 958 3376 sanctimoniales
993 3291 1170 3373 eiusdem
1211 3289 1275 3370 uel
1314 3289 1421 3370 bona
1448 3290 1687 3392 earundem,
1732 3325 1806 3379 seu
1839 3324 2011 3406 personas
2030 3297 2056 3374 ir

297 3403 446 3486 eisdem
475 3405 593 3488 bonis
621 3421 932 3501 commorantes,
975 3418 1116 3482 contra
1153 3403 1258 3482 hanc
1292 3418 1467 3483 nostram
1498 3402 1745 3504 libertatem,
1791 3411 1849 3489 eis
1878 3406 2056 3500 indultam,

297 3512 445 3596 audeat
473 3516 541 3595 uel
571 3532 772 3625 presumat
801 3517 1055 3626 aliquatenus
1098 3509 1280 3594 indebite
1308 3513 1532 3614 molestare,
1575 3534 1699 3626 prout
1740 3538 1918 3600 nostram
1944 3517 2057 3598 euitare

296 3623 472 3707 voluerit
499 3624 709 3707 rlcionem.
768 3630 821 3706 Ju
848 3626 962 3707 cuius
989 3625 1048 3704 rei
1088 3621 1335 3704 euidenciam
1377 3623 1509 3732 sigilla
1554 3645 1690 3710 nostra
1719 3631 1970 3739 presentibus
1992 3638 2057 3708 sunt

296 3762 485 3846 appensa.
513 3739 674 3821 Datum.
702 3737 807 3820 afrae.
836 3763 945 3817 anno
972 3735 1138 3816 domini.
1166 3733 1240 3816 Μ’.
1270 3733 1403 3816 CCC'.
1432 3735 1521 3818 vlt
1550 3735 1692 3822 kalixti
1725 3769 1846 3851 pape.

884 3877 1011 3962 Sigilleu
1032 3875 1219 3958 borll'allue,
1240 3898 1398 3941 remsorna
1420 3897 1506 3964 qur.

304 4185 465 4345 1515.
947 4162 1097 4294 130'6
1144 4186 1192 4292 d.
1247 4205 1314 4320 14
1361 4185 1475 4295 Oct.

374 4407 577 4472 Sranasrosn
599 4408 772 4472 Kaurssoss
790 4407 986 4472 Testamente
1008 4409 1045 4470 al
1062 4430 1102 4472 ao
1124 4408 1213 4472 mark
1243 4409 1326 4493 lb'dig
1358 4411 1420 4474 titt·
1439 4409 1627 4497 Linlb‘piugs
1658 4409 1838 4494 dornlyrke
1870 4411 1928 4477 oab
1957 4412 1996 4474 till
2024 4405 2059 4468 del

283 4525 287 4532 ·
427 4493 616 4573 Ksuoniket,
638 4493 715 4558 baut
735 4492 893 4556 larmoder
914 4492 1012 4554 stillat
1031 4493 1042 4554 i
1062 4493 1185 4578 Flisby,
1207 4494 1252 4556 siu
1273 4493 1352 4575 gird
1373 4495 1383 4556 i
1403 4493 1587 4577 Keltilstad,
1609 4505 1656 4560 ult
1677 4497 1817 4561 lilltrttda
1839 4498 1915 4561 efter
1934 4485 2057 4556 hustet

1814 4607 1844 4666 B.
1862 4609 1886 4668 b
1906 4607 1955 4664 132.

405 4741 607 4823 Omnibus
635 4755 839 4849 presentes
866 4740 1021 4821 litteras
1048 4740 1289 4850 jnspecturis
1304 4765 1582 4826 swsnraromr
1601 4743 1813 4858 quondam
1836 4743 1947 4828 ducis
1967 4737 2055 4821 filius

146 4939 150 4945 ,
269 4844 462 4933 -salutem
503 4854 546 4933 in
587 4853 753 4935 domino
795 4853 1090 4962 sempiternam.
1147 4851 1305 4935 Tenore
1348 4859 1597 4963 presencium
1639 4872 1829 4940 constare
1869 4855 1957 4937 volo
1991 4873 2054 4928 on·

1719 5047 1725 5054 .
1858 4967 1971 5050 uibus
