4317 5975
950 266 1041 383 ⁵-
1117 305 1235 395 '650
1345 355 1402 376 --

162 648 166 658 ,
266 539 466 644 'niuem
487 549 641 649 domini
659 552 771 656 *Pope
793 543 870 626 sub
893 542 1007 630 suto.
1029 540 1131 624 Filo.
1154 539 1288 624 Carta.
1314 536 1439 620 Bulla.
1461 535 1701 647 Legittimis
1725 563 1807 620 non
1827 551 2017 650 cancellatae
2083 635 2086 643 ,

285 670 439 754 necin
467 666 602 778 aliqua
631 663 694 747 sui
721 675 836 768 porte
851 659 1035 740 uiciotas.
1078 652 1209 737 uerbo
1235 649 1286 732 ad
1308 650 1479 733 uerbum
1502 649 1723 760 inspexisse
1751 651 1907 740 sub-hac
1923 662 2021 756 loma,

291 784 483 867 cccmus
519 778 747 886 Episcopus
780 777 853 853 &n
887 772 940 852 Se
962 772 1111 876 so‘reg.
1147 765 1230 848 Neo
1260 764 1350 868 507.
1406 765 1457 844 Jrv
1491 761 1608 844 cuius
1642 763 1701 844 nei
1735 767 1967 856 testimonium
1988 787 2021 864 si.

284 893 434 1006 gilium
458 905 646 971 nostrum
670 883 930 993 presentibus
961 879 1150 962 duximus
1180 870 1477 988 apponendum·
1546 871 1695 958 Datum
1725 877 1926 992 Wlbqrgt'u
1944 917 2025 976 anuo

166 1077 177 1084 .
283 1004 445 1092 domini
472 997 773 1086 M⁰.CC⁰.LX*V
774 996 822 1077 1⁰.
896 1019 900 1026 ·
1425 1079 1430 1086 ,
1763 1079 1767 1094 ,

709 1137 845 1225 ‚sigillet
864 1133 1047 1215 bonnuel,
1067 1129 1147 1198 roda
1169 1129 1231 1195 och
1250 1131 1326 1214 gule
1344 1125 1552 1194 silkestrddar
1572 1149 1662 1214 quer.

158 1777 164 1811 2
225 1682 230 1688 ⁴
299 1745 448 1864 171¹·
950 1693 1105 1812 mea
1152 1691 1201 1800 a.
1249 1693 1279 1800 e
1327 1687 1441 1843 rutra
1849 1613 2032 1845 stegen

372 1899 515 1977 Konung
533 1889 635 1956 urm
654 1888 666 1949 i
687 1885 851 1951 reomau
871 1883 955 1948 'bref
976 1905 1030 1950 om
1056 1883 1097 1947 de
1123 1883 1285 1947 lb'rmbuer
1310 1880 1518 1966 Lybeckarne
1539 1879 1653 1946 ‘blllvit
1679 1881 1861 1946 liirunnado
1880 1886 1890 1946 i
1910 1887 2033 1954 Falstnbo

414 1980 518 2047 umder
533 1970 802 2042 markuadstidcr.
1272 1964 1279 1972 '

1592 2043 1625 2100 u.
1644 2045 1662 2100 ι.
1679 2045 1737 2117 ²47·
1755 2047 1807 2102 0011
1824 2045 1891 2104 ne
1905 2051 1940 2122 p

158 2252 164 2259 ,
401 2167 552 2246 Enrcus
577 2156 656 2239 Dei
682 2154 831 2237 Gratia
855 2155 1066 2236 Dauos-um
1096 2129 1415 2261 Solauorumque
1443 2149 1529 2232 Rex
1558 2147 1748 2232 omnibus
1783 2148 1859 2232 boe
1891 2153 2035 2263 scriptun

210 2380 214 2387 ⁴
268 2274 549 2366 ‘cernentibus
576 2273 620 2351 in
646 2269 823 2349 Domino
851 2266 1030 2347 salutem.
1087 2262 1154 2346 Ob
1190 2262 1400 2370 specialem
1438 2288 1634 2358 amorem,
1676 2289 1798 2371 quem
1835 2261 1882 2342 ad
1917 2261 2042 2349 dilectos
2098 2279 2100 2416 Ι

287 2392 412 2476 nobis
433 2387 552 2470 Cives
573 2380 829 2463 Lubecenses
849 2407 897 2459 ex
920 2377 1078 2458 sincero
1104 2372 1252 2456 ellectu
1275 2379 1470 2482 gerimus,
1492 2375 1676 2483 ipsorum
1704 2371 1917 2456 ‘deuotione
1939 2377 2037 2459 multi

289 2501 410 2586 moda
440 2499 623 2606 exigente
649 2491 752 2572 scire
780 2488 969 2572 volumus
995 2489 1222 2583 universos,
1251 2503 1332 2566 tarn
1363 2503 1546 2595 posteros
1568 2511 1688 2595 quam
1711 2501 1937 2594 praesentcs,
1960 2489 2035 2600 quod

290 2641 366 2694 nos
397 2609 500 2722 ipsis
535 2603 693 2688 ciuibus
729 2595 779 2681 ad
813 2599 1028 2683 Nundinas
1051 2593 1212 2678 nostras
1248 2597 1291 2678 in
1319 2595 1500 2678 Suanore
1529 2595 1825 2678 declinantibus
1860 2597 1954 2680 hanc
1979 2628 2038 2707 gra·

290 2725 389 2808 tiam
418 2715 677 2804 concedimus
702 2711 933 2822 specialem,
974 2709 1087 2822 quod
1118 2710 1194 2818 ipsi
1223 2709 1331 2791 ciues
1352 2726 1539 2820 tempore
1567 2707 1852 2790 Nundinarum
1881 2707 2037 2820 predicta·

290 2864 383 2918 rum
410 2829 529 2943 apud
565 2824 847 2908 Falsterbotha
884 2825 1044 2935 plenam
1082 2817 1406 2903 iurisdictionem
1444 2847 1567 2931 super
1596 2818 1742 2903 debitis
1770 2837 1813 2902 et
1841 2823 1950 2919 rixis,
1980 2849 2062 2932 que-

286 2945 484 3044 ,dicuntur
511 2936 780 3024 Staetdwonh
817 2939 922 3019 inter
957 2935 1066 3047 ipsos
1104 2931 1370 3044 personaliter
1407 2931 1669 3041 vergentibus
1706 2915 1955 3017 condedimus
1980 2959 2039 3013 ere·

320 3054 512 3154 cendam,
539 3070 581 3135 et
608 3077 745 3134 coram
773 3049 984 3131 Advocato
1006 3073 1152 3127 corum
1181 3073 1300 3157 quem
1327 3045 1407 3155 ipsi
1432 3043 1586 3126 ‘ibidem
1615 3044 1691 3127 sibi
1720 3047 1821 3155 ipsis
1846 3045 2040 3155 prefecerint

289 3089 467 3251 dualiter
487 3158 788 3248 terminandam.
833 3162 952 3242 Hanc
974 3160 1036 3240 eis
1064 3154 1403 3267 superaddentes
1431 3159 1599 3267 gratiam
1622 3158 1838 3267 specialem
1859 3154 1960 3268 quod
1976 3184 2043 3267 qua·

151 3329 153 3332 v
291 3306 456 3391 cunque
482 3277 549 3361 die
577 3273 629 3356 ad
650 3274 771 3353 littus
797 3301 889 3353 cum
918 3272 1092 3352 navibus
1119 3272 1270 3350 suiset
1297 3270 1566 3351 mercimoniis
1594 3267 1906 3379 applicaverint,
1931 3269 2042 3349 sivest
2098 3296 2100 3307 ²

293 3391 379 3476 dies
406 3391 570 3486 festiva,
591 3388 680 3467 sive
709 3384 879 3481 ferialis,
912 3409 1034 3464 naves
1061 3408 1154 3461 sues
1182 3378 1430 3463 exonerandi
1460 3408 1507 3461 ac
1537 3406 1686 3461 merces
1712 3409 1808 3463 suas
1836 3400 1876 3465 et
1902 3409 1957 3461 res
1978 3378 2042 3459 atio

292 3504 346 3585 ad
374 3518 522 3583 terram
551 3494 759 3579 deferendi
784 3494 956 3575 liberam
983 3492 1178 3584 habeant,
1220 3491 1447 3573 facultatem
1476 3520 1601 3602 super
1621 3492 1781 3603 -quibus
1805 3496 1911 3602 ipsos
1936 3516 2042 3571 merca·
2096 3484 2100 3561 l

292 3630 404 3712 tores
434 3628 483 3692 -et
511 3609 607 3690 alias
638 3632 703 3687 res
738 3607 916 3714 ipsorum
955 3600 1193 3711 bujvrsmodi
1229 3602 1454 3683 deferentes
1490 3631 1563 3713 per
1596 3602 1752 3684 nullum
1791 3603 2042 3695 Advocatoruu

294 3722 529 3805 nostrorum
564 3716 749 3800 volumus
782 3714 982 3825 impediri.
1050 3714 1099 3826 In
1137 3710 1252 3821 nujus
1279 3716 1345 3794 'rei
1376 3714 1653 3796 testimonium
1690 3734 1913 3825 presentes
1951 3712 2045 3794 litera

294 3836 390 3944 ipsis
418 3831 675 3915 contulimus.
719 3828 849 3936 sigilli
878 3826 1006 3909 nostri
1034 3826 1252 3905 munimine
1274 3824 1497 3906 nahorates.
1541 3828 1686 3907 Datum
1710 3828 1752 3908 in
1776 3828 1954 3909 Concilio
1971 3818 2044 3931 apul
2098 3824 2100 3887 l

293 3944 520 4055 Slaglocoes
548 3943 668 4022 Anno
696 3940 858 4019 Domini
893 3938 1008 4022 1268.
1061 3937 1167 4017 Non.
1210 3936 1307 4015 Julii
1349 3940 1487 4018 tercio.
1528 3936 1786 4021 Presentibus
1817 3938 1977 4021 dominis
1991 3934 2045 4013 Tu·

72 4145 78 4155 ,
293 4058 400 4139 kone
428 4053 653 4146 Arusiensi‚
695 4049 876 4137 Jchanne
905 4046 1191 4155 Burglanensi,
1231 4045 1296 4128 dei
1325 4049 1458 4157 gracia
1489 4050 1717 4159 Episcopis‚
1763 4049 2045 4156 Nio'holaopre

194 4211 198 4218 ,
293 4168 401 4250 lecto
429 4162 656 4259 Lundensi‚
698 4160 881 4241 Johanne
911 4185 1057 4267 paruo,
1100 4155 1298 4239 Nicholao
1326 4158 1438 4242 dicto
1475 4158 1566 4241 Hal
1626 4160 1801 4243 nondam
1841 4156 2047 4249 marescallu

294 4273 455 4471 bllatheo
483 4273 533 4357 de
560 4270 799 4385 Florthorp,
819 4269 1002 4381 dapifero
1031 4286 1171 4352 nostro
1199 4270 1424 4383 ceterisque
1450 4190 1682 4355 melioribus
1703 4276 1822 4385 regni
1845 4274 1966 4355 nostri
1981 4292 2047 4351 con

295 4396 328 4474 si
344 4390 453 4473 iariis
481 4389 642 4470 nostris.
