4317 5975
800 468 858 489 ·“·
968 453 1023 535 77,
1131 468 1189 495 ··
1320 502 1323 514 ·

105 633 302 755 religionis
329 632 515 719 habitum
543 643 743 749 receperit
770 636 938 725 consilio
966 661 1107 725 nostro
1149 629 1368 755 dilectique
1403 643 1539 725 fratris
1575 649 1703 731 nostri
1737 644 1896 727 domini

103 746 150 828 .Β.
165 746 357 859 Episcopi
371 748 649 860 Liucopensis
663 781 784 862 super
799 754 877 835 hoc
894 757 1004 865 prius
1022 756 1216 864 requisito
1238 756 1293 835 nil
1316 771 1463 835 contra·
1478 756 1585 863 leges
1605 774 1713 837 terre
1736 756 1886 845 factum

104 856 183 938 lure
212 857 474 965 culpabiliter
501 861 566 945 uel
591 858 744 945 'uie'iose
772 868 877 947 sicut
907 868 1024 949 uobis
1052 867 1278 947 retulerunt
1307 864 1492 948 dominus
1520 867 1573 949 .b.
1588 867 1733 977 legiler
1760 869 1908 975 Osgo··

101 984 230 1049 tornm
260 972 300 1047 &
329 966 513 1053 domiuus
542 972 770 1085 Suantpulk
800 978 949 1086 quibus
985 977 1107 1085 bujus
1141 979 1298 1085 negocii
1340 974 1534 1058 discussio
1567 982 1776 1060 commissa
1810 978 1892 1059 ‘fuit

101 1080 323 1189 specialiter
352 1084 387 1163 si
414 1086 694 1169 tantummodo
723 1104 867 1169 contra·
903 1080 1118 1197 pareutum
1151 1090 1439 1168 consiliumet
1472 1089 1736 1173 uoluntatem.
1777 1085 1891 1199 quod

99 1192 216 1270 eciam
246 1191 435 1275 dominus
467 1195 668 1305 birgerus
704 1198 940 1281 Karonicus
980 1201 1221 1307 Lincopens.
1264 1198 1492 1285 auunculus
1533 1199 1695 1281 domine
1739 1200 1892 1310 prefate

4 1328 6 1383 t
98 1300 318 1384 testabatur
360 1303 512 1388 addens
554 1305 665 1419 quod
703 1308 756 1390 ad
799 1309 1020 1413 claustrum
1058 1309 1157 1391 nibil
1198 1338 1333 1391 secum
1375 1308 1565 1421 detulerit
1606 1312 1711 1393 iuter
1752 1339 1888 1391 neces·

96 1413 192 1493 saria
238 1418 423 1523 corporis
464 1416 698 1501 indumenta
727 1422 927 1531 similique
956 1419 1077 1501 modo
1106 1439 1222 1531 pater
1248 1424 1335 1510 eins
1363 1421 1419 1501 M.
1443 1422 1656 1529 negocium
1684 1423 1889 1503 rehabere

96 1521 303 1623 fatebatur.
331 1528 525 1636 quoniam
552 1536 704 1639 recepit
729 1560 820 1612 eam
848 1534 889 1611 in
927 1535 1107 1613 sacristia
1149 1531 1201 1613 ad
1235 1532 1405 1641 gratiam
1439 1531 1659 1640 plenariam
1687 1540 1726 1614 8(
1755 1536 1888 1615 amiei-

96 1634 185 1715 tiam
216 1636 474 1745 presentibus
501 1642 799 1723 venerabilibus
836 1642 1009 1743 dominis
1044 1644 1087 1725 B.
1125 1647 1323 1752 episcopo
1359 1643 1595 1751 lincopensi
1631 1644 1721 1722 aliis
1755 1647 1887 1728 tribus

97 1774 210 1855 snpra
242 1749 499 1843 nomininatis
526 1754 647 1866 etiam
676 1752 764 1833 aliis
792 1782 912 1863 quarn
942 1754 1129 1863 pluribus
1159 1753 1235 1835 fide
1263 1752 1408 1861 dignis.
1441 1758 1492 1835 ln
1522 1756 1635 1835 cuius
1671 1758 1807 1862 gracie
1840 1782 1888 1834 ac
1974 1855 1985 1867 ,
2068 1859 2072 1867 1

95 1858 262 1938 amicitie
290 1862 569 1967 recepcionem
598 1868 640 1945 in
669 1868 875 1971 presencia
909 1869 1091 1951 omnium
1126 1867 1358 1945 monialium
1394 1866 1670 1946 Wretensium
1705 1867 1749 1945 in
1784 1866 1891 1945 salu·

95 1984 166 2047 tem
195 1973 332 2051 anime
359 1990 431 2052 sue
454 2000 583 2055 uuum
611 1976 865 2056 octonarium
894 1976 1079 2058 contulit'
1106 1978 1148 2057 iu
1184 1974 1475 2057 Ramnstadum
1512 1990 1802 2056 commutatum
1838 1974 1889 2055 de

95 2078 389 2187 Kydiauadum.
418 2112 494 2190 pro
524 2085 914 2194 legacionespeciali.
928 2088 1002 2168 tali
1014 2086 1252 2170 condicione
1266 2088 1475 2195 supposita
1489 2084 1602 2195 quod
1615 2088 1648 2168 si
1662 2114 1713 2168 eo
1726 2105 1888 2169 mortuo

95 2190 165 2269 lilia
193 2196 481 2300 superuiueret
510 2191 560 2277 de
585 2194 767 2306 predicto
796 2201 1005 2280 octonario
1032 2200 1145 2279 curia
1174 2197 1340 2280 deberet
1366 2202 1546 2280 construi
1561 2200 1779 2309 cumomni
1793 2228 1890 2307 sup·
1996 2226 1999 2230 ’
2102 2210 2105 2214 ’

94 2301 292 2411 pellectili.
308 2309 349 2385 ὃι
376 2304 615 2388 utensilibus
643 2311 868 2398 necessario
896 2307 949 2391 ad
977 2311 1131 2391 ruriam
1158 2310 1373 2419 requisitis
1428 2308 1471 2389 Si
1499 2326 1747 2391 autemeam
1777 2314 1890 2418 prius

95 2419 185 2493 muri
215 2418 438 2524 eontigerit
464 2445 572 2504 unus
601 2422 834 2499 octonarius
870 2417 922 2503 de
966 2419 1084 2501 bonis
1124 2420 1203 2501 sibi
1244 2420 1401 2502 collatis
1444 2420 1604 2501 cederet
1646 2423 1887 2503 monasterio

120 2523 272 2607 redicto
300 2529 390 2608 iure
424 2544 627 2639 perpetuo
661 2527 938 2637 possidendus
976 2548 1135 2614 constet
1167 2547 1303 2611 tamen
1338 2531 1529 2613 omnibus
1560 2544 1746 2639 parentes
1780 2532 1887 2613 dicte

92 2552 248 2720 domine
295 2638 491 2749 quamdiu
524 2640 718 2723 ,uiuerint
765 2638 919 2725 donum
967 2640 1069 2723 illud
1115 2639 1166 2725 ad
1216 2669 1335 2743 suos3
1360 2670 1454 2725 usus
1501 2642 1606 2725 uelle
1654 2642 1796 2725 cedere
1846 2648 1886 2723 &

92 2746 205 2830 filiam
234 2780 349 2832 suam
378 2752 421 2831 in
452 2766 652 2861 quantum
679 2768 817 2859 postea
845 2753 896 2831 de
925 2753 1004 2833 boc
1031 2780 1108 2859 pro
1146 2754 1379 2834 necessariis
1412 2752 1619 2835 adiuuare.
1653 2754 1715 2834 Ne
1751 2770 1887 2835 autem

91 2860 158 2942 ista
186 2892 273 2973 que
300 2858 522 2945 secundum
545 2861 651 2970 leges
685 2860 787 2941 facta
817 2876 912 2942 suut
939 2892 1040 2943 ausu
1082 2865 1299 2943 temerario
1341 2862 1490 2945 audeat
1528 2865 1621 2973 quis
1663 2862 1886 2971 infringere

89 2973 147 3053 uel
187 2976 346 3058 donum
387 3003 481 3056 cunr
527 2973 685 3055 iniuriis
734 3001 954 3080 usurpare,
998 3003 1048 3054 ne
1099 2974 1225 3054 eciam
1266 3002 1390 3083 super
1430 2974 1508 3055 boc
1555 2974 1717 3056 sinistra
1758 2976 1917 3084 possit‘

89 3083 225 3169 baberi
267 3086 444 3196 suspicio
486 3085 640 3166 litteras
681 3100 885 3192 presentes
935 3084 1056 3192 sigilli
1106 3085 1236 3163 nostri
1287 3086 1505 3166 munimine
1539 3102 1581 3167 et
1623 3084 1762 3166 dilecti
1800 3084 1884 3165 fra·
1964 3172 1967 3178 ,

27 3223 31 3234 ’
89 3201 154 3280 tris
180 3200 318 3280 nostri
345 3194 500 3277 domini
529 3195 580 3277 .b.
627 3197 862 3302 lyncopeus.
895 3196 1074 3304 episcopi
1116 3194 1402 3276 corfirmamus.
1458 3197 1605 3276 Datum
1647 3202 1772 3279 Anno
1811 3196 1885 3276 do·

89 3313 188 3391 mini.
225 3307 685 3392 M⁰.CC⁹.LXXX⁸.IX⁰.
713 3303 846 3415 pridie
872 3304 973 3388 Jdus
1002 3294 1125 3404 iunii,
1153 3309 1207 3388 Jn
1233 3304 1300 3388 die
1327 3309 1649 3390 consecracionis
1681 3305 1886 3392 abbatisse

71 3431 127 3502 'ac
152 3424 329 3503 aliarum
359 3419 590 3502 monialium
620 3417 897 3527 plurimarum.
1137 3420 1141 3430 '
1643 3445 1650 3469 =

593 3563 640 3626 Pa
662 3561 835 3624 srdnsidtn:
862 3561 910 3622 De
933 3558 1092 3623 ramstadb
1120 3555 1154 3623 dt
1182 3559 1380 3624 tidhiauath.
1504 3586 1508 3592 ·

724 3677 825 3759 Bt'gge
846 3674 965 3760 sigilleu
987 3685 1041 3738 tro
1069 3675 1251 3739 bortsallue⁸

85 4007 213 4196 995.
277 4057 279 4062 ·
335 4187 341 4196 .
713 4045 856 4192 1289
902 4043 951 4149 a.
1006 3979 1256 4213 maun
1626 4037 1884 4190 stringes.

157 4273 277 4354 Biskop
299 4271 417 4332 Parrus
438 4269 448 4328 i
468 4265 626 4329 Westerds
648 4265 808 4342 Fullmalrt
830 4265 878 4325 liii·
900 4281 971 4327 atne
992 4265 1119 4326 caniler
1139 4275 1183 4327 att
1205 4264 1260 4326 bos
1280 4265 1398 4328 Prisceu
1420 4264 1524 4328 utliira
1545 4263 1623 4328 baua
1643 4268 1801 4346 ingemat
1830 4269 1886 4327 rii-

209 4353 309 4416 ra'nde
329 4351 566 4434 oligenbeterua
587 4350 624 4410 al
645 4347 751 4410 Lunds
771 4346 1032 4432 lale-Bislopars
1053 4347 1173 4410 Primat
1194 4349 1283 4410 diver
1303 4348 1437 4429 Sverige.

1460 4431 1498 4483 Δ.
1512 4448 1537 4485 a.
1552 4427 1599 4494 (K
1616 4445 1642 4498 y.
1659 4447 1683 4485 a
1700 4432 1755 4501 7⁸)

186 4566 450 4650 Sanctissimo
479 4545 662 4668 Patriae
691 4567 885 4661 Domine,
912 4563 1174 4645 sacrosancte
1192 4565 1372 4646 Romane
1398 4594 1445 4646 ac
1484 4565 1720 4646 uniuersalis
1755 4553 1882 4646 eecle-

83 4685 142 4762 siae
170 4709 332 4764 summo
360 4679 567 4776 Pontifici,
597 4683 739 4760 Petrus
756 4675 839 4763 'dei
860 4677 997 4784 gracia
1040 4677 1254 4785 episcopus
1295 4677 1505 4774 arusiensis
1552 4691 1767 4786 totumque
1804 4679 1879 4756 Ca·

82 4795 272 4901 pitulum·
285 4789 462 4872 eiusdem
491 4791 569 4872 loci
598 4787 734 4871 oscula
765 4788 987 4869 beatorum.
1031 4787 1185 4868 Noscat
1220 4790 1363 4870 Vestra
1408 4786 1606 4868 Sanctitas
1662 4786 1881 4868 reserenda

82 4903 188 5014 quod
233 4927 306 4984 nos
348 4903 515 4983 facimus
565 4900 845 4982 constituimus
885 4913 928 4979 et
969 4894 1203 4980 ordinamus
1251 4915 1413 4981 nostros
1453 4916 1494 4977 et
1535 4898 1719 4985 ecclesie
1743 4890 1884 4978 nostre
1931 4992 1934 5000 Ι
2062 4969 2069 4984 ,
2106 4925 2110 4932 ·

82 5033 365 5122 procuratores
404 5013 558 5096 amores
599 5009 789 5114 sindicus
831 5025 872 5092 et
911 5009 1086 5092 nuncios
1132 5010 1324 5120 speciales
1373 5006 1568 5120 prouidus
1612 5025 1654 5091 et
1687 5007 1885 5091 discretos
1969 5028 1970 5033 ‘
