4317 5975
953 287 1042 397 .—
1151 333 1232 416 628
1343 373 1400 396 -·

290 577 334 644 et
360 559 538 670 juribus,
565 555 715 668 quibus
741 549 1055 664 gaudebantab
1084 553 1272 664 antiquo,
1312 551 1520 654 casalae,
1561 550 1675 666 quod
1709 580 1760 637 cx
1796 583 1919 639 caussa
1940 567 2028 658 ratio.

292 673 375 755 nali
403 667 625 752 subsidium
654 666 739 775 peti
767 682 902 773 posset
930 679 972 746 et
998 665 1147 774 suscipi
1184 663 1234 746 de
1267 663 1519 748 subditorum
1560 665 1816 774 beneplacito
1840 685 1877 748 et
1901 697 2029 762 assensu,

198 801 201 804 ’
282 789 489 880 ,Praeterea
518 782 560 861 iu
588 779 705 859 terris
734 777 881 856 nostris
908 777 1111 857 Dominus·
1141 777 1240 858 Rex'
1263 775 1387 856 frater
1432 794 1569 858 noster
1612 778 1710 858 nilril
1741 781 1955 888 praecipere,
1987 793 2031 871 vel

291 894 487 979 mandare
513 896 596 972 sive
623 886 804 998 judicare
831 884 972 983 debet,
996 889 1078 967 nisi
1106 884 1157 968 de
1188 886 1269 968 suis
1295 886 1548 985 hominibus,
1588 906 1630 992 et
1670 889 1732 970 his
1772 915 1859 1001 quac
1895 901 2031 1001 superius

291 1005 531 1090 nominatim
557 1016 655 1085 sunt
682 1025 879 1106 expressa.
941 999 1026 1080 Nec
1060 994 1181 1081 debet
1215 1014 1389 1079 castrum
1427 999 1511 1080 sive
1549 1001 1813 1097 munitiones,
1852 1003 1908 1082 vet
1942 1023 2033 1091 terras

291 1117 496 1230 aliquibus
523 1114 567 1194 in
595 1126 857 1223 perpetuum,
885 1109 948 1192 vel
976 1108 1029 1190 ad
1067 1124 1227 1218 tempus
1255 1107 1448 1204 vendere,
1476 1111 1767 1219 impignorare,
1791 1129 1894 1192 extra
1914 1143 2034 1202 manau

289 1257 406 1314 suam
433 1220 606 1337 ponere,
633 1222 697 1303 vel
726 1219 904 1301 alienare
932 1247 1100 1332 quoquo
1143 1220 1276 1302 modo.
1348 1223 1451 1323 Quae
1492 1223 1621 1302 omnia
1667 1224 1744 1331 ipsi
1787 1221 1895 1302 fratri
1934 1245 2036 1314 nostro

291 1339 424 1424 facere
451 1337 638 1416 volumus
666 1348 706 1412 et
732 1359 906 1412 servare.
962 1331 1061 1412 Item
1091 1349 1231 1412 omnes
1254 1329 1400 1412 Milites
1442 1350 1484 1415 et
1525 1333 1725 1442 Armigeri
1766 1335 1960 1444 utriusque
1985 1367 2037 1422 no-

290 1459 420 1536 struni
449 1448 721 1550 libertateset
749 1440 838 1550 jura
867 1440 1065 1538 babeant,
1094 1441 1243 1550 quibus
1271 1444 1334 1524 usi
1364 1443 1531 1524 fuerunt
1546 1442 1598 1523 ab
1613 1447 1794 1555 antiquo.
1823 1447 1915 1525 Item
1938 1453 2036 1532 omnia

288 1567 465 1648 remissa,
511 1555 623 1648 laem
651 1560 788 1633 omnes
821 1551 1044 1659 diligenda
1068 1573 1071 1577 ’
1095 1553 1255 1662 Captivi
1298 1581 1437 1634 omnes
1476 1555 1627 1636 dimissi
1670 1557 1798 1637 liberi.
1855 1557 1920 1636 Est
1952 1562 2038 1642 etiam

200 1743 203 1746 .
289 1675 552 1788 placitatum,
583 1663 695 1778 quod
722 1664 925 1769 Magnifici
952 1665 1159 1770 Principes
1187 1679 1228 1744 et
1256 1665 1439 1762 Domini,
1471 1667 1613 1748 Ericus
1642 1666 1795 1762 Daciae,
1830 1684 1868 1746 et
1892 1668 2039 1777 Birgerus

290 1785 465 1876 Sueciae,
487 1779 562 1872 Dei
591 1776 718 1885 gratia
746 1777 895 1882 Reges,
911 1773 1191 1870 ,Christoferus
1219 1775 1335 1870 Dux,
1362 1775 1571 1860 Gerardus
1589 1778 1733 1859 Comes
1754 1777 1943 1873 Holsatiae,
1962 1781 2040 1862 Heu·

172 1949 180 1957 ·
289 1899 400 1979 ricus
427 1885 759 1998 Magnipolensis,
786 1902 827 1965 et
856 1886 942 1966 Nos
970 1904 1113 1967 mutuo
1141 1913 1216 1966 nos
1244 1885 1473 1993 juvabimus
1515 1903 1658 1970 contra
1700 1916 1969 1998 quemcunque
1990 1891 2041 1971 ho

290 2008 441 2091 minem
470 2027 577 2082 nune
605 2000 824 2092 viventem,
853 1996 1030 2083 consiliis
1058 2013 1100 2078 et
1128 1997 1287 2078 auxiliis
1316 1999 1572 2108 opportunis.
1627 1999 1813 2080 Castrum
1848 2027 1937 2079 uero
1968 2001 2042 2082 Nor·

291 2118 418 2230 copiae
441 2113 675 2215 inchoatum
697 2105 820 2200 debet
839 2108 1001 2233 penitus
1015 2108 1212 2202 demoliri·
1241 2109 1390 2200 Datum
1411 2127 1451 2194 et
1467 2127 1602 2192 aetum
1617 2098 1683 2194 die
1697 2125 1737 2191 et
1753 2109 1843 2192 loco
1865 2112 2043 2218 premissis

307 2505 473 2663 1691.
546 2445 550 2451 Ι
935 2502 1088 2611 1310
1134 2499 1183 2606 d.
1228 2537 1294 2609 22
1340 2499 1453 2612 luti.

345 2686 348 2693 ’
371 2688 648 2780 Kytkoberdame
668 2687 795 2765 Nicoma
815 2689 827 2752 i
848 2687 1036 2753 Solleutuna
1057 2687 1120 2753 och
1141 2691 1267 2754 Nroouar
1288 2690 1299 2750 i
1321 2689 1508 2774 Skepptuna
1529 2708 1602 2752 avar
1622 2688 1674 2754 till
1688 2683 1885 2772 traebiskop
1895 2687 1955 2752 bib
1970 2686 2019 2754 itt

414 2775 494 2855 sala,
513 2771 677 2857 angaende
698 2772 914 2869 fullgdrandet
934 2773 973 2836 af
988 2774 1050 2837 den
1069 2773 1216 2840 ernstius
1236 2771 1464 2856 befallningeu,
1485 2781 1534 2836 stt
1554 2773 1566 2836 i
1586 2771 1750 2859 kyrlorua
1764 2772 1906 2836 taratara
1915 2697 2045 2855 drlcditb

323 2945 327 2954 1
416 2877 481 2924 oen
501 2855 584 2924 Olos
598 2851 760 2942 bunnlyssf·
885 2950 888 2954 ι
1879 2937 1912 2993 A.
1928 2953 1950 2991 a.

402 3040 640 3126 Venerabili
668 3040 715 3150 jn
742 3040 895 3121 christo
923 3043 1031 3148 patri
1058 3068 1106 3123 ac
1134 3042 1300 3124 domino
1326 3066 1403 3121 sue
1445 3039 1611 3122 domino
1653 3041 1823 3124 Nicolao
1852 3038 1913 3122 dei
1950 3044 2047 3149 gracia

198 3219 201 3227 -
292 3152 611 3267 Arebiepiscopo
637 3152 849 3262 upsalensi.
907 3152 1114 3234 nicomas
1142 3152 1192 3234 de
1220 3152 1534 3235 solandatunum
1562 3170 1604 3233 et
1638 3176 1838 3236 utcouaus
1864 3150 1915 3232 de
1951 3151 2047 3259 skicp

55 3302 56 3305 ‘
145 3320 156 3374 ἢ
274 3266 439 3358 ¹auruum
468 3264 726 3350 eeclesiarum
762 3278 949 3343 rectores.
988 3259 1127 3344 debite
1162 3264 1423 3347 subiectionis
1458 3283 1499 3346 et
1526 3261 1761 3346 obediencie
1803 3262 2049 3373 promptitudi-

292 3406 387 3463 nem
412 3403 507 3458 oum
535 3374 766 3458 reuerencia
793 3390 837 3454 et
864 3375 1036 3454 seruioio
1064 3372 1223 3457 denoto.
1278 3376 1517 3483 Recepimus
1553 3373 1707 3457 dudum
1742 3375 1983 3487 paternitatis
2004 3398 2048 3454 re·

183 3508 188 3522 “
252 3532 255 3537 ·
293 3508 376 3573 stre
403 3488 560 3569 litteras
586 3486 629 3592 jn
657 3485 731 3566 bec
759 3483 895 3566 verba.
926 3484 1135 3567 Nicotaus
1163 3485 1303 3568 diuina
1333 3491 1408 3567 &e
1437 3486 1490 3567 Sc
1504 3491 1650 3593 for-cg.
1679 3488 1762 3569 Neo
1796 3489 1911 3569 1680.
1939 3483 2049 3565 Voleu-

203 3682 214 3702 ,
276 3599 367 3683 tes·
383 3598 511 3706 igitur
539 3596 794 3707 paternitatis
820 3611 952 3677 vestre
980 3595 1242 3704 mandatajn
1270 3595 1457 3677 omnibus
1485 3594 1705 3679 secundum
1733 3596 1889 3677 dictum
1924 3594 2050 3705 exsequi

246 3722 253 3731 '
294 3722 531 3795 reuerentes
545 3740 551 3761 ¹
567 3722 611 3786 et
645 3705 861 3788 efficaciter
902 3722 948 3787 rt
989 3720 1193 3805 tenemur,
1235 3708 1471 3789 accessimus
1513 3707 1779 3818 personaliter
1826 3706 1878 3788 ad
1914 3707 2050 3815 singulas

227 3837 230 3841 ’
294 3820 482 3907 eeclesias
508 3816 675 3926 upsalia,
703 3816 853 3927 baaling
878 3832 920 3898 et
947 3817 1200 3915 stocbolmis,
1234 3834 1275 3899 et
1306 3818 1460 3900 litteras
1496 3834 1649 3901 vestras
1690 3816 1894 3929 predictas
1921 3816 2051 3927 jntpsu

291 3935 396 4017 bora
424 3955 603 4057 congrae
631 3928 886 4037 presentibus
914 3927 1099 4036 plurimis
1128 3928 1283 4011 clericis
1310 3945 1352 4009 et
1379 3930 1489 4009 laicis
1523 3928 1687 4037 publice
1727 3927 1900 4036 legimus
1938 3946 1974 4011 et
2005 3954 2051 4006 er·
2106 3998 2107 4067 q

232 4052 240 4071 ⁸
292 4041 573 4156 posuimuan
600 4035 782 4147 uulgari,
810 4066 858 4120 ac
886 4035 1094 4120 dominum
1131 4038 1309 4135 Olauum
1351 4038 1676 4125 archidiaconum
1708 4040 1953 4147 upsalensem
1990 4062 2053 4147 pra·

293 4155 449 4238 dictum
476 4149 865 4237 excommunicatum
895 4150 1057 4257 publice
1087 4152 1364 4233 nunciauimus
1397 4150 1616 4233 secundum
1657 4154 1837 4260 ipsarum
1880 4152 2053 4233 continen-

295 4268 397 4349 ciam
426 4262 674 4356 litterarum,
701 4260 779 4340 boc
807 4261 933 4341 eciam
961 4258 1006 4367 jn
1035 4261 1183 4341 nostris
1211 4260 1387 4367 ecclesijs
1415 4264 1595 4345 similiter
1628 4262 1831 4345 facientes.
1889 4267 1937 4343 ln
1963 4262 2055 4343 Cultu

292 4378 367 4459 Rei
393 4371 668 4455 testimonium
692 4369 824 4478 sigilla
848 4386 987 4452 nostra
1016 4370 1271 4479 presentibus
1297 4390 1395 4468 sunt
1420 4400 1609 4482 appensa.
1652 4374 1858 4482 Scriptum
1886 4371 1948 4455 die
1971 4370 2055 4455 beuta

293 4487 419 4570 Maris
447 4479 693 4591 Magdalenc.

380 4626 430 4695 Pa
441 4624 637 4715 semidam
657 4622 766 4713 littera
784 4620 842 4701 de,
859 4617 993 4683 domino
1011 4619 1119 4683 Olauo
1140 4619 1387 4705 archidyacono,
1429 4658 1431 4665 ·
1453 4622 1583 4701 salensi;
1603 4624 1678 4709 med
1694 4644 1800 4689 anm
1821 4622 1927 4689 hand:
1945 4618 2018 4710 μα

761 4702 1095 4770 excommunicabitur
1116 4704 1157 4768 ad
1170 4706 1363 4775 ,mandatum
1382 4726 1437 4769 arc
1464 4708 1625 4793 'episcopi
2016 4727 2023 4749 ⁴

688 4820 822 4908 Sigilleu
841 4820 996 4902 skadade,
1014 4820 1059 4909 pa
1079 4831 1195 4891 tvenne
1215 4840 1257 4885 ur
1276 4819 1404 4891 brefret
1423 4822 1548 4909 klippts
1569 4828 1701 4892 temtor.

1711 5026 1717 5036 .
1841 4918 1997 5067 1692.
