4317 5975
745 300 822 378 ‘-
930 310 1013 418 675
1124 323 1197 382 -'

91 533 206 644 aliqua
249 529 301 613 de
343 527 462 613 bonis
491 532 668 641 propriis
698 527 1007 632 ministrabunt,
1038 549 1165 646 prout
1192 531 1361 644 singulis
1389 529 1527 616 diuina
1555 529 1678 616 fuerit
1704 532 1877 646 inspiras

92 645 190 729 aione
215 659 464 752 suggestum,
504 661 574 726 aut
601 644 700 725 alias
736 641 785 725 ad
815 637 1116 755 promocionem
1146 647 1346 758 presentis
1381 645 1542 755 negorij
1581 645 1795 746 consilium
1836 661 1879 727 et

93 755 267 839 auxilium
302 753 563 863 inpenderint
598 770 857 866 oportunum.
927 760 1068 858 Porro,
1097 761 1130 852 si
1167 757 1273 841 sorte
1302 757 1354 840 ali
1388 783 1628 839 noseorum
1657 757 1878 870 quicruce

89 882 254 978 suscepta
267 866 309 948 iu
323 866 402 946 iam
423 864 529 950 dicte
544 886 650 951 terre
664 885 802 950 sancte
819 867 1055 968 subsidium,
1071 785 1548 982 proficiscend'iiaborem
1562 867 1772 966 subierint,
1785 883 1879 979 post

90 994 278 1088 arreptum
307 979 384 1058 iter
412 978 641 1061 huiusmodi
670 985 721 1060 ex
749 979 825 1060 bac
862 980 952 1061 luce
993 984 1164 1090 migrare
1199 983 1434 1093 contigerit,
1475 983 1587 1090 ipsos
1617 975 1879 1077 nihilomiuus

86 1090 189 1202 plene
203 1091 413 1199 percipere
434 1088 620 1170 volumus
643 1089 942 1200 indulgenciam
958 1092 1216 1201 prelibatum,
1259 1122 1450 1204 personas
1470 1119 1553 1204 quo
1584 1119 1638 1172 ue
1649 1088 1821 1174 familias
1836 1107 1879 1172 et

87 1205 350 1299 humectum,
382 1227 486 1310 quos
500 1199 552 1282 ad
567 1200 910 1285 transfretandum
938 1203 1220 1313 personaliter,
1250 1203 1316 1284 uel
1333 1199 1455 1286 ‘iuxta
1483 1121 1720 1315 quaiitatem
1750 1216 1791 1285 et
1819 1201 1879 1296 la,-

86 1313 280 1410 cultatem,
314 1339 425 1393 suam
470 1339 663 1422 personas
702 1311 882 1413 idoneas
937 1312 1199 1398 destinandas
1233 1331 1373 1398 votum
1411 1335 1612 1425 assumpte
1640 1318 1719 1400 iam
1746 1313 1880 1397 crucis
1950 1391 1956 1406 ,
2014 1321 2028 1340 “’

84 1425 471 1534 astringit-exnunc,
514 1433 637 1535 quos'
658 1453 757 1507 vero
799 1425 1055 1537 suscipiende
1097 1430 1246 1509 crucis
1264 1425 1315 1508 de
1343 1443 1479 1508 cetero
1507 1443 1646 1508 votum
1677 1425 1880 1538 obligabit
1948 1533 1949 1536 q

35 1539 42 1546 ’
84 1537 133 1620 ad
155 1536 254 1618 idem
284 1561 307 1616 a
336 1533 403 1615 dic
429 1563 511 1645 qua
540 1537 679 1618 taliter
712 1565 872 1620 crucem
902 1539 1220 1649 assumpserint,
1249 1539 1326 1620 sub
1356 1538 1466 1620 beati
1494 1541 1671 1620 Petriet
1699 1554 1879 1618 nostram
1950 1533 1952 1538 ’

86 1650 363 1758 protectionem
391 1648 649 1756 suscipimus,
694 1665 917 1732 statuentes
945 1669 990 1732 vt
1017 1649 1094 1731 sub
1123 1649 1447 1750 diocesanorum
1477 1665 1648 1732 suorum
1679 1645 1879 1730 defensio·

39 1761 386 1856 „reconsistann-
413 1757 537 1863 Quod
565 1762 599 1842 si
626 1785 696 1840 eos
724 1759 852 1872 aliqui
879 1757 1057 1847 indebite
1087 1763 1297 1844 molestare
1319 1760 1648 1873 presumpserint,
1677 1786 1753 1869 per
1773 1756 1878 1858 dro-
1914 1773 1918 1780 '

82 1897 233 1954 emaum
262 1871 464 1968 locorum,
511 1872 552 1951 in
581 1897 683 1983 quos
711 1871 832 1953 iidem
855 1859 1132 1956 molestatores
1161 1873 1325 1975 fuerint,
1355 1901 1428 1984 per
1457 1899 1666 1955 censuram
1691 1870 1878 1952 ecclesia-

81 1985 221 2080 sticam,
251 1980 526 2092 appellacione
543 1985 763 2093 postposita
779 2001 1101 2095 compescantur.
1122 1989 1320 2086 Preterea,
1340 1985 1449 2096 ipsis,
1465 1986 1537 2098 qui
1553 1981 1738 2092 predicto
1755 1977 1879 2064 modo
1920 2059 1931 2072 ,

81 2121 250 2189 crucem,
278 2094 343 2174 uel
374 2093 452 2173 iam
482 2095 879 2205 assumpseruntuel
915 2116 1122 2182 assument
1155 2099 1199 2180 in
1236 2103 1466 2208 posterum,
1511 2091 1790 2203 indulgemus,
1832 2105 1880 2173 vt

81 2229 151 2316 per
174 2204 291 2286 sedis*
304 2204 527 2312 apostolice
555 2205 721 2307 litteras,
750 2207 813 2289 vel
843 2207 1069 2317 legatorum
1099 2211 1197 2308 eius,
1227 2210 1305 2312 nisi
1331 2209 1437 2291 sorte
1468 2205 1638 2319 illeque
1668 2200 1721 2286 ab
1736 2201 1878 2286 eadem

79 2315 168 2402 sede
192 2333 359 2424 optenta
388 2317 557 2416 fuerint,
588 2317 747 2428 plenam
776 2315 827 2400 de
854 2319 1016 2402 indulto
1052 2319 1284 2402 huiusmodi
1314 2321 1483 2404 fecerint
1510 2317 1778 2413 mencionem,
1807 2341 1878 2396 ex-

78 2446 140 2509 tra
165 2454 254 2511 suas
280 2424 472 2527 dioceses
500 2456 582 2511 non
626 2430 791 2512 ualeant
833 2434 1062 2532 conueniri‚
1102 2428 1333 2514 dummodo
1366 2427 1497 2544 parati
1532 2430 1705 2512 existant
1740 2453 1879 2508 coram

78 2542 157 2621 suis
182 2537 415 2638 ordinariis,
451 2538 503 2625 de
544 2569 586 2623 se
612 2540 919 2651 querelantibus
947 2541 1206 2656 respondere.
1276 2547 1391 2650 Quos
1419 2569 1494 2650 per
1522 2538 1682 2623 eosdem
1711 2536 1878 2621 ordina·
1943 2561 1947 2568 ·

77 2650 156 2733 rios
179 2648 446 2732 ecclesiastica
475 2680 643 2735 censura
674 2652 855 2755 defendi,
893 2673 1072 2738 cessante
1103 2653 1395 2768 appellacionis
1424 2647 1655 2748 obstaculo,
1689 2649 1878 2732 volumus

76 2761 130 2843 ab
162 2761 257 2860 hiis,
288 2764 360 2873 qui
389 2760 547 2845 eosdem
576 2781 719 2846 contra
749 2766 949 2849 indultum
978 2765 1207 2849 huiusmodi
1242 2764 1563 2878 presumpserint
1598 2781 1748 2856 temere
1790 2785 1878 2875 mo·

76 2875 225 2957 lestare.
282 2874 398 2987 Siqui
425 2902 522 2958 vero
551 2878 731 2986 ipsorum
759 2877 811 2960 ad
838 2879 1073 2990 prestandas
1102 2907 1240 2964 rsuras
1269 2879 1495 2961 iuramento
1517 2889 1730 2958 teneantur
1758 2869 1877 2954 astri-

46 2988 148 3086 cti,
186 2983 407 3068 creditores
446 3014 586 3069 eorum
615 3016 690 3099 per
716 2988 965 3092 diocesanos
992 3019 1106 3093 suos,
1134 2988 1314 3077 censura
1337 2988 1456 3072 simili
1486 2983 1802 3096 compellentur,
1833 2998 1878 3066 vt

72 3103 339 3181 iuramentum
369 3099 597 3183 huiusmodi
632 3102 794 3209 penitus
821 3102 1066 3204 relaxantes,
1112 3102 1166 3185 ab
1201 3130 1413 3186 usurarum
1452 3098 1622 3181 ulterius
1665 3096 1878 3179 exactione

70 3211 276 3292 desistant.
350 3210 397 3291 st
425 3227 558 3293 autem
586 3209 712 3324 aliqui
739 3212 985 3296 creditorum
1013 3244 1082 3300 eos
1110 3234 1259 3299 extunc
1288 3212 1340 3299 ad
1382 3212 1640 3297 solucionum
1668 3208 1879 3317 coegerint

44 3323 301 3418 mutarum,
328 3323 438 3431 ipsos
465 3321 518 3405 ad
546 3321 846 3409 restitucionem
875 3328 889 3407 i
920 3352 1056 3409 sarum
1086 3357 1157 3440 per
1179 3326 1437 3429 diocesanos·
1462 3316 1643 3421 eosdem*
1665 3320 1786 3402 simili
1814 3318 1878 3411 di·

68 3434 283 3514 strictione
314 3433 510 3515 uolumus
552 3437 752 3545 compelli.
829 3354 977 3519 ludios
1014 3430 1267 3554 quoque'ad
1305 3433 1565 3520 remittendas
1592 3434 1690 3541 ipsis
1715 3452 1877 3529 usuras,

67 3571 147 3655 per
174 3544 393 3645 secrrlarem
422 3546 611 3653 compelli
640 3547 893 3661 precipimus
915 3566 1176 3659 potestatem,
1213 3566 1255 3632 et
1282 3546 1411 3630 donec
1440 3572 1507 3627 eas
1534 3542 1781 3641 remiserint,
1805 3536 1877 3623 'ab

64 3654 261 3737 omnibus
288 3656 428 3735 ebriati
456 3656 662 3752 fidelibus,
702 3660 854 3771 quibus
882 3660 978 3741 boc·
1018 3688 1063 3740 er
1087 3662 1188 3742 'suos
1217 3660 1468 3759 diocesanos
1489 3652 1778 3735 denunciatum
1807 3675 1878 3733 ex·

63 3767 242 3863 stiterit,
267 3782 352 3847 tam
382 3767 425 3845 iu
447 3768 717 3850 mercimoniis
745 3798 864 3881 quam
894 3771 937 3850 in
966 3690 1070 3867 aiiis,
1100 3770 1178 3853 sub
1206 3766 1638 3851 excommunicacionis
1667 3788 1773 3873 pena
1802 3760 1889 3843 uo·'

62 3880 204 3959 lomus
231 3878 553 3959 communionem
581 3880 851 3963 omnimodam
881 3878 1097 3991 denegari·
1138 3882 1348 3963 Postremo
1377 3874 1679 3985 crucesignatis
1699 3889 1741 3955 et
1756 3874 1876 3956 cruce

60 3984 277 4099 signandis
305 3986 452 4070 eisdem
489 3988 671 4071 uolentes
714 3991 874 4103 plenius
910 3986 1147 4103 prouidere,
1187 3992 1423 4104 diocesanis
1452 3992 1654 4098 ipsorum,
1696 4013 1744 4068 ac
1773 4011 1877 4065 uon·

60 4101 195 4181 nullis
222 4100 331 4196 aliis,
360 4098 600 4209 absoluendi
629 4126 699 4184 eos
726 4102 780 4185 ab
807 4106 1234 4187 excommunicacionis
1263 4094 1475 4185 sentenciis
1502 4100 1545 4181 in
1567 4099 1689 4181 variis
1717 4084 1878 4180 casibus

58 4210 296 4295 secundum
325 4209 424 4292 iuris
451 4227 494 4292 et
520 4211 901 4321 iactiexigeuci'am'
919 4207 1389 4326 putauimus'expedire,
1428 4200 1876 4322 necnondispensandi

57 4347 163 4407 cum
209 4323 381 4422 cle'ricis,
421 4324 493 4433 qui
529 4349 621 4406 cum
655 4352 679 4406 a
707 4348 862 4409 canone
890 4324 954 4407 vel
983 4326 1036 4409 ab
1064 4325 1227 4409 bomine
1256 4326 1378 4406 latam
1413 4324 1656 4405 sentenciam
1683 4319 1876 4407 incurris·

53 4452 162 4518 seut
193 4434 504 4543 irregularitatis
531 4449 691 4534 notam,
736 4432 994 4520 immiscendo
1022 4464 1064 4519 se
1094 4434 1244 4521 diuinis
1271 4436 1433 4534 officiis,
1469 4435 1763 4532 contraxerint,
1800 4454 1875 4541 per

52 4547 170 4629 alias
199 4562 359 4627 nostras
386 4544 538 4628 litteras
567 4544 727 4657 plenam
756 4565 798 4631 et
827 4546 996 4632 liberam
1015 4549 1273 4632 concedimus
1294 4547 1538 4631 facultatem.
1596 4548 1744 4629 Datum
1763 4537 1874 4657 apud
1964 4622 1965 4627 Ν

53 4654 216 4743 erbam
247 4674 432 4741 ueterem.
462 4656 540 4741 kal.
570 4662 741 4768 augusti.
772 4660 1033 4745 Pontilicatus
1062 4662 1188 4744 nostri
1217 4688 1323 4743 anno
1352 4674 1513 4771 quarto.
