4317 5975
974 434 1071 455 -·
1142 390 1220 490 588
1332 437 1455 468 -,

188 642 191 648 ’
266 629 341 694 .ter
371 609 632 720 precipiendo
660 607 913 708 mandamus,
956 611 1160 714 Quatinus
1192 611 1247 694 de
1289 607 1473 722 qualibet
1500 607 1677 719 hampna
1707 637 1826 720 penes
1860 637 2028 704 uosrnan

231 730 234 736 ’
276 723 429 804 bonam
459 751 619 804 uaccam
649 721 714 801 uel
744 721 851 802 aliud
882 749 1005 831 pecus
1031 722 1286 832 equiualens,
1322 751 1390 802 sex
1420 720 1573 802 talenta
1603 720 1725 818 lardi,
1753 737 1794 800 et
1827 723 1895 802 fria
1918 727 2029 812 talenta

233 868 236 876 ¹
276 833 427 927 butiri,
456 833 627 942 quilibet
657 834 829 913 rusticus
856 861 979 912 vnum
1011 833 1188 913 modium
1218 834 1371 929 brusei,
1399 831 1609 938 wlgariter
1637 831 1736 912 dicti
1766 831 1884 940 malijt
1901 839 2037 946 quilibet

169 953 172 960 '
277 971 403 1025 vnum
433 941 606 1022 modium
637 943 763 1022 farine
792 944 1005 1039 ordeacee,
1035 946 1209 1054 quilibet
1237 973 1362 1026 vnum
1391 943 1559 1051 pullum,
1589 960 1631 1024 et
1651 943 2031 1048 duovnamanserem,

225 1049 228 1052 ’
279 1055 441 1135 exibere
476 1069 518 1133 et
553 1052 711 1134 deferre
753 1055 838 1134 sine
879 1055 989 1134 omui
1017 1053 1353 1151 contradiceione,
1384 1070 1425 1134 et
1453 1052 1693 1134 difficultate
1733 1053 1907 1165 qualibet
1941 1087 2033 1168 quan

228 1181 253 1240 ss
278 1167 404 1248 cicius
430 1162 738 1260 studeatis,‘Jta
766 1165 876 1275 quod
899 1165 947 1247 ad
977 1165 1164 1246 ultimum
1194 1168 1386 1274 premissa
1415 1167 1567 1260 omnia,
1603 1163 1656 1246 ad
1683 1171 1860 1249 castrum
1893 1171 2035 1252 stollicl·

175 1283 183 1296 ‘
258 1304 431 1372 mense,
460 1304 553 1354 cum
580 1275 875 1356 exibicionibus
904 1277 1021 1356 uobis
1050 1305 1122 1383 per
1150 1306 1225 1359 nos
1253 1277 1436 1384 inpositis
1466 1303 1616 1384 nuper,
1644 1273 1829 1356 videlicet
1855 1279 1953 1390 quod
1986 1304 2036 1364 ser

277 1416 400 1489 vnum
429 1386 582 1482 bonum
614 1415 753 1493 pecus,
782 1403 823 1466 et
851 1387 1024 1496 quilibet
1051 1403 1175 1466 vnum
1205 1388 1382 1468 modium
1411 1386 1604 1495 siliginis,
1629 1415 1721 1467 eum
1745 1386 1891 1496 quibus
1905 1389 2039 1474 residere

234 1505 238 1514 “
277 1499 546 1606 presumsistis
574 1499 866 1577 contumaciter
895 1520 1022 1608 usque
1051 1501 1194 1594 modo,
1237 1499 1340 1579 infra
1386 1515 1479 1577 octo
1522 1498 1606 1578 dies
1636 1525 1682 1581 a.
1712 1502 1939 1607 receptione
1974 1521 2039 1608 pre·

221 1615 227 1624 ’
277 1612 458 1691 cencium
487 1606 617 1688 modis
643 1608 830 1687 omnibus
857 1611 939 1688 sint
967 1608 1120 1704 delata,
1163 1613 1337 1717 Jnsuper
1373 1607 1608 1691 mandamus
1637 1625 1682 1689 ut
1711 1637 1835 1689 naues
1875 1625 2041 1694 omneset

229 1720 232 1726 ’
278 1720 455 1828 singulas
483 1719 588 1799 ultra
620 1718 721 1799 .XX.
751 1719 933 1800 homines
961 1734 1169 1827 portantes
1198 1747 1337 1802 versus
1364 1718 1566 1800 stokholm
1596 1727 1686 1800 c'um
1716 1725 1896 1827 expensis
1931 1727 2040 1831 supie-

277 1831 397 1912 dictis
426 1833 566 1909 uenire
597 1827 767 1925 faciatis,
804 1849 845 1911 et
871 1858 973 1939 quas
1003 1833 1159 1911 mittere
1196 1860 1279 1912 non
1320 1832 1504 1940 poteritis
1544 1831 1828 1936 submergatis,
1872 1835 1936 1914 ita‘
1957 1827 2041 1942 quod

276 1945 414 2037 nobis,
449 1956 490 2019 ct
519 1939 656 2035 uobis,
685 1938 924 2049 dampnum,
954 1941 1018 2020 uel
1050 1945 1272 2049 periculum
1317 1941 1481 2051 aliquod
1508 1939 1576 2030 ,de
1619 1943 1793 2048 nauibus
1840 1943 2044 2051 supradictis

230 2055 236 2074 ²
277 2053 462 2161 generari
489 2077 572 2130 non
603 2053 748 2158 possit,
777 2069 817 2130 et
844 2053 986 2132 emulis
1014 2056 1161 2133 nostris
1182 2053 1234 2134 ad
1258 2053 1483 2162 profectum
1508 2055 1733 2160 proueniri,
1761 2053 1943 2134 Ceterum
1963 2061 2045 2134 miu-

278 2165 418 2244 damus
448 2178 494 2241 ut
519 2190 625 2241 vnus
647 2160 768 2240 homo
796 2161 847 2244 de
874 2163 1057 2272 qualibet
1086 2165 1260 2273 hampna
1291 2193 1397 2274 equo
1425 2181 1465 2244 et
1494 2165 1613 2245 armis
1649 2164 1715 2245 die
1751 2180 1952 2275 noctuque
1986 2165 2047 2244 sul·

237 2335 240 2339 «
276 2275 456 2355 ficienter
485 2289 649 2378 paratus
676 2275 838 2370 existat,
868 2272 996 2355 donec
1025 2273 1258 2357 mandatum
1288 2292 1492 2370 nostrum,
1522 2274 1588 2354 uel
1619 2275 1735 2355 nohis
1764 2274 1903 2357 dilecti
1926 2277 2046 2358 domini

276 2385 457 2492 hirgheri
486 2401 703 2490 paetarsson
732 2384 886 2492 legiferi
912 2385 1104 2494 uplandie
1136 2386 1356 2469 habueritis
1386 2387 1564 2496 iterem,
1581 2385 1663 2466 ista
1693 2387 1828 2466 omnia
1857 2403 1896 2467 et
1918 2387 2047 2494 ‘singula

278 2494 520 2602 expediatis,
562 2511 686 2601 prout
733 2498 982 2577 amissionem
1031 2495 1242 2578 bonorum'
1286 2515 1512 2578 uestrorum
1531 2535 1534 2545 ·
1555 2498 1755 2592 omnium,
1789 2515 1832 2578 et
1862 2501 1942 2578 uite
1980 2497 2047 2576 dili·

227 2622 232 2636 ’
277 2607 372 2714 gitis
400 2605 562 2699 euitare,
592 2607 739 2685 Datum
779 2606 1037 2704 stokholmis,
1077 2613 1210 2703 Anne,
1252 2608 1415 2690 domini.
1443 2608 1515 2689 ΜΟ.
1544 2608 1676 2689 CCC⁰.
1719 2635 1834 2690 nono
1877 2612 1917 2690 in
1945 2607 2049 2717 vigilia

279 2718 457 2798 omnium
487 2732 731 2794 sanctorum.
1215 2747 1219 2754 ⁴
1458 2762 1460 2770 ·
1830 2734 1832 2742 ·

508 2858 558 2922 Pa
567 2859 764 2942 srcinsiclan:
786 2859 903 2921 Litteras
924 2881 1015 2942 super
1035 2863 1265 2958 contribueione
1289 2883 1437 2947 pecorum
1459 2859 1499 2922 ad
1520 2871 1654 2924 castrum
1677 2859 1868 2924 sthccholm.

687 2975 813 3059 Sigillen
835 2976 1004 3041 bortfallna
1026 2978 1097 3047 frdu
1116 2979 1175 3042 den
1199 3002 1237 3042 ur
1258 2979 1379 3043 brefvet
1399 2979 1520 3064 tttppta
1542 3000 1674 3042 remsau.

2106 2973 2109 3113 l

2104 3174 2109 3357 l

255 3434 453 3649 ‚aa
687 3610 721 3635 „
834 3559 839 3567 -
911 3509 1054 3655 1309
1102 3510 1149 3613 a.
1209 3548 1268 3622 to
1305 3510 1437 3641 uos
1865 3474 2054 3656 sigma.

248 3673 251 3680 ’
302 3688 305 3698 ’
360 3694 470 3791 Hertig
490 3696 688 3793 Waunrusns
709 3694 787 3796 bref,
810 3694 880 3792 med
898 3696 1040 3793 'tillrtdod
1064 3697 1114 3798 lb'r
1137 3695 1309 3793 Munlarne
1331 3696 1340 3757 i
1362 3693 1503 3777 sigum,
1526 3704 1572 3759 ett
1592 3696 1713 3781 sfyttra
1734 3696 1774 3791 de
1796 3698 1874 3761 dem
1908 3690 2057 3798 f‘o'rpsulslr

403 3778 584 3861 lordagods,
606 3778 727 3839 favillas
750 3774 926 3859 losmngstrd
948 3780 1043 3842 redon
1066 3780 1206 3863 lbrluprt.
1834 3862 1873 3917 A·
1891 3862 1914 3916 3·
1930 3878 1954 3915 e.

276 4015 278 4018 -
388 3964 668 4044 Vstnsrtsnus
708 3960 774 4043 dei
816 3965 950 4070 gracia
979 3966 1074 4043 Dux
1102 3963 1245 4043 suecie.
1274 3962 1472 4044 Omnibus
1500 3980 1706 4072 presentes
1735 3963 1897 4047 litteras
1931 3966 2056 4070 inspeo

277 4073 378 4153 turis
407 4073 576 4154 salutem
604 4074 645 4153 in
676 4072 851 4153 domino.
907 4074 1068 4153 Tenore
1098 4074 1349 4182 presencium
1380 4062 1632 4156 riutilicamus
1667 4076 1790 4177 Quod
1837 4095 1965 4159 terras
1999 4068 2017 4150 f
2046 4112 2059 4130 ·

277 4184 409 4264 tribus
435 4186 605 4265 sictunie
634 4186 676 4263 in
704 4185 950 4265 testamentis
978 4183 1196 4293 obligatas,
1241 4213 1412 4294 quarum
1441 4188 1636 4267 terminus
1679 4186 1975 4298 redempcionis
1999 4183 2057 4261 iam

166 4302 178 4313 ”
228 4347 231 4354 .
278 4296 481 4403 expirauit
509 4290 765 4376 concedimus
782 4293 960 4377 >liberam
989 4312 1030 4375 et
1058 4295 1276 4403 plenariam
1307 4312 1547 4404 potestatem
1576 4296 1852 4397 distrahendi,
1896 4301 1986 4408 quia
2014 4294 2059 4373 in·

277 4403 445 4512 dignum
475 4424 729 4515 reputamus,
771 4402 882 4514 quod
909 4404 1008 4487 dicti
1050 4404 1196 4488 fratres
1232 4426 1399 4513 propter
1443 4405 1564 4491 deum
1605 4436 1829 4517 pauperes,
1873 4438 1922 4491 ac
1962 4404 2059 4489 eciam

278 4516 457 4598 defuncti
485 4516 663 4601 indebite
678 4514 994 4600 defraudentur.
1033 4518 1182 4599 Datum
1211 4520 1379 4599 sictunie
1401 4522 1513 4601 'anno
1541 4518 1707 4603 domini.
1736 4520 1812 4605 Mt
1842 4520 1976 4603 CCC0.
1990 4514 2058 4597 le
2108 4550 2109 4559 ι

277 4622 391 4733 Hw-
419 4624 528 4744 Jdus.
558 4629 811 4711 Nouembris.
1024 4670 1027 4675 -
1063 4656 1069 4663 ·
1643 4645 1647 4659 .
1684 4653 1688 4661 ,
1726 4644 1730 4653 .

693 4768 813 4867 digillet
833 4770 995 4838 borlfallet
1014 4771 1084 4837 frdn
1106 4770 1166 4836 den
1189 4793 1227 4834 ur
1248 4771 1368 4837 brefvet
1388 4770 1511 4861 klipptc
1523 4761 1661 4877 ⁸sennan.

1810 4868 1815 4879 ι
1841 4892 1995 5041 1638.
