4317 5975
1000 346 1414 454 -570-
1697 333 1704 374 ¹

308 567 559 665 heredibus
575 585 773 677 perpetuo
802 563 1038 674 possidenda
1068 563 1291 646 iudicamus
1318 565 1617 647 sentencialiter
1646 565 1687 645 in
1717 564 1795 646 hiis
1822 561 1979 676 scriptis,
1998 574 2053 655 lla·

307 671 612 763 tum'salastum
642 683 763 760 Anno
791 675 948 785 dominj
977 677 1202 758 millesimo.
1231 675 1346 758 CCC.
1395 677 1515 756 Nouo
1543 694 1690 788 quarta
1729 675 1825 758 seria
1863 699 1943 790 post
1975 687 2054 794 quasi

255 828 257 833 ·
308 791 429 875 modo
457 793 593 902 geniti.
810 897 816 905 ι
1272 816 1277 828 ’

578 902 694 1004 ‚Dc—ur
714 931 835 995 bresvet
855 931 974 1018 llippta
997 950 1170 1008 remsorne,
1192 927 1312 1014 brarpi
1334 929 1451 1012 sigilleu
1474 929 1587 1013 btngt,
1606 939 1660 994 tro
1681 933 1842 1016 bortrilna.

320 1295 488 1403 1618.
942 1291 1189 1438 1309d.
1244 1293 1312 1397 13
1357 1297 1482 1440 Apr.
1575 1423 1578 1430 ἱ
1990 1296 2063 1406 Wr.

390 1481 541 1564 Bislopcu
574 1482 584 1541 i
616 1480 792 1564 Liulo'ping
812 1480 912 1541 Canus
945 1479 1155 1541 iiicordnande
1188 1479 1237 1540 [ὃν
1269 1477 1452 1542 Kettillrest
1485 1479 1525 1563 pt
1558 1477 1617 1571 den
1645 1480 1775 1558 vicaria,
1802 1501 1867 1544 aona
1888 1481 2063 1566 Fru'llclena,

432 1564 534 1628 johan
556 1565 712 1646 lngcesons
732 1565 828 1641 cula,
849 1566 974 1624 irirtttat
995 1564 1005 1623 i
1029 1562 1210 1647 Liulb'ping.
1832 1641 1862 1698 R
1879 1644 1903 1697 3:
1919 1647 1961 1699 ”3

419 1749 620 1830 Omnibus
663 1762 867 1855 presentes
911 1747 1062 1826 litteras
1104 1745 1346 1855 inspecturis
1387 1743 1585 1826 Kanopos
1629 1743 1694 1828 dei
1736 1748 1869 1854 gracia
1898 1750 2066 1857 episcopa

209 1952 213 1959 ,
285 1861 566 1972 ,lynoopensis
607 1857 777 1938 salutem
821 1859 860 1936 in
903 1855 1068 1937 domino
1110 1857 1393 1966 sempiternam
1425 1856 1711 1960 Quia-nobilis
1739 1875 1919 1941 matrona
1952 1859 2066 1942 Helena

306 1973 461 2056 Relicta
491 1969 685 2050 lobannis
727 1971 912 2074 lngaeson
956 1997 1006 2048 ex
1047 1995 1243 2048 consensu
1274 1987 1313 2048 et
1340 1963 1626 2048 beneuolencia
1655 1971 1807 2050 sororis
1850 1997 1918 2048 sue
1944 1972 2066 2050 cristine

307 2083 358 2168 de
393 2083 509 2165 bonis
538 2082 619 2160 suis
648 2079 817 2159 vtalensi
847 2093 887 2156 et
917 2079 1058 2171 lrnswi
1089 2079 1174 2158 sitis
1203 2106 1293 2158 cum
1323 2079 1511 2158 omnibus
1540 2104 1678 2158 eorum
1709 2077 1940 2162 adiacenciis
1965 2081 2067 2163 videli-

306 2212 371 2276 cet
404 2194 510 2300 agris
539 2191 666 2298 pratis
694 2189 805 2270 siluis
833 2189 987 2270 colonis
1017 2189 1257 2272 molendinis
1287 2205 1327 2268 et
1351 2189 1536 2297 piscariis
1569 2190 1771 2300 quandam
1801 2189 1945 2274 lecerat
1969 2208 2003 2272 et
2024 2219 2067 2272 or·

306 2303 524 2409 dinauerat
561 2304 603 2381 in
641 2301 805 2382 ecelesia
851 2317 985 2381 nostra
1016 2301 1237 2408 lincopensi
1267 2317 1502 2410 perpetuam
1534 2303 1722 2382 vicariam
1752 2303 1879 2412 ipsam
1907 2302 2069 2384 honorans

306 2414 489 2527 qualibet
510 2413 730 2521 septimana
751 2439 830 2490 vna
848 2414 961 2498 missa
992 2412 1044 2493 ad
1072 2439 1193 2522 quam
1224 2409 1484 2519 optinendam
1513 2409 1730 2492 discretum
1757 2417 1888 2494 virum
1903 2412 2068 2494 dominun

304 2526 574 2608 ltaetiluastum
605 2539 910 2632 presentaucrat
942 2539 1064 2631 prout
1094 2518 1355 2631 prouidivirj
1383 2521 1537 2630 dominj
1564 2523 1646 2604 .W.
1679 2525 1910 2636 prepositus
1934 2526 2069 2605 kanutus
2110 2605 2111 2608 ,

199 2691 203 2696 ·
305 2639 410 2721 Bero
445 2634 591 2742 ac‘alij
620 2634 807 2741 canoniej
838 2635 986 2741 nostrj,
1028 2630 1183 2713 dehoc
1212 2637 1284 2742 qui
1314 2662 1384 2714 ore
1414 2660 1488 2712 suo
1518 2635 1557 2713 in
1588 2635 1767 2744 capitulo
1809 2665 1942 2718 coram
1969 2639 2016 2718 eis
2035 2631 2069 2718 ad
2109 2609 2111 2720 l

303 2751 383 2832 hoc
425 2747 654 2854 specialiter
696 2747 873 2825 intrante
901 2745 1114 2825 audiuerat
1150 2743 1266 2826 nobis
1308 2745 1536 2826 retulerunt
1578 2745 1663 2828 Nos
1692 2763 1952 2828 memoratum
1979 2747 2070 2828 doni
2109 2777 2111 2880 p

306 2889 402 2942 num
445 2855 728 2952 kaetiluastum,
770 2853 822 2935 ad
852 2855 1102 2938 uoluntatem
1143 2856 1322 2964 predicte
1354 2873 1536 2936 matrone
1565 2856 1604 2934 in
1635 2855 1753 2942 bonis
1780 2857 2012 2968 supradictis
2033 2859 2071 2937 iu·
2109 2897 2111 2934 ÷

303 2972 506 3056 stituimus
547 2988 587 3061 et
629 2967 880 3077 corporalem
918 2968 1047 3050 eidem
1071 2970 1378 3077 possessionem
1409 2967 1695 3051 committimus
1724 2996 1797 3081 per
1826 2988 2018 3080 presentes
2036 2971 2070 3073 ln
2109 3006 2111 3057 t

56 3094 61 3112 ¹
304 3085 419 3166 cuius
462 3080 731 3161 institucionis
768 3078 1017 3163 euidenciam
1061 3080 1234 3185 sigillum
1265 3095 1446 3159 nostrum
1492 3082 1748 3187 presentibus
1784 3098 1845 3163 est
1877 3106 2071 3192 appensum

62 3288 68 3297 ι
189 3198 193 3214 ²
305 3197 450 3278 Datum
479 3192 550 3292 wir
577 3200 696 3275 Anno
724 3188 879 3299 dominj
908 3192 970 3273 ΜΘ
998 3193 1119 3273 CCC⁰
1154 3189 1425 3299 1X0‘yidibus
1455 3190 1605 3299 aprilis.
1847 3195 1853 3203 ’
2108 3200 2111 3333 Ι

315 3504 482 3734 1619.
1139 3571 1289 3685 Odat
1421 3505 1425 3512 ι

384 3769 535 3831 lausanae
555 3766 665 3829 oum
686 3765 746 3829 ocb
769 3768 890 3829 ileum
912 3767 1012 3829 Tunes
1032 3768 1186 3830 »ὅπως
1209 3768 1283 3831 bref
1299 3770 1339 3852 pa
1362 3766 1456 3851 nigre
1480 3768 1556 3851 gods
1579 3770 1627 3833 till
1639 3768 1738 3832 Siara
1750 3768 2073 3857 domprostcri,icrsltt·
2110 3800 2111 3843 3

427 3852 499 3930 uing
521 3848 571 3937 liic
593 3853 687 3932 uaga-a
709 3850 822 3930 andra,
845 3849 949 3911 baille
970 3852 1060 3913 daras
1080 3850 1195 3913 broder
1217 3852 1424 3937 Domprosten
1448 3852 1547 3939 Bcngt
1566 3852 1722 3937 olagligcn
1743 3854 1974 3991 ΐδηὶίυέτέιι

297 4047 301 4056 ’
411 4034 615 4117 Omnibus
643 4061 805 4142 presens
832 4036 1027 4143 scriptum
1057 4036 1337 4133 cernentibus,
1382 4018 1661 4136 Jaciuracms,
1698 4063 1835 4121 onnon
1873 4056 1915 4119 et
1942 4036 2074 4117 Hsumt
2109 4120 2111 4141 Ι

301 4140 583 4240 Tuuunman,
605 4146 772 4227 salutem
806 4146 847 4225 in
877 4144 1043 4227 domino
1071 4148 1372 4254 sempiternam,
1402 4148 1507 4251 Quia
1536 4146 1707 4231 dilectus
1729 4148 1857 4231 frater
1880 4162 2005 4231 noster
2025 4143 2074 4225 du·
2110 4150 2111 4171 ¹

299 4264 433 4343 minus
448 4256 685 4338 benedictus
699 4255 869 4337 condam
898 4258 1129 4366 prepositus
1156 4258 1350 4338 scarensis
1379 4258 1479 4345 duas
1501 4258 1685 4341 colonias
1706 4262 1747 4341 in
1775 4260 1927 4369 vlleruj
1946 4256 2074 4339 etcolo

299 4374 406 4453 niam
437 4368 627 4477 prestrpb
656 4370 697 4448 iu
734 4394 833 4447 moae
870 4363 1046 4463 haereth,
1074 4384 1116 4449 et
1143 4372 1309 4451 terciam
1339 4385 1491 4476 partem
1521 4370 1755 4481 prediorum
1785 4376 1825 4453 in
1857 4368 2074 4474 touaetborp,

301 4512 349 4563 ac
379 4478 517 4592 predia
561 4482 603 4559 in
643 4480 795 4559 lutrum
822 4478 877 4561 ad
907 4476 1201 4588 preposituram
1232 4472 1501 4589 pertinencia,
1532 4485 1676 4591 partim
1706 4512 1779 4592 per
1807 4482 2075 4567 vendicionem,

196 4663 198 4668 .
300 4595 446 4701 partim
475 4620 548 4699 per
577 4591 955 4685 commutacionem,
982 4606 1025 4671 et
1053 4592 1201 4700 partim
1225 4592 1349 4673 eciam
1381 4619 1454 4700 per
1475 4590 2075 4693 donacionem,alienauit‚sicnt
2110 4686 2111 4693 Ν

168 4762 176 4785 ,
260 4724 266 4733 ·
300 4703 583 4813 intelleximus·
600 4704 731 4784 minus
760 4704 883 4799 iuste,
913 4704 998 4785 Nos
1026 4700 1313 4811 indempnitatj
1341 4702 1506 4785 ecclesie
1534 4706 1743 4787 consulere
1771 4706 1994 4815 cupientes,
2018 4718 2074 4809 pro

299 4816 682 4921 recompensacione
717 4816 895 4897 omnium
941 4812 1235 4922 predictorum,
1266 4811 1442 4894 domino.
1500 4817 1692 4924 magistro
1737 4818 1951 4900 benedicto
1990 4832 2073 4891 nuuc

299 4926 509 5043 preposito
536 4927 711 5009 mareusi
734 4946 773 5008 et
801 4928 1057 5037 prepositure
1086 4924 1338 5007 refundimus
1365 4941 1406 5008 et
1433 4930 1681 5039 assignamus
1711 4930 1871 5013 nomine
1900 4940 2026 5010 nostro
2041 4930 2071 4999 el
