4317 5975
276 662 410 813 9³0·
1219 802 1223 807 ,

348 882 434 947 Cur.
459 880 660 945 Gusrarssous
679 874 864 941 sluldehref
879 878 920 963 ps
942 900 961 963 7
982 878 1076 949 mark
1096 880 1205 944 siliver
1234 878 1284 943 till
1311 879 1360 944 sin
1391 888 1490 966 syster
1521 826 1730 960 menni,
1762 878 1814 945 tor
1844 877 1959 947 haitan
1988 882 2082 951 skuld

399 968 495 1030 Forsa
515 978 613 1045 qrarn
634 958 755 1025 lemnos
777 963 825 1026 till
849 972 937 1049 pant.

1719 1043 1947 1105 khan&

223 1203 227 1212 ’
372 1178 574 1263 Omnibus
603 1207 767 1289 presens
795 1182 992 1289 scriptum
1028 1184 1298 1282 cernentibus,
1341 1183 1543 1264 Kanurnm
1585 1183 1751 1289 gozstal
1779 1210 1867 1281 son,
1903 1184 2076 1271 salutem

261 1298 303 1378 in
330 1289 496 1373 domino
523 1294 808 1401 sempiternam
834 1292 995 1375 Tenore
1026 1297 1275 1403 presencium
1310 1310 1497 1375 constare
1533 1295 1629 1375 volo
1671 1294 1875 1393 omnibus,
1913 1324 1977 1378 me
2015 1314 2076 1379 tc·

259 1407 348 1488 neri
376 1404 603 1513 obligatum
631 1404 775 1487 dilecte
802 1406 935 1485 sorori
963 1433 1047 1486 mee
1078 1422 1302 1515 margarete
1330 1405 1376 1513 jn
1404 1423 1561 1514 septem
1589 1408 1774 1488 marchis
1804 1410 1897 1515 puri
1926 1422 2098 1516 argen·'

261 1518 293 1598 ti
321 1543 395 1626 per
423 1516 558 1597 natale
587 1513 739 1596 domiui
770 1518 954 1625 proximo
982 1516 1166 1598 futurum
1187 1516 1486 1625 persoluendis,
1523 1519 1557 1599 si
1585 1534 1724 1597 autem
1753 1546 1815 1599 me
1842 1521 1945 1599 mori
1976 1547 2075 1601 con·

258 1629 400 1739 tigerit
427 1627 533 1708 infra
562 1627 714 1709 dictum
741 1631 958 1709 terminum
986 1629 1063 1735 ipsi
1091 1626 1336 1709 sorori‘mee
1366 1627 1642 1709 molendinum
1670 1658 1803 1728 meum
1841 1634 1885 1711 in
1922 1632 2076 1714 sorsum

260 1741 523 1849 inpignoraui
552 1768 628 1848 pro
656 1756 825 1848 argento
855 1742 1075 1836 memorati,
1104 1768 1230 1849 vsque
1258 1738 1411 1821 dictum
1440 1759 1653 1850 argentum
1684 1769 1757 1849 per
1785 1767 1848 1820 me
1891 1741 1956 1823 rel
1999 1771 2074 1851 per

258 1850 429 1932 heredes
458 1877 565 1931 meos
594 1850 718 1931 fuerit
747 1851 1018 1960 persolutum,
1048 1854 1147 1931 &si
1176 1849 1284 1932 dicta
1317 1853 1489 1959 pecunia
1527 1854 1571 1933 in
1609 1854 1737 1932 natali
1779 1868 1825 1933 vt
1861 1852 1947 1935 diiri
1982 1883 2071 1938 non

125 1988 129 1995 ·
260 1963 507 2073 persoluitur
527 1963 621 2071 ipsa
651 1963 785 2043 statim
813 1966 856 2043 in
884 1992 998 2045 suam
1027 1978 1265 2072 potestatem
1293 1965 1463 2073 recipiat
1493 1962 1767 2045 molendinum
1795 1963 1840 2072 jn
1866 1966 1982 2045 cuius
2006 1970 2067 2049 rei

259 2076 531 2156 testimonium
560 2074 736 2182 sigillum
768 2101 898 2155 meum
935 2103 1026 2157 cum
1063 2075 1203 2181 sigillis
1239 2073 1498 2154 dominorum
1535 2075 1709 2185 haquini
1743 2092 1855 2155 tunae
1890 2104 1966 2157 son
2006 2080 2071 2160 ni·

261 2182 393 2266 cholai
420 2185 598 2293 sigrithae
621 2214 711 2284 son,
738 2188 890 2266 Datum
917 2214 1024 2267 anno
1053 2186 1207 2269 domini
1239 2186 1564 2266 M⁰CC⁰LXXX⁰
1595 2188 1785 2297 septimo.
1911 2184 1916 2193 ’

344 2326 392 2391 Pa
414 2326 572 2390 frdnsidau
594 2328 666 2391 med
688 2327 825 2410 gammal
847 2327 950 2390 baud:
972 2326 1070 2394 thena
1092 2337 1127 2396 fir
1149 2315 1272 2391 hrefret
1295 2349 1356 2413 vpa
1377 2327 1461 2389 sorta
1482 2336 1602 2411 qwsrn.

346 2442 490 2529 Sigillen:
516 2464 541 2509 ι.
562 2444 636 2513 Med
657 2463 775 2533 repen:
796 2444 978 2509 omslrillen
999 2441 1128 2512 skhdad,
1149 2464 1178 2507 a.
1199 2443 1273 2509 Med
1296 2464 1415 2531 rapto,
1435 2444 1632 2519 omskrillenz
1661 2456 1689 2520 -Ι-
1718 2449 1871 2511 s'rrcuona
1890 2476 1909 2495 ·
1929 2464 2080 2511 ·1onruss

262 2547 342 2597 'tt-11.

272 2930 408 3081 931.
572 2878 579 2885 ν
1094 2936 1264 3077 1287.
1374 3035 1379 3043 .

347 3151 697 3298 Bodlnldiullimllk
713 3151 921 3296 tTestamenta
942 3151 983 3238 ps
1005 3153 1074 3238 jord
1094 3154 1105 3216 i
1126 3154 1308 3240 Serpaboda
1329 3155 1378 3218 till
1400 3155 1591 3241 Linlb‘pings
1610 3153 1788 3241 domkyrka
1812 3155 1874 3222 och
1899 3157 2074 3242 penningar

536 3254 545 3294 ι
572 3256 623 3317 rga
677 3255 711 3298 os
724 3255 766 3297 er.
1297 3299 1303 3308 .

1754 3320 1932 3391 &bad

375 3457 427 3536 th
454 3455 617 3534 nomine
645 3451 801 3534 domini
831 3480 959 3550 amen,
989 3452 1195 3556 Quoniam
1237 3471 1286 3535 ut
1326 3455 1384 3535 ait
1426 3453 1646 3564 apostolus,
1689 3481 1828 3536 omnes
1870 3454 2068 3541 stabimus

262 3582 357 3648 ante
384 3565 586 3660 tribunal,
619 3581 664 3644 ut
697 3559 867 3674 recipiat
894 3567 1174 3675 unusquisque
1203 3569 1369 3677 propria
1396 3568 1582 3675 corporis
1610 3585 1734 3677 prout
1763 3569 1898 3675 gessit,
1928 3597 2070 3651 neces·

261 3679 412 3761 sarium
439 3703 524 3758 esse
551 3674 788 3773 dinoscitur,
816 3679 983 3757 extremi
1011 3676 1152 3784 iudicij
1179 3677 1298 3776 diem,
1326 3679 1519 3786 operibus
1534 3677 1805 3761 misericordie
1833 3681 2070 3791 preuenire,

262 3788 360 3872 hinc
385 3806 446 3870 est
473 3786 586 3899 quod
612 3814 689 3896 ego
718 3790 906 3869 Borrnnrs
943 3787 994 3868 dc
1023 3786 1290 3887 Vismarlrum,
1318 3819 1415 3887 sana
1444 3795 1484 3871 8r
1511 3790 1737 3888 incolumis,
1765 3817 1813 3871 ac
1843 3821 1915 3900 per
1928 3794 2068 3874 omnia

262 3900 413 4011 optime
442 3901 519 3980 mei
552 3925 737 4008 compos,
775 3898 956 4006 diligenti
992 3898 1289 3982 deliberacione
1326 3901 1559 4008 prehabito,
1596 3906 1637 3982 &
1671 3918 1833 3984 maturo
1870 3905 2065 4000 consilio,

260 4039 312 4094 ne
341 4041 403 4093 mc
430 4012 474 4091 in
501 4014 618 4092 annis
645 4011 854 4108 senilibus,
885 4011 1098 4119 repentina
1127 4028 1275 4109 morte,
1304 4013 1393 4093 tolli
1421 4014 1633 4121 contingat
1664 4012 1716 4095 de
1745 4013 1879 4094 medio
1901 4018 2066 4096 intesta·

258 4139 373 4219 tam„
393 4121 444 4204 de
472 4123 589 4203 bonis
618 4124 714 4203 mihi
740 4151 764 4202 a
793 4121 871 4202 deo
900 4120 1055 4204 collatis
1084 4123 1221 4203 taliter
1249 4123 1348 4204 duxi
1377 4123 1668 4223 ordinandum,
1698 4128 1751 4206 Jn
1787 4126 1928 4232 primis
1964 4154 2065 4208 con·

259 4232 349 4314 fero
376 4232 541 4316 ecclesie
569 4235 829 4344 Lincopensi,
858 4231 1069 4314 dimidium
1109 4238 1363 4316 octenarium
1396 4253 1503 4316 terre
1538 4237 1582 4316 in
1614 4235 1933 4344 serpaebothum,
1970 4264 2066 4345 pcr-

260 4363 385 4456 petuo
404 4343 700 4453 possidendum.
757 4348 862 4425 l‘tem
890 4345 1084 4425 fratribus
1112 4346 1338 4426 minoribus
1365 4346 1562 4455 Lincopie
1593 4348 1695 4429 .XV.
1726 4349 1912 4429 marchas
1937 4346 2064 4429 dena·

259 4458 434 4554 riorum,
463 4456 574 4564 apud
603 4485 707 4567 quos
734 4457 1072 4566 quandocumque
1102 4484 1163 4535 me
1192 4454 1243 4537 de
1272 4460 1451 4565 presenti
1479 4459 1614 4540 seculo
1643 4462 1851 4568 continget
1866 4461 2067 4567 emigrare

259 4567 567 4650 ecclesiasticam
595 4568 700 4678 eligo
729 4567 989 4676 sepulturam,
1018 4571 1123 4648 ltem
1151 4566 1363 4649 llratribus
1392 4569 1570 4651 eiusdem
1599 4569 1754 4673 ordinis
1769 4572 2066 4679 Sudhercopie,

258 4671 310 4760 X.
338 4679 524 4760 marchas
554 4678 833 4778 denariorum,
868 4681 972 4760 Jtem
1008 4678 1222 4760 sfratribus
1261 4679 1585 4787 predicatoribus
1612 4681 1842 4793 Skaeuingie
1872 4685 1934 4764 .V.
1957 4710 2067 4762 mar·

259 4791 355 4874 obas
382 4789 473 4872 den·
502 4793 606 4871 Jtem
634 4789 1004 4873 sanctimonialibus
1033 4793 1074 4874 iu
1103 4792 1258 4874 Wretis
1285 4794 1345 4874 .V.
1374 4793 1555 4873 marchas
1583 4793 1675 4875 den.
1705 4797 1811 4874 ltem
1847 4795 2065 4874 sanctimo-

258 4901 432 4984 nialibus
459 4903 503 4983 in
530 4900 717 5002 Aslraebir,
745 4903 795 4984 V.
826 4901 1006 4985 marchas
1034 4901 1125 4984 den.
1154 4906 1259 4984 ltem
1287 4905 1451 4985 ecclesie
1479 4907 1814 5013 wirsnungsrum,
1843 4904 2065 5013 bonaque

259 5013 445 5125 possideo
473 5013 863 5116 Gunwatabothum,
891 5017 948 5096 ita
978 5019 1113 5098 tamen
1141 5017 1253 5128 quod
1282 5044 1418 5099 omnes
1447 5034 1672 5125 prouentus
1699 5017 1938 5113 earundem,
1967 5044 2065 5126 per·
