4317 5975
851 468 908 533 ·.··
1022 450 1101 531 129
1192 454 1266 491 ·-
1371 490 1385 524 2.

9 658 12 679 ¹
151 660 257 726 trum
286 645 535 754 Episcopum
562 671 687 755 super
715 608 879 753 negotio
908 642 1033 744 Terre
1067 660 1205 727 sancte
1247 644 1458 756 dirigimus
1501 644 1675 727 habetur
1716 673 1962 753 expressum,
2056 636 2079 673 '⁶

154 776 203 838 ut
241 772 286 835 tu
316 773 358 835 et
387 756 536 837 Prolati
568 776 636 837 tue
665 756 889 867 prouinoie,
918 774 1000 837 tam
1028 758 1233 865 regulares
1266 786 1386 867 quam
1412 756 1616 839 seculares
1632 774 1798 867 tamque
1827 787 1961 839 exem·
2098 824 2118 856 .

150 870 217 977 pti
246 896 368 977 quam
397 896 481 948 non
510 871 686 979 exempti
716 894 819 977 quos
848 895 922 977 per
952 887 990 949 te
1012 888 1144 975 prout
1172 870 1215 948 in
1251 868 1400 948 eisdem
1438 869 1583 950 litteris
1620 870 1875 977 exprimitur,
1909 868 1962 954 ad

151 980 408 1089 prouinciale
438 979 664 1060 Concilium
694 978 883 1059 uolumus
925 983 1158 1077 conuocari,
1201 980 1384 1060 celeriter
1425 982 1713 1061 conuenientes
1741 982 1785 1061 in
1813 1009 1961 1078 vnum,

153 1110 199 1173 et
227 1089 496 1171 deliberantes
524 1091 694 1172 sollicite
722 1116 846 1198 super
889 1106 977 1171 toto
1020 1093 1187 1200 negotio
1228 1091 1475 1200 supradicte,
1517 1094 1638 1172 nobis
1683 1089 1797 1201 quod
1837 1120 1961 1203 super

150 1202 236 1311 hijs
265 1206 304 1281 in
322 1200 464 1282 eodem
493 1201 614 1283 fiterit
642 1201 910 1283 deliberatum
945 1203 1145 1299 Concili0,
1174 1230 1247 1313 per
1277 1204 1387 1282 viros
1416 1202 1596 1309 ydoneos
1623 1219 1664 1283 et
1679 1206 1897 1301 discretos,
1912 1232 1961 1287 ac

147 1313 400 1395 sufficienter
445 1314 678 1411 instructos,
722 1328 893 1421 propter
925 1314 1003 1393 hoc
1032 1312 1085 1394 ad
1118 1316 1252 1396 sedem
1289 1313 1552 1421 apostolicam
1588 1310 1857 1412 destinandos,
1894 1342 1962 1397 us·
1999 1414 2002 1429 Ι

147 1453 234 1535 que
261 1426 312 1509 ad
342 1425 487 1505 festum
518 1425 811 1533 purificationis
841 1424 958 1505 beate
987 1426 1156 1531 virginis
1186 1426 1318 1534 primo
1349 1440 1579 1519 uenturum,
1608 1423 1800 1522 studeatis
1829 1456 1961 1537 quan·

8 1590 13 1617 ,ι
105 1579 109 1590 ,
148 1539 285 1619 tocius
334 1538 530 1633 intimare,
581 1553 707 1645 prout
758 1537 801 1614 in
826 1534 1002 1616 ‘eisdem
1052 1537 1213 1632 litteris,
1262 1551 1308 1615 tu
1357 1554 1398 1615 et
1447 1533 1571 1641 ijdem
1613 1536 1762 1617 Prelati
1802 1536 1960 1619 uidebi-

8 1664 9 1671 '
150 1652 206 1731 tis
249 1649 407 1755 plenius
448 1664 489 1727 et
531 1649 720 1728 seriosius
762 1648 973 1729 contineri.
1052 1650 1158 1751 Quia
1207 1674 1307 1726 uero
1358 1662 1529 1755 propter
1565 1646 1852 1755 impedimenta
1888 1678 1959 1729 ua·

8 1754 9 1827 Ῑ
148 1763 212 1840 ria
242 1776 282 1838 et
304 1758 477 1855 diuersa,
504 1776 546 1837 et
575 1761 733 1839 uiarum
762 1756 1003 1855 discrimina,
1031 1786 1113 1867 que
1141 1761 1183 1837 in
1211 1758 1426 1838 itineribus
1455 1757 1688 1868 frequenter
1726 1778 1961 1856 occurrunt,

149 1870 333 1980 prefatus
362 1871 588 1980 Episcopus
615 1871 672 1949 sic
701 1867 753 1949 ad
784 1886 919 1977 partes
948 1874 1053 1977 ipsas
1083 1868 1321 1953 festinanter
1358 1868 1527 1949 fortasse
1556 1897 1641 1948 nou
1680 1872 1832 1978 poterit
1868 1898 1989 1980 per-1

150 1984 316 2085 uenire,
360 1980 518 2091 tibique
560 1981 734 2089 dirigere
784 1980 937 2069 litteras
979 1980 1251 2089 supradictas,
1284 1996 1347 2070 ,ut
1397 1980 1502 2060 infra
1541 1978 1766 2089 predictum
1815 1982 1961 2063 festum

149 2092 295 2177 eodem
326 2093 531 2173 celebrato
560 2092 741 2173 Consilio
770 2106 811 2171 et
840 2090 1132 2173 deliberatione
1162 2108 1310 2188 secuta,
1348 2091 1581 2171 huiusmodi
1616 2094 1679 2173 tui
1706 2110 1748 2173 et
1778 2094 1958 2174 Prelato-

150 2234 245 2286 rum
274 2207 454 2313 ipsorum
483 2203 637 2311 nuneij,
667 2202 718 2284 ad
746 2204 1006 2311 apostolicam
1022 2201 1172 2283 'sedern
1190 2202 1458 2310 personaliter
1495 2202 1660 2282 ualeant
1692 2231 1735 2283 se
1772 2203 1958 2285 conferre

14 2348 23 2369 ·
151 2318 343 2397 volumus
380 2333 421 2395 et
458 2342 533 2423 per
561 2316 781 2424 apostolica
812 2315 887 2395 tibi
914 2316 1063 2422 scripta
1094 2313 1338 2411 mandamus,
1364 2313 1573 2423 quatinus,
1601 2315 1773 2423 'receptis
1810 2318 1958 2397 nostris

153 2429 303 2509 litteris
330 2425 585 2534 supradictis,
614 2455 734 2536 quam
765 2427 848 2506 cito
878 2429 1030 2534 poteris
1058 2425 1273 2507 concilium
1304 2423 1483 2505 celebres
1513 2444 1791 2522 memoratum,
1818 2443 1861 2505 et
1887 2425 1958 2505 de·

151 2540 439 2621 liberationem
470 2538 595 2645 ipsius
624 2566 697 2647 per
733 2539 841 2617 viros
877 2536 1056 2644 ydoneos
1092 2554 1218 2647 prout
1255 2537 1441 2643 superius
1476 2552 1537 2615 est
1572 2562 1820 2644 expressum,
1854 2530 1964 2617 dila

150 2654 269 2732 tione
292 2665 489 2731 summota
518 2649 714 2758 qualibet,
760 2648 876 2727 nobis
914 2677 993 2729 una
1031 2678 1121 2730 cum
1161 2647 1327 2729 Prelatis
1363 2645 1513 2727 eisdem
1548 2647 1774 2755 significare
1809 2642 1986 2757 procu·x

147 2790 228 2844 res.
279 2762 371 2841 Dat.
397 2756 527 2869 'apud
583 2761 912 2876 Vrbemueterem
963 2760 1051 2842 Vll.
1102 2757 1266 2839 Calend.
1312 2757 1482 2839 Octobr·
1525 2758 1786 2839 Pontificatus
1828 2760 1957 2843 nostri

26 2914 32 2925 v
147 2880 275 2977 Anno
305 2874 476 2976 Quarto.

449 2978 615 3064 Blybullen
637 2976 814 3042 bortsalleu.
835 2978 859 3041 Ι
874 2980 986 3042 bdruet
1002 2980 1048 3066 pa
1068 2977 1255 3066 uppoeolett
1276 2978 1319 3039 M.
1338 2976 1379 3039 de
1401 2976 1503 3040 Fract.
1523 2974 1563 3039 de
1584 2974 1656 3039 cur,

161 3579 337 3689 1053.
990 3618 1157 3725 1292.

233 3803 322 3865 Grau
342 3801 479 3864 Gusrars
499 3818 566 3863 sors
584 3801 848 3864 testamentarius
871 3799 1043 3882 anordning
1065 3800 1102 3860 af
1119 3801 1162 3860 sin
1184 3795 1431 3882 qvarldtenalap.
1659 3879 1693 3932 Α.
1706 3878 1768 3933 θ’.
1794 3896 1818 3934 ²

265 4021 318 4102 Ju
346 4022 514 4101 nomine'
539 4021 666 4132 patris
695 4027 735 4102 tr
751 4021 820 4102 lilii
850 4028 888 4103 8(
915 4021 1081 4130 spiritus
1097 4019 1227 4099 sancti
1243 4044 1371 4113 amen,
1389 4017 1478 4123 Ego
1493 4015 1692 4095 Knosos
1707 4033 1948 4111 costassou,

143 4134 285 4216 anime
315 4159 401 4212 mee
430 4131 647 4214 salubriter
675 4136 842 4244 cupiens
872 4129 1101 4241 prouidere,
1131 4145 1414 4211 testamentum
1443 4155 1575 4208 meum
1603 4121 1737 4208 condo
1766 4128 1808 4205 in
1841 4127 1949 4207 hune

145 4243 332 4340 modum,
362 4243 573 4324 Fratribus
596 4243 920 4354 predicatoribus
935 4241 1144 4349 skeningie
1179 4236 1288 4348 apud
1315 4268 1418 4349 quos
1444 4237 1552 4347 eligo
1580 4235 1830 4344 sepulturam
1858 4239 1950 4346 lego
2051 4255 2058 4270 ·

143 4357 360 4464 sexaginta
391 4383 541 4436 marcas
570 4357 660 4437 den.
691 4361 731 4436 u
759 4357 820 4436 ·X.
851 4381 1003 4434 marcas
1033 4354 1138 4460 puri,
1168 4353 1219 4434 de
1247 4350 1411 4432 domino
1441 4349 1491 4430 .b.
1552 4346 1728 4429 nondam
1757 4351 1951 4458 episcopo
2000 4346 2002 4355 '

8 4559 9 4563 Ἴ
144 4467 382 4576 lincopensi
411 4465 677 4579 requirendas
705 4470 747 4548 in
776 4468 926 4578 quibus
954 4464 1075 4545 michi
1104 4464 1333 4558 tenebatur,
1362 4463 1467 4542 Jtem
1497 4462 1541 4541 ‚L
1583 4459 1673 4541 XX.
1687 4487 1841 4540 marcas
1858 4462 1951 4567 puri

8 4569 9 4634 i
144 4609 228 4690 pro
258 4605 380 4658 eruce
408 4606 494 4658 mea
523 4576 770 4675 redimenda,
808 4580 863 4658 ita
879 4596 1015 4658 tamen
1031 4571 1261 4670 diuidenda,
1283 4573 1375 4654 Xll.
1390 4597 1543 4653 marcas
1560 4599 1636 4682 pro
1651 4599 1824 4677 expensa
1841 4572 1951 4653 illius

177 4693 222 4773 u'i
248 4687 368 4770 cadit
383 4716 474 4771 cum
490 4687 701 4771 oblacione
717 4717 802 4770 mea
816 4689 865 4770 ad
882 4705 1031 4770 terram
1046 4703 1237 4784 sanctam,
1251 4685 1375 4769 Xthi
1390 4711 1543 4765 mareas
1559 4710 1635 4792 pro
1650 4683 1779 4763 anima
1798 4680 1950 4765 meas&
2150 4705 2154 4715 '

94 4847 100 4854 ·
142 4721 196 4886 il
212 4828 290 4912 pro
306 4802 438 4882 anima
455 4809 580 4910 patris
595 4801 801 4898 mei,8tX.
821 4829 896 4912 pro
910 4802 1044 4881 anima
1060 4802 1197 4880 matris
1212 4825 1296 4878 mee
1312 4815 1352 4877 et
1376 4795 1514 4878 decem
1539 4820 1694 4874 marcas
1718 4804 1793 4902 pr'o
1814 4802 1948 4891 anima
2049 4787 2055 4798 ’

143 4911 310 5022 domin]
324 4912 517 4994 lobannis
531 4911 723 5024 p'hilippj,
738 4919 777 4995 &
792 4914 928 4997 docem
945 4941 1021 5022 pro
1036 4911 1247 4992 animabus
1262 4911 1454 5005 omnium,
1468 4935 1491 4988 a
1507 4905 1658 5015 quibus
1677 4907 1830 5016 aliquid
1843 4910 1946 4988 iniu-

305 5054 353 5109 εν.
379 5053 498 5128 unna
524 5054 565 5108 11.
1355 5111 1359 5118 ,
1447 5049 1452 5058 ’
1705 5039 1750 5118 ¹7
