4317 5975
977 410 1042 465 ,-
1151 364 1233 461 3η)
1345 410 1403 433 -

295 597 423 690 dicta,
452 606 496 673 vt
522 589 574 703 ²⁰)
603 589 643 669 in
672 584 905 669 ciuitatibus
932 586 1108 693 singulis·
1130 600 1171 667 et
1199 582 1439 692 dyocesibus
1469 586 1510 665 in
1539 581 1690 693 quibus
1713 586 1875 665 fratrum
1903 587 2042 695 ipsarum

297 711 384 791 loca
414 704 633 785 consistere
661 699 946 793 dinoscuntur,
975 698 1111 789 celin
1139 696 1375 779 ciuitatibus
1401 695 1463 776 rel
1494 694 1543 806 ²¹)
1579 692 1837 803 dyocesibus,
1865 696 1950 779 locis
1973 704 2045 811 ipris

297 819 459 912 vicinis,
488 817 528 895 in
559 814 709 921 quibus
742 810 828 889 loca
860 809 1090 890 huiusmodi
1119 834 1201 887 non
1233 806 1453 902 habentur,
1483 806 1661 913 magistri
1680 806 1832 915 priores
1861 813 2045 916 prouincia·

298 935 355 1015 les
385 927 705 1039 predicatorum,
734 937 806 999 aut
833 949 972 1003 eorum
1002 922 1161 1014 vicarii,
1203 935 1243 999 et
1279 916 1477 1025 generalis
1506 919 1705 1013 minister,
1748 946 1795 999 ac
1825 923 2048 1027 prouinciales

153 1055 160 1062 '
298 1039 493 1131 ministri,
520 1053 562 1115 et
588 1031 775 1115 custodes
804 1035 1028 1126 minorum,
1071 1029 1260 1112 ordinum
1300 1027 1571 1137 predictorum
1603 1026 1652 1109 ad
1684 1032 1923 1139 presenciam
1949 1036 2047 1141 prela·
2113 1070 2115 1141 Ι

176 1170 182 1185 “
295 1171 432 1234 torum
461 1142 682 1229 eorundem
713 1145 893 1224 locorum
921 1170 963 1223 se
992 1141 1225 1237 conferant,
1256 1169 1326 1249 per
1345 1168 1387 1221 se
1402 1142 1464 1221 vel
1496 1142 1660 1235 fratres,
1687 1163 1791 1249 quos
1818 1139 1867 1223 ad
1897 1142 2050 1242 hocido·
2114 1144 2115 1155 ³

297 1290 395 1345 neos
424 1260 510 1341 sore
540 1256 790 1366 putruerint,
819 1253 1025 1335 humiliter
1054 1255 1239 1362 petituri,
1275 1268 1319 1331 vt
1346 1249 1489 1333 fratres
1517 1251 1656 1361 quiad
1674 1253 1750 1333 hoc
1778 1253 1889 1333 electi
1917 1254 2052 1353 fuerint,

297 1380 342 1459 in·
369 1399 510 1454 eorum
538 1367 772 1448 ciuitatibus
799 1383 840 1445 et
866 1364 917 1474 ³²)
959 1364 1200 1464 diocesibus
1228 1362 1492 1443 conlessiones
1520 1362 1776 1445 subditorum
1804 1392 1960 1445 suorum
1982 1394 2052 1449 con·

298 1487 404 1572 literi
433 1480 680 1575 volcacium,
708 1473 847 1557 audire
876 1478 1003 1557 libere
1031 1476 1191 1557 valeant
1219 1490 1259 1553 et
1289 1475 1519 1557 huiusmodi
1555 1474 1836 1557 confitentibus
1879 1493 1988 1583 prout
2009 1504 2052 1561 se·

299 1594 479 1682 cundum
507 1592 628 1672 deum
656 1588 847 1697 expedire
884 1587 1170 1693 cognouerint,
1216 1586 1463 1692 penitenciae
1497 1588 1705 1694 imponere
1746 1584 1936 1667 salutares
1960 1606 1994 1669 et
2013 1592 2054 1669 eis

299 1705 539 1791 beneficium
568 1700 839 1781 absolucionis
867 1698 1107 1806 inpendere,
1133 1698 1183 1777 de
1216 1698 1400 1791 licencia,
1426 1701 1563 1803 'gracia
1594 1714 1634 1777 et
1665 1694 1915 1807 beneplacito
1940 1725 2056 1783 eorun-

299 1821 413 1911 dem,
442 1844 490 1895 ac
517 1808 661 1894 deinde
691 1808 837 1920 prelati
868 1808 1068 1918 magistri,
1100 1836 1147 1889 ac
1175 1807 1224 1919 ²³)
1268 1808 1422 1916 priores
1456 1805 1743 1917 prouinciclss,
1779 1824 1820 1889 et
1849 1810 2003 1889 ministri
2025 1840 2056 1891 ac

301 1925 571 2043 prouinciales
600 1921 792 2016 ministri,
820 1920 1010 2001 ordinum
1041 1918 1336 2028 predictorum,
1365 1918 1511 2025 eligere
1539 1920 1725 2001 studeant
1753 1946 1941 2027 persuum
1976 1920 2057 2001 suffi-

300 2044 470 2138 cientes,
498 2037 697 2135 idoness,
725 2034 806 2113 vite
835 2032 1051 2139 probatc,..
1070 2028 1283 2125 discretas,
1320 2032 1538 2127 modestas,
1572 2047 1695 2141 atque
1725 2034 1893 2138 peritas,
1928 2030 1974 2111 ad
1998 2047 2057 2113 mm

300 2152 462 2237 salubre
490 2138 753 2227 ministerium
782 2160 824 2223 et
851 2143 1030 2223 officium
1055 2140 1376 2253 exsequendum,
1411 2170 1511 2252 quas
1540 2145 1597 2223 sic
1625 2141 1677 2223 ab
1706 2143 1805 2249 ipsis
1833 2142 1989 2237 electas,
2015 2168 2058 2223 re·

300 2275 536 2374 presentent
562 2257 627 2339 vel
655 2255 806 2345 faciant
835 2254 1060 2361 presentari
1090 2254 1274 2361 prelatis,
1307 2269 1350 2331 vt
1378 2251 1429 2335 de
1458 2256 1638 2360 ipsorum
1668 2253 1854 2349 licencia,
1895 2254 2059 2361 gracieet

301 2372 575 2481 beneplacito,
613 2369 657 2447 in
684 2367 918 2447 ciuitatibus
945 2382 987 2444 et
1014 2363 1255 2462 diocesibus
1298 2362 1539 2460 eorundem,
1583 2390 1751 2473 persone
1778 2363 1997 2459 huiusmodi
2021 2368 2060 2445 sic

303 2485 442 2581 electi,
478 2478 748 2563 conlcssiones
776 2477 960 2559 confiteri
987 2476 1215 2556 volermium
1245 2473 1434 2571 audiant,
1467 2478 1680 2585 imponant
1707 2474 1954 2585 [renitescas
1982 2474 2061 2555 salu·

302 2616 421 2693 tares,
451 2622 498 2674 ac
527 2589 765 2673 beneficium
794 2586 1064 2668 absolucionis
1093 2584 1339 2695 inpendent,
1382 2604 1506 2697 prout
1534 2591 1718 2696 superius
1753 2604 1816 2669 est
1844 2614 2060 2695 expressum,

302 2727 415 2791 extra
446 2705 632 2786 ciuitates
659 2716 700 2780 et
727 2699 937 2809 dyoceses,
965 2699 1006 2775 in
1036 2700 1186 2807 quibus
1214 2696 1404 2805 deputate
1433 2696 1650 2807 lacrimat)
1682 2724 1751 2807 per
1780 2728 1882 2809 quas
1910 2699 2061 2779 volumus

302 2839 344 2903 et
371 2846 454 2898 non
482 2843 554 2924 per
584 2811 817 2922 prouincias
844 2809 1054 2917 deputari,
1083 2806 1354 2891 confessiones
1383 2809 1613 2891 nullatenus
1641 2810 1854 2907 auditure,
1898 2812 2061 2891 Numerus

211 2998 215 3013 .
300 2947 434 3015 autem
462 2950 728 3037 personarum
757 2919 1085 3004 assumendorum
1099 2920 1150 3001 ad
1166 2919 1392 3002 huiusmodi
1421 2920 1686 3004 exercendum
1715 2920 1897 3004 cilicium
1921 2919 2062 3004 essede-

301 3045 393 3139 bet,
424 3053 546 3151 prout
576 3035 843 3117 numerositas
881 3033 979 3113 cleri
1004 3050 1046 3112 et
1074 3033 1237 3142 populi,
1266 3047 1337 3112 aut
1365 3031 1414 3146 ²⁵)
1459 3031 1678 3114 multitudo
1706 3033 1769 3114 rel
1799 3035 1980 3144 paucitas
2001 3031 2063 3111 exl-

301 3157 362 3267 git
389 3147 609 3234 eorundem
638 3147 738 3228 etsi
767 3144 884 3225 iidem
915 3143 1060 3252 prelati
1091 3149 1252 3252 petitam
1301 3142 1505 3224 licenciam
1541 3145 1838 3226 confessionum
1868 3144 1917 3258 ²⁶)
1957 3143 2063 3223 huius·

243 3328 249 3338 .
301 3263 409 3350 modi
437 3257 728 3342 audiendarum
757 3256 1047 3348 concesserint,
1090 3255 1195 3334 illam
1227 3253 1374 3363 prefati
1404 3258 1580 3364 magistri
1611 3256 1781 3337 ministri
1826 3285 1874 3336 ac
1902 3255 2064 3336 ellicum

302 3378 527 3490 graciarum
563 3371 725 3450 accione
751 3369 968 3474 recipiant,
1000 3363 1188 3474 dicteque
1218 3393 1387 3474 persone
1415 3368 1471 3447 sic
1499 3365 1625 3447 electe
1648 3368 1903 3448 commissum
1931 3365 2001 3448 sibi
2023 3361 2066 3447 ot·

302 3485 436 3570 licium
465 3496 757 3592 exsequantur,
787 3475 957 3589 quodsi
987 3474 1094 3556 forte
1121 3479 1199 3556 iam
1230 3477 1328 3557 dicti
1358 3478 1502 3584 prelati
1536 3505 1779 3588 quemquam
1810 3509 1869 3559 ex·
1893 3477 2067 3558 huiusmo-

303 3599 347 3680 di
377 3593 567 3678 iratribus
598 3591 834 3701 presentatio
862 3587 1028 3681 eisdem,
1045 3587 1098 3668 ad
1114 3585 1342 3688 huiusmodi
1357 3589 1535 3670 cilicium
1561 3590 1715 3670 nollent
1743 3589 1907 3685 habere,
1937 3589 2066 3668 relncn

304 3709 497 3792 ducerent
525 3699 838 3795 admittendum,
865 3726 913 3779 eo
944 3716 1081 3781 amoto
1111 3699 1172 3777 vel
1202 3699 1409 3780 subtracto
1438 3701 1528 3782 loco
1570 3702 1695 3809 ipsius
1737 3701 1922 3782 similiter
1949 3695 2067 3780 eisdem

200 3877 207 3882 -
304 3813 598 3933 presentandus
626 3810 790 3922 prelatis
820 3811 944 3917 possit
973 3826 1014 3890 et
1041 3809 1187 3890 debeat
1215 3811 1316 3890 alius
1343 3813 1574 3918 subrogari,
1603 3813 1646 3894 si
1675 3837 1772 3894 vero
1802 3811 1925 3894 iidem
1954 3806 2068 3918 prelati

263 3938 267 3944 ’
303 3932 471 4043 prelatis
495 3925 705 4020 lratribus,
733 3920 786 4001 ad
816 3922 1084 4003 consessiones
1113 3939 1155 4002 vt
1185 3923 1431 4030 premittitur
1458 3923 1678 4004 audiendas
1701 3923 1840 4003 clectis
1869 3915 2066 4005 huiusmodi

301 4043 494 4126 exhibere
525 4037 728 4117 licenciam
755 4050 988 4113 recusarent
1016 4031 1086 4145 η),
1132 4059 1205 4112 nos
1241 4059 1290 4114 ex
1329 4062 1436 4115 nune
1458 4035 1595 4143 ¹ipsis,
1639 4051 1681 4116 rt
1710 4033 1977 4116 confessiones
2010 4019 2067 4110 sibi

301 4153 484 4238 confiteri
521 4148 772 4240 volcacium,
797 4143 922 4225 libere
951 4146 1113 4227 valeant
1142 4144 1330 4254 liciteque
1358 4145 1519 4240 audire,
1546 4147 1686 4256 eisque
1704 4147 1951 4253 penitencias
1978 4145 2067 4248 inpo-

303 4293 396 4347 nere
424 4263 619 4344 salutares
646 4279 768 4367 atque
795 4258 853 4336 eis
881 4258 930 4370 ²⁸)
969 4256 1239 4340 absolucionis
1269 4257 1505 4338 beneficium
1535 4259 1741 4367 impertiri,
1781 4260 1963 4364 graciose
1994 4276 2067 4332 ccu-

301 4377 479 4460 cedimus
508 4375 559 4453 de
586 4369 804 4478 apostolice
833 4369 1085 4478 plenitudiue
1114 4370 1342 4477 potestatis,
1370 4395 1444 4476 per
1461 4369 1689 4452 huiusmodi
1711 4387 1847 4450 autem
1875 4363 2069 4450 concesso

304 4515 393 4570 uem
424 4510 677 4594 nequaquam
707 4482 951 4562 intendimus
983 4485 1182 4590 personis,
1212 4507 1279 4559 eeu
1313 4481 1582 4590 fratrissae),
1608 4481 1658 4564 ad
1690 4477 1732 4559 id
1759 4479 1943 4560 totaliter
1968 4477 2069 4578 depu-
2117 4537 2118 4568 2

302 4602 396 4680 tatis
425 4601 662 4706 potestatem
691 4591 760 4707 ³⁰),
795 4593 1013 4702 inpendere
1041 4592 1264 4701 pleniorem
1294 4591 1369 4704 ⁵¹),
1402 4617 1523 4704 quam
1555 4596 1596 4672 in
1626 4621 1674 4674 ec
1703 4593 1855 4673 curatis
1881 4609 2070 4694 seuparo·
2117 4647 2118 4718 ἰ

299 4778 574 4801 Μ

344 4847 396 4914 ao)
416 4837 500 4921 quod
522 4842 572 4915 ar)
592 4847 623 4897 et
645 4841 698 4912 ss)
718 4849 750 4899 ct
771 4839 857 4900 atesi„
880 4837 931 4910 23)
951 4857 991 4898 cc
1012 4839 1100 4898 useel.
1123 4835 1172 4911 sd]
1196 4835 1310 4896 sarran
1335 4833 1482 4918 deputato
1503 4847 1535 4896 et
1557 4793 1606 4914 at)
1621 4855 1666 4898 oc
1688 4833 1740 4914 ιθ)
1759 4785 2013 4912 mulinionis-²7)
2029 4843 2067 4884 tt·
2117 4865 2118 4880 κ

385 4922 518 4986 curarint
539 4919 589 5000 28)
610 4921 724 4982 eisdem
747 4927 797 5005 29)
817 4923 895 5005 ipsis
909 4923 1034 4984 ὥστε.
1054 4921 1105 4994 so)
1127 4922 1155 4979 iu
1180 4917 1239 4979 hoc
1259 4919 1383 4982 tilleaett.
1404 4920 1454 4998 31)
1478 4920 1672 5005 ampliorem.
2117 4887 2118 4938 l
