4317 5975
1051 356 1473 441 ..500-

341 573 767 669 mincnrrcntes,
808 570 863 657 nd
899 600 976 659 noa
1009 580 1220 675 venerint,
1261 606 1333 659 eos
1366 576 1962 687 lboeeeollignepcsmnm

340 684 497 773 eisdem
523 714 623 797 erga
661 686 819 771 dictum
866 684 1015 773 daec·
1057 690 1275 799 piscine,
1315 690 1538 775 dnn-odo
1583 688 1747 802 prelato
1785 689 1964 773 donnnnl

341 800 544 885 manum
571 826 656 883 non
685 802 866 883 inferant
896 803 963 885 rel
991 804 1235 885 violenciam
1262 802 1489 915 aliqralem
1542 801 1733 885 Similiter
1757 802 1862 883 etiam
1970 810 1976 823 '

343 913 538 999 &minna
565 910 653 995 dus
679 912 963 996 Cbristolorns
989 916 1225 999 bominibus
1252 920 1424 1013 nostris,
1450 918 1486 997 si
1513 917 1568 997 ita
1596 916 1821 1023 coritingat,
1853 930 1945 1021 paca

342 1028 437 1111 vioe
465 1052 594 1107 versa
621 1025 664 1107 Si
694 1054 796 1109 vero
822 1024 951 1136 aliqri
981 1026 1166 1137 ejusdem
1195 1026 1351 1109 domini
1367 1026 1484 1111 ducis
1511 1028 1618 1111 bom
1645 1026 1773 1137 aliqva
1801 1025 1839 1105 in
1863 1022 1980 1107 donni

346 1156 436 1223 atro
463 1138 705 1237 habuerint,
733 1137 997 1219 libertatibus
1023 1166 1150 1249 snper
1176 1142 1226 1221 iis
1252 1143 1360 1221 sient
1387 1140 1526 1221 lamnli
1556 1140 1682 1221 nostri
1703 1137 1859 1219 omnino
1870 1136 1973 1218 debant

347 1251 551 1363 gaudere:
583 1252 698 1332 Etsi
729 1250 878 1361 aliqvis
919 1250 1030 1331 hona
1071 1278 1216 1333 eornm
1243 1254 1308 1333 rel
1336 1256 1447 1361 ipsos
1475 1252 1741 1347 infestaverit,
1779 1245 1956 1327 eisdenir

349 1368 429 1449 bus
457 1362 710 1445 adstabimus
736 1364 844 1442 sicut
872 1364 1042 1459 nostris,
1069 1382 1118 1443 nt
1145 1364 1368 1447 oecundnm
1397 1364 1506 1473 leges
1521 1364 1649 1473 patrie
1675 1390 1717 1443 se
1744 1356 1983 1451 defendenti

351 1494 483 1561 castra
514 1474 700 1583 praedicti
728 1472 845 1555 ducis
871 1474 927 1555 ab
956 1476 1129 1557 inimicis
1156 1478 1241 1556 suis
1269 1476 1431 1557 chama
1469 1475 1641 1571 luerint,
1680 1472 1732 1555 ad
1759 1469 1986 1580 expellendus

348 1589 442 1671 dem
471 1612 564 1669 cnm
596 1586 860 1667 festinacione
886 1587 986 1685 sibi,
1013 1588 1049 1667 si
1074 1614 1159 1698 qvo
1202 1588 1324 1670 modo
1353 1590 1597 1699 poterimus,
1637 1586 1836 1695 juvamina
1862 1582 1906 1662 im

350 1700 631 1784 Promittimus
658 1699 825 1807 insuper
851 1698 964 1809 qvod
994 1724 1069 1778 nos
1097 1698 1219 1781 ambo
1253 1699 1363 1782 dicte
1389 1728 1537 1809 guerre
1564 1696 1785 1779 inchoande
1814 1691 2027 1804 personalitn‘

351 1832 503 1895 teresse
532 1808 726 1891 debemus
756 1808 821 1889 vel
854 1810 905 1892 ad
953 1812 1088 1890 minus
1119 1812 1224 1891 alter
1265 1828 1447 1893 nostrum
1494 1838 1665 1921 praesens
1704 1808 1797 1897 erit,
1838 1806 1869 1885 si
1894 1804 1974 1883 sorte
2013 1806 2018 1819 '

351 1952 448 2009 casu
477 1922 692 2028 contingat
719 1922 858 2032 aliqro
886 1922 1089 2029 impediri,
1122 1924 1295 2031 insuper
1321 1925 1356 2005 si
1384 1925 1512 2035 aliqui
1542 1926 1584 2004 in
1612 1922 1735 2002 Dacia
1769 1917 1971 1999 habitantes
1990 1940 2030 2021 pt

352 2052 395 2119 et
413 2034 549 2115 bonis
575 2036 678 2131 suis,
706 2060 759 2115 ne
787 2030 1052 2115 devastentur
1080 2032 1143 2113 vel
1177 2035 1493 2131 comburantur,
1532 2034 1725 2145 placitare
1760 2028 2025 2136 attemptaverit

354 2146 689 2255 compositionem
721 2146 873 2241 lacere,
898 2172 990 2253 qvae
1016 2146 1241 2255 vulgariter
1268 2146 1419 2227 dicitur
1438 2146 1606 2257 Thingae
1625 2160 1832 2253 argentum
1855 2140 1912 2221 vel
1934 2137 2029 2247 pcrm'

354 2277 427 2343 aut
457 2259 555 2339 alias
584 2285 649 2337 res
677 2256 935 2347 exhibentes,
973 2259 1049 2338 ista
1094 2260 1229 2339 omnia
1273 2258 1441 2341 domino
1482 2258 1733 2339 Christoloro
1760 2254 1943 2337 debents
2000 2250 2006 2265 '

355 2373 574 2482 pertinuere.
632 2369 733 2447 Item
771 2368 907 2447 omnia
946 2385 1076 2449 castra
1115 2398 1206 2479 qvas
1233 2372 1274 2450 in
1307 2373 1429 2451 Dacia
1461 2401 1534 2481 per
1563 2370 1752 2450 auxilium
1791 2380 1960 2445 nostrum
2029 2355 2036 2379 '

354 2484 527 2573 luerint,
556 2480 696 2560 eadem
737 2507 828 2560 enm
866 2482 1057 2560 omnibns
1099 2486 1183 2560 suis
1228 2484 1491 2589 pertinenciis
1518 2498 1558 2562 et
1587 2499 1712 2575 terra,
1760 2483 1800 2559 in
1831 2503 1906 2586 qva
1934 2475 1993 2555 sita

355 2592 554 2705 praedicto
583 2589 680 2671 duci
708 2588 964 2671 Christoforo
992 2590 1141 2672 cedant
1164 2612 1361 2701 perpetuo
1381 2590 1631 2703 possidenda.
1661 2594 1927 2699 Etnunquam
1952 2584 1993 2663 de

353 2735 401 2789 ra
432 2708 541 2786 inter
569 2703 703 2813 ipsum
730 2719 772 2782 et
801 2700 967 2782 fratrem
990 2729 1108 2782 snum
1139 2704 1289 2811 Regem
1320 2706 1443 2787 Dacie
1472 2722 1580 2786 mota
1604 2704 1842 2785 cessabimus
1872 2724 1941 2779 nec
1966 2693 2024 2802 aliq

356 2836 420 2901 ter
449 2815 687 2895 desistemus
715 2829 931 2923 anteqvam
961 2816 1048 2921 ipse
1076 2814 1399 2925 Christopborus
1415 2818 1798 2927 propositumsuum
1826 2812 1870 2891 in
1889 2808 2002 2909 ‚Dacia

357 2927 532 3042 pleverit
561 2952 639 3036 pro
667 2953 739 3006 sue
769 2923 903 3006 lubitu
932 2926 1169 3007 voluntatis.
1198 2926 1240 3007 Si
1270 2955 1368 3009 vero
1396 2927 1707 3010 cidemdomino
1729 2924 1827 3008 Duci
1860 2920 2024 3032 perjura
2050 2916 2056 2931 '

356 3060 497 3124 nostra
529 3041 571 3118 in
600 3036 739 3119 eadem
768 3039 892 3118 Dacia
924 3037 1041 3147 plura
1079 3039 1185 3118 bona
1221 3067 1342 3148 qvam
1374 3067 1483 3122 nunc
1518 3040 1640 3122 habet
1687 3052 1939 3147 augmentata
1979 3029 2050 3110 sarri

358 3154 410 3236 de
439 3150 591 3234 eisdem
619 3150 739 3230 bonis
768 3147 886 3229 nobis
914 3151 1041 3229 eciam
1070 3153 1111 3230 in
1142 3150 1330 3260 pluribus
1359 3151 1631 3259 juvaminibus
1667 3179 1783 3263 qvam
1820 3150 1932 3256 prius
1969 3135 2083 3252 pratil*

359 3264 431 3345 bit.
462 3262 575 3340 Etsi
606 3259 770 3368 propria
802 3259 1134 3354 industria,’sine
1165 3261 1303 3359 nobis,
1332 3264 1408 3344 sibi
1424 3266 1556 3375 aliqva
1572 3261 1868 3371 subjugaverit,
1902 3258 1951 3339 de
1976 3251 2087 3334 illisae

359 3374 423 3454 bis
452 3370 602 3454 astabit
630 3388 826 3478 qvantum
855 3370 932 3450 sibi
965 3371 1116 3478 placet,
1161 3373 1211 3453 ad
1254 3375 1330 3453 hoe
1373 3389 1507 3456 antem
1548 3375 1658 3485 qvod
1700 3373 1829 3454 omnia
1859 3397 1977 3478 supra
2001 3363 2089 3468 script

359 3488 442 3564 sint
470 3483 639 3560 tirmiter
667 3491 708 3557 et
737 3479 1072 3588 irrefragabiliter
1101 3481 1367 3563 observanda.
1398 3487 1483 3566 Nos
1513 3487 1654 3568 Ericus
1681 3501 1722 3566 et
1758 3481 2092 3563 Waldemarusutt·

360 3620 454 3674 cum
484 3588 697 3671 duodecim
729 3589 925 3670 militibus
954 3593 1100 3672 nostris
1143 3592 1330 3674 videlicet
1359 3594 1532 3678 dominis
1560 3599 1723 3679 Aberno
1752 3594 1944 3686 Sixsteins
1970 3586 2095 3691 Philip

360 3703 524 3785 Ulfsson
552 3701 812 3782 Guthmarno
854 3701 1096 3810 Magnosson
1124 3697 1290 3787 Kannto
1318 3707 1492 3788 Jonsson
1522 3709 1695 3790 Falcone
1724 3709 1876 3787 Jcnson
1904 3707 2015 3784 Petro
2036 3698 2097 3798 liar

360 3815 551 3896 wallsson
583 3812 774 3922 Philippo
813 3813 1075 3920 Ingwallsson
1108 3815 1327 3899 Benedicta
1364 3818 1629 3902 Halridarson
1659 3817 1877 3900 Benedicta
1920 3813 2100 3920 Algautssst

359 3926 506 4036 Lydan
537 3923 586 4006 de
615 3925 780 4032 Kyrnae.
808 3925 948 4006 Yvaro
976 3927 1027 4006 de
1055 3928 1220 4036 Kyrnae.
1251 3945 1293 4009 et
1321 3930 1524 4013 Yvarode
1544 3929 1794 4036 Sandbergh.
1829 3957 1877 4008 ac
1906 3924 2100 4033 vigintiqu

359 4055 457 4122 tuor
486 4036 695 4143 armigeris
723 4037 870 4116 nostris
897 4034 974 4116 sub
1004 4042 1205 4120 sentencia
1243 4045 1674 4129 excommunicacionis
1715 4039 1866 4122 domini
1904 4041 2005 4144 Pape
2027 4025 2100 4111 fini

360 4165 425 4232 ter
455 4147 748 4256 promittimus,
778 4143 857 4226 lide
885 4173 1009 4249 super
1037 4148 1085 4228 iis
1110 4151 1509 4260 prestita-corporali
1540 4155 1594 4234 ita
1625 4153 1733 4264 qvod
1764 4153 1797 4232 si
1833 4178 1910 4232 nos
1932 4141 2100 4258 promissis

363 4288 434 4342 nes
463 4258 764 4362 infringerimus
790 4255 1044 4361 supradictas
1088 4287 1161 4365 per
1191 4260 1349 4341 nullum
1393 4265 1572 4372 nisiper
1600 4265 1731 4373 ipsum
1762 4263 1966 4345 dominum
2006 4260 2100 4360 Papa

360 4369 636 4465 absolvemur,
664 4391 739 4448 nec
767 4365 893 4446 eciam
922 4391 995 4472 per
1022 4367 1159 4472 ipsum,
1179 4369 1256 4448 nisi
1291 4375 1660 4456 reconciliacionem
1687 4375 1799 4483 prius
1828 4372 2031 4454 fecerimus
2052 4385 2100 4442 cu

362 4481 529 4564 domino
556 4476 854 4584 christophoro
882 4477 994 4581 prius
1022 4473 1144 4558 dicto.
1182 4478 1281 4560 Item
1304 4482 1338 4558 si
1370 4488 1560 4588 promissa
1592 4487 1773 4593 predicta
1803 4511 1887 4565 non
1917 4477 2100 4563 servabina

364 4589 511 4700 prelati
540 4588 685 4670 milites
715 4586 841 4668 nostri
871 4585 934 4665 vel
977 4587 1188 4692 armigeri,
1216 4615 1237 4668 a
1266 4593 1437 4672 servicio
1475 4611 1613 4678 nostro
1642 4613 1682 4676 et
1710 4596 1858 4678 familia
1901 4593 2052 4677 omnino
2074 4579 2100 4660 ir

362 4702 477 4808 giant
504 4717 545 4782 ct
572 4695 783 4780 discedant
810 4695 873 4776 vel
903 4699 1025 4778 eciam
1054 4697 1310 4778 concordiam
1341 4703 1447 4782 inter
1477 4732 1549 4787 nos
1578 4725 1843 4812 promoveant
1879 4707 1988 4817 prius
2020 4696 2100 4800 scrip

362 4827 445 4896 tam
472 4809 671 4896 stabiliter
698 4806 987 4894 observandam
1017 4823 1087 4889 aut
1116 4810 1239 4892 eciam
1269 4810 1346 4920 ipsi
1384 4813 1527 4896 milites
1555 4830 1606 4894 et=
1623 4819 1809 4926 armigeri
1839 4808 2100 4900 excommunic

1940 4922 2046 5008 cioni'
