4317 5975
965 235 1030 360 ⁷-
1115 293 1219 398 ¹678
1332 340 1387 360 -

281 527 368 602 tn'm
409 525 615 626 'assumpte
656 515 735 597 iain
778 514 921 598 Crucis
956 515 1166 622 astringit,
1210 514 1271 596 rel
1308 513 1543 602 assumendo
1580 513 1771 628 deinceps
1805 521 1965 632 obligabit
1985 541 2018 624 rt

282 629 400 719 idcm'.
429 624 860 710 excommunicacionis
888 653 964 736 pro
994 627 1171 708 violenta
1201 627 1415 730 iniectione
1451 656 1641 710 manuum
1670 630 1711 709 in
1743 659 1912 737 personas
1933 647 2020 734 ercle,

165 799 176 810 -
281 738 482 834 siasticas,
509 756 641 821 essent
670 738 833 820 vinculo
863 733 1066 835 innodati,
1099 737 1323 820 dummodo
1361 767 1444 820 noo
1476 739 1814 822 suerit'excessus
1839 746 2022 840 difficilisu

283 855 471 948 enormis,
499 868 540 931 et
570 850 697 958 passis
713 850 897 930 iniuriam
912 849 1156 932 satisfaciant
1191 867 1483 960 competenter,
1514 853 1600 931 siue
1631 879 1706 961 pro
1735 859 1908 966 eoquod
1930 869 2023 974 sepul.

284 993 399 1047 crum
435 960 679 1042 dominicum
711 959 884 1057 visitare,
914 962 1066 1044 seond
1094 961 1299 1070 quaslibet
1327 963 1425 1044 alias
1453 979 1580 1046 terras
1607 963 1815 1064 accedere,
1843 971 1899 1055 uel
1922 975 2024 1086 aliqui.

285 1077 363 1158 bus
391 1074 706 1167 communicare,
733 1101 816 1154 non
845 1084 980 1152 tamen
1013 1075 1053 1154 in
1084 1073 1264 1169 erimine,
1293 1091 1433 1156 eontra
1495 1073 1786 1156 cohibieionem
1810 1081 1947 1164 ecclesie
1963 1116 2033 1194 prs..

285 1203 565 1294 sumpserunt,
594 1183 816 1267 dummodo
852 1210 997 1293 equos,
1026 1211 1158 1280 arma,
1186 1181 1336 1266 ferrum
1369 1211 1439 1266 seu
1466 1102 1698 1294 lignamina,
1728 1189 1871 1297 quibus
1894 1194 2026 1278 cbrlstir·

286 1325 362 1380 nos
389 1298 622 1406 inpugnant
650 1321 732 1374 oon
764 1295 1020 1402 portauerint
1047 1297 1259 1392 saracenis,
1288 1295 1525 1384 absoluendi
1556 1295 1717 1378 eosdem
1748 1301 1789 1380 in
1818 1301 2028 1390 formaecrle·

287 1412 356 1503 sie,
383 1436 432 1488 ac
453 1405 713 1518 dispensandi
728 1435 819 1487 eom
835 1405 1003 1501 clericis,
1031 1408 1116 1516 qni,
1130 1434 1222 1486 cnm
1236 1410 1670 1490 excommunicacionis
1683 1413 1924 1511 sentenciam,
1947 1418 2028 1498 latua

287 1521 506 1602 aCanone
534 1518 600 1598 uel
642 1516 693 1598 ab
730 1517 910 1614 bomine,
954 1517 1218 1598 incurrissent
1255 1518 1566 1626 irregularitatis
1596 1537 1730 1600 uotam
1760 1523 2031 1608 immiscendose

173 1641 176 1648 '
288 1631 440 1714 diuinis
469 1629 630 1725 officiis,
658 1656 728 1709 seu
760 1627 1024 1708 ministrando
1053 1629 1096 1708 in
1124 1631 1320 1738 susceptis
1349 1630 1596 1727 ordinibus,
1614 1648 1912 1732 contraxerunt,
1929 1639 1987 1720 tibi
2006 1657 2032 1720 et

290 1745 399 1826 Octo
436 1768 485 1822 ex
528 1739 722 1821 fratribus
749 1736 982 1833 antedictis,
1023 1767 1127 1850 qnos
1162 1737 1213 1820 ad
1250 1741 1327 1822 boe
1368 1743 1595 1850 specialiter
1622 1771 1672 1846 ex
1701 1745 1866 1826 oonsilio
1890 1747 2033 1832 discreto·

290 1847 381 1936 ruas
411 1851 582 1934 fratrum
610 1851 777 1958 elegeris
805 1851 1065 1934 concedimus
1094 1867 1346 1962 potestatem.
1402 1855 1465 1934 lta
1495 1850 1680 1934 videlicet
1707 1855 1820 1965 quod
1847 1856 2032 1942 heredum
2096 1917 2097 1948 r

290 1963 564 2048 absolucionis
591 1978 634 2042 et
662 1963 981 2072 dispensacionis
1009 1963 1253 2057 huiusmodi,
1281 1981 1326 2045 tu
1356 1981 1397 2045 et
1424 1963 1599 2074 quilibet
1626 1960 2034 2055 eorundemssoto-ln·

291 2093 423 2170 trum,
465 2074 656 2154 omnibus
689 2075 762 2182 qui
797 2074 849 2156 de
887 2073 1075 2155 manibus
1109 2077 1251 2156 restris
1285 2090 1356 2155 aut
1392 2075 1563 2158 aliorum
1592 2076 1782 2171 fratrum,
1826 2081 1892 2190 qui
1918 2099 2036 2162 stru

292 2187 532 2298 premissum
559 2203 631 2282 est,
660 2183 814 2267 suerint
840 2183 893 2266 ad
922 2185 1098 2266 officium
1127 2187 1328 2268 antedicta
1356 2185 1647 2296 predicacionis
1675 2187 1807 2285 electi,
1837 2219 1973 2272 cursem
1993 2219 2036 2272 so·

66 2270 76 2318 ³
178 2403 182 2408 ι
292 2298 515 2409 sceperiot,
555 2295 777 2378 dummodo
806 2321 980 2406 persone
1006 2299 1087 2380 sint
1122 2299 1303 2406 cognite,
1346 2299 1594 2382 discrecione
1636 2301 1871 2409 preambulas
1900 2304 2038 2410 inperari

293 2409 466 2522 possitis.
536 2410 665 2489 Porro
700 2411 795 2518 quia
836 2406 984 2517 dignus
1022 2425 1083 2490 cst
1111 2412 1320 2518 operarius
1355 2411 1538 2492 mercede
1578 2439 1672 2508 sua,
1713 2411 1791 2498 tibi
1832 2431 1871 2494 et
1896 2413 2037 2494 fratribus

125 2602 131 2620 ,
245 2575 249 2583 ¹
293 2520 525 2604 memoratis
551 2522 596 2602 in
624 2519 702 2600 hoc
730 2517 873 2599 diuino
900 2519 1073 2602 fideliter
1104 2519 1384 2604 laborantibus
1412 2549 1547 2629 opere,
1577 2539 1713 2631 preter
1739 2523 1951 2606 mercedem
1969 2541 2039 2605 ater·

293 2659 389 2716 nam
422 2658 543 2743 qaam
579 2633 725 2711 merito
760 2658 926 2739 sperare
960 2634 1147 2741 potestis,
1188 2634 1546 2744 quocienscunque
1583 2631 1834 2718 studueritis
1853 2631 2040 2744 populisal
2096 2733 2097 2742 .

292 2739 376 2826 boc
403 2742 631 2852 specialiter
658 2746 914 2839 conuocatis,
943 2771 1172 2854 proponere
1202 2745 1370 2825 verbam
1397 2747 1550 2844 erucis,
1579 2763 1742 2846 eentum
1770 2746 1922 2828 dicrum
1947 2745 2039 2829 indul
2095 2767 2097 2854 4

294 2856 477 2966 gencium
517 2854 746 2962 elargimur.
788 2884 834 2938 ac
869 2883 943 2936 ros
984 2856 1242 2962 indulgencie
1280 2875 1510 2950 memorate,
1539 2885 1620 2968 que
1658 2857 2045 2940 transfretantibmia
2095 2917 2097 2962 3

295 2965 520 3051 subsidium
564 2965 840 3075 supradictum
869 2967 1125 3065 conceditur,
1168 2971 1279 3069 iuxta
1297 2967 1468 3057 ¹loboris
1501 2971 1624 3051 vestri
1654 2998 1880 3054 memorum
1908 2969 2043 3054 rotmo
2096 3000 2097 3005 ¹

294 3081 610 3189 partieipscione
641 3081 829 3186 gaudere.
885 3080 1095 3177 Ceterum,
1123 3082 1156 3161 si
1186 3106 1290 3191 quos
1317 3108 1366 3161 ex
1397 3080 1609 3177 fratribus,
1637 3111 1743 3192 quos
1771 3099 1820 3164 ut
1847 3110 1960 3191 supra
1979 3080 2044 3161 dici·

295 3182 381 3288 tur,
423 3188 474 3270 ad
513 3180 750 3301 exequenda
790 3192 983 3300 premissa
1022 3192 1186 3273 duxeris
1227 3190 1451 3300 eligendos,
1475 3190 1542 3273 ‚ab
1571 3196 1825 3304 exeqocione
1851 3190 2047 3285 huiusmodi,
2095 3172 2097 3317 l

295 3303 361 3385 vel
405 3331 478 3412 per
520 3308 723 3399 mortem,¹
757 3303 846 3382 siue
894 3302 993 3381 alias
1033 3302 1343 3413 quomodolibet
1393 3304 1567 3411 inpediri
1618 3307 1679 3386 vel
1724 3330 1799 3414 per
1843 3323 1943 3387 tuam
1977 3304 2046 3383 forte
2095 3382 2097 3397 ,

295 3413 601 3523 prouidentiam
631 3416 829 3493 remoueri
857 3414 1094 3522 contigerit,
1138 3414 1367 3497 facultatem
1396 3415 1472 3495 tibi
1500 3416 1759 3497 concedimus
1796 3417 1888 3497 loco
1916 3417 2047 3525 ipsorun
2095 3416 2097 3465 l

298 3523 407 3603 alios
425 3522 686 3629 subrogandi.
741 3524 1007 3603 Cum'antem
1040 3526 1117 3605 boc
1147 3524 1251 3605 idem
1282 3524 1528 3632 predicande
1556 3530 1687 3609 crocis
1711 3528 1903 3626 officium,
1929 3550 2047 3607 renem
2094 3466 2097 3585 l

296 3635 450 3717 bilibus
485 3634 680 3714 fratribus
716 3636 863 3715 nostris
899 3636 1223 3744 Arobicpiscopis
1258 3653 1297 3716 et
1326 3638 1538 3747 Episcopis
1569 3666 1616 3719 ac
1645 3665 1727 3719 non
1756 3639 1884 3721 nullis
1909 3638 1984 3719 aliis
2002 3662 2050 3743 pet

298 3746 395 3827 alias
438 3760 595 3825 nostras
637 3745 790 3826 litteras
818 3750 1132 3843 committamus,
1177 3766 1233 3827 te·
1252 3774 1299 3827 ac
1335 3746 1479 3829 fratres
1511 3748 1667 3831 ordinis
1696 3753 1755 3832 tui
1787 3752 1840 3833 ad
1861 3741 2048 3831 huiusmodi

296 3858 559 3941 ministerium
596 3884 669 3963 per
704 3874 747 3937 te
782 3874 827 3937 ut
857 3859 1107 3967 premittitur
1144 3856 1366 3965 eligendos,
1406 3888 1500 3941 cum
1528 3864 1638 3942 omni
1668 3862 1885 3971 diligencia
1915 3861 2051 3943 volsum

298 3968 538 4065 obseruare,
583 3983 626 4046 vt
652 3965 798 4047 eisdem
831 3968 992 4074 prelatis
1029 3968 1170 4050 bamili
1207 3972 1451 4053 Reuerencia
1486 3972 1747 4069 deferentes,
1773 4002 1869 4057 cum
1915 3974 2049 4082 ipsorua

244 4102 249 4119 ¹
298 4078 473 4189 aliquem
505 4079 545 4158 in
575 4080 721 4187 quouis
763 4081 927 4159 ciuitate
962 4096 1096 4161 castro
1126 4078 1187 4161 vel
1222 4079 1377 4189 oppido
1413 4081 1619 4193 pre'dicare
1654 4087 1897 4195 contigerit,
1924 4112 1983 4164 ros
2003 4078 2052 4159 ibi·

298 4193 391 4275 deur
419 4188 559 4271 eadem
587 4190 689 4271 bora
720 4190 968 4287 nullatenus,
1011 4209 1073 4270 set
1109 4220 1182 4271 nec
1211 4196 1348 4275 eadem
1378 4194 1465 4287 die,
1508 4196 1584 4275 nisi
1613 4193 1664 4275 de
1692 4198 1876 4305 ipsorum
1904 4216 2052 4278 contrata
2096 4282 2097 4305 ,

297 4328 523 4385 eooaooare
592 4300 765 4409 populos
827 4302 880 4381 ad
944 4303 1263 4411 predicacionem
1321 4304 1553 4386 huiusmodi
1595 4310 1859 4413 precantum,
1911 4316 2055 4388 cauealtt
2095 4306 2097 4355 l

127 4406 134 4417 ’
182 4443 197 4465 ..
261 4456 267 4463 ·
300 4415 488 4508 omnino,
535 4439 589 4491 ne
632 4413 878 4519 prelatorum
922 4415 1100 4521 ipsorum
1149 4414 1376 4522 predicacio
1411 4444 1484 4523 per
1512 4442 1584 4497 ros
1610 4446 1681 4499 sen
1723 4424 1936 4501 occasione
1973 4412 2055 4495 roffi
2095 4468 2097 4537 4

299 4526 533 4634 inpediatur
570 4521 880 4631 quomodolibet
932 4524 997 4605 uel
1034 4525 1236 4605 turbetur.
1348 4528 1449 4607 Cum
1502 4528 1591 4609 aliis
1638 4532 1761 4611 eciam
1804 4534 1881 4642 qui
1922 4522 2057 4611 eineder
2095 4540 2097 4595 t

218 4700 222 4705 .
299 4635 591 4747 predicacionis
647 4638 885 4717 auctoritate
926 4654 1085 4730 nostra,
1131 4636 1307 4719 officium
1364 4637 1632 4739 exercebunt,
1678 4642 1735 4723 sic
1778 4643 1868 4725 loca
1918 4635 2057 4749 predio·
2096 4636 2097 4639 Ὺ

227 4781 231 4788 “
300 4748 428 4831 cionis
469 4763 510 4825 et
542 4761 723 4854 tempora
751 4749 903 4827 curetis
930 4744 1114 4828 diuidere
1143 4748 1252 4859 quod
1283 4776 1356 4830 uos
1383 4768 1528 4833 mutuo
1555 4778 1641 4833 non
1670 4754 1844 4835 turbetis
1870 4774 1942 4833 nee
1977 4751 2060 4853 iupa·

300 4860 421 4943 diatis
441 4854 705 4966 aliquatenus
735 4886 808 4967 per
836 4884 1096 4969 coneursum,
1139 4876 1199 4941 set
1241 4860 1358 4943 nobis
1400 4862 1572 4961 inuicem
1610 4864 1775 4947 alternis
1810 4864 1962 4947 vicibus
1994 4878 2058 4937 eoo
