4317 5975
874 364 893 413 d'
986 452 1043 479 ι·-
1158 413 1234 495 160
1297 374 1420 496 .-'

300 631 492 717 defuncte
520 633 655 744 cupio,
682 630 760 715 sub
789 626 916 713 forma
945 637 986 713 &
1014 628 1263 731 condicione,
1292 659 1373 745 que
1401 634 1634 719 continetur
1662 633 1706 713 in
1734 632 1843 729 eius,
1875 646 2090 742 peream&

300 759 376 853 per
405 775 466 825 me
496 743 546 828 de
584 772 769 853 expressa
806 746 1017 826 voluntate
1051 772 1124 825 sua
1153 742 1321 826 condito
1351 761 1603 825 testamento.
1632 745 1726 825 volo
1760 744 1900 849 eciam,
1933 752 2091 857 quaudo

192 890 200 903 ³
301 873 584 938 testamentum
623 856 800 936 solutum
835 856 958 938 suerit
993 862 1033 938 &
1066 858 1260 945 execueio
1295 856 1509 967 completa,
1546 855 1764 937 heredibus
1799 865 2089 964 prememoratis

302 966 460 1049 tradere
482 974 520 1047 &
549 969 811 1066 committere,
840 968 1019 1076 singulas
1058 955 1212 1078 partes,
1242 984 1367 1076 prout
1400 970 1456 1049 eis
1493 963 1713 1049 secundum
1752 966 1857 1073 leges
1893 971 2022 1076 patrie
2056 979 2090 1054 8ι

300 1076 611 1160 consuetudines
641 1077 899 1161 debebuntur
936 1077 988 1159 ad
1031 1105 1173 1158 eorum
1215 1106 1354 1187 pacem
1397 1085 1437 1158 dr
1477 1074 1736 1160 concordiam
1777 1079 2090 1169 conseruandum

301 1192 353 1269 ln
377 1190 492 1269 cuius
520 1191 579 1270 rei
608 1190 902 1289 testimonium,
929 1190 1104 1299 sigillum
1133 1217 1218 1298 quo
1247 1209 1339 1272 vtor
1353 1195 1529 1299 presenti
1546 1190 1679 1271 littere
1695 1189 1880 1297 apposui,
1896 1195 1937 1269 8ι
1955 1178 2110 1298 sigilles

294 1299 542 1384 ,venerabilis
562 1302 640 1383 riri
655 1302 836 1410 Magistri
851 1297 1013 1382 Andree
1028 1302 1227 1409 prepositi
1241 1303 1474 1410 vpsatensis,
1489 1308 1528 1383 8c
1541 1301 1716 1395 Domini,
1730 1300 1911 1408 Philippi
1927 1300 1977 1384 de
1990 1304 2090 1394 Run-

228 1476 231 1483 ⁴
300 1412 371 1510 bi,
397 1439 555 1491 necnon
579 1410 714 1495 fratris
735 1413 896 1494 israelis
920 1411 1089 1508 lectoris,
1106 1410 1377 1510 siktuniensis,
1397 1412 1778 1522 petofpreseutibus
1791 1413 1971 1519 appendi
1985 1415 2026 1495 in
2039 1419 2090 1497 rei

299 1538 412 1631 geste
441 1522 693 1604 euidentiam
721 1525 955 1634 pleniorem.
1021 1526 1172 1603 Datum
1210 1523 1359 1623 hrobtr,
1394 1528 1515 1605 Anno
1556 1521 1721 1609 domiui.
1764 1523 1976 1605 Millesimo
2014 1528 2087 1607 Du·

211 1732 216 1740 .
303 1635 522 1713 centesimo
552 1636 820 1746 Nonagesimo
855 1635 1012 1731 Tercio,
1053 1634 1234 1716 Sabbato
1270 1634 1471 1745 prouimo⁸
1498 1653 1592 1746 post
1627 1650 1792 1717 octauas
1825 1632 2088 1743 apostolorum

304 1744 414 1825 Petri
443 1761 484 1824 et
511 1746 636 1827 Pauli.

749 1928 753 1943 ι
797 1888 941 1970 Sigillen:
968 1907 993 1966 1,
1017 1906 1047 1966 a,
1068 1887 1270 1973 doudeligu,
1292 1888 1447 1968 sledude3
1468 1891 1489 1953 5
1511 1889 1615 1989 boues.

315 2438 476 2547 1097.
737 2359 740 2369 Ι
948 2400 1115 2544 1293.
1158 2401 1207 2507 d.
1258 2405 1332 2515 28
1379 2402 1509 2546 Aug.
1984 2403 2087 2508 Bro.
2125 2460 2143 2533 g

317 2623 536 2735 'Bislopeu
558 2622 641 2686 tans
662 2622 672 2684 i
694 2620 867 2707 Liuldpiug
890 2607 1172 2685 besltrmelsebref
1188 2622 1237 2685 so’r
1258 2622 1369 2704 Wretu
1389 2620 1515 2685 kloster.
1640 2591 1643 2602 ¹
1776 2703 1814 2759 A·
1832 2704 1860 2756 ³·
1879 2708 1898 2757 t.
1918 2720 1943 2757 L

413 2837 612 2933 Omnibus
641 2855 848 2948 presentes
876 2838 1031 2918 litteras
1059 2840 1309 2947 Jnspecturis
1337 2840 1598 2922 Lsuuuuotus
1627 2835 1703 2917 De'i
1718 2837 1858 2945 gracia
1875 2838 2083 2948 Episcopus

166 3019 172 3034 .
301 2946 544 3058 lincopensis
572 2950 738 3032 salutem
766 2953 808 3033 in
838 2949 1003 3033 domino
1032 2952 1318 3058 sempiternam
1347 2952 1488 3033 tenore
1511 2949 1765 3060 presencium
1781 2967 1969 3032 constare
1984 2947 2083 3031 volu-

302 3088 392 3142 mus
420 3061 646 3159 euidenter‚
669 3060 782 3173 quod
811 3089 884 3148 nos
914 3062 1078 3143 dilectas
1110 3063 1211 3142 filias
1239 3063 1454 3143 Dominam
1489 3061 1734 3144 abbatissam
1769 3059 1821 3142 de
1859 3061 2087 3144 wretum&

44 3243 49 3250 .
193 3281 197 3290 1
270 3164 275 3170 ’
302 3190 548 3254 conuentum
576 3171 729 3254 ibidem
756 3200 848 3253 cum
865 3173 1067 3256 ,omnibus
1099 3173 1216 3254 bonis
1244 3177 1325 3254 suis
1354 3171 1571 3256 mobilibus
1607 3176 1648 3252 8(
1683 3173 1974 3256 immobilibus·
1994 3169 2085 3254 rilli-

131 3821 135 3828 ’
229 3935 232 3948 Ι
300 3839 380 3923 bus
408 3843 586 3950 ipsarum
615 3843 659 3922 in
688 3847 812 3951 paroc

302 3283 622 3382 cis&colonis,
651 3283 875 3365 familiis&
903 3284 1087 3394 personis
1132 3284 1173 3363 in
1202 3283 1349 3364 eisdem
1380 3288 1497 3367 bonis
1532 3284 1885 3389 commorantibus
1918 3286 1992 3366 sub
2023 3309 2085 3362 no·

300 3411 426 3476 stram
455 3397 687 3476 &ecclesie
715 3413 851 3476 nostre
887 3394 1183 3506 protectionem
1220 3399 1513 3505 recipimus&
1559 3395 1686 3477 tutele
1727 3397 1907 3506 graciam
1946 3395 2083 3504 specia-
2126 3434 2132 3447 ,

302 3505 393 3604 lem,
422 3506 700 3588 Concedentes
729 3505 911 3617 predicta
940 3507 1047 3588 bona
1076 3534 1168 3586 cum
1199 3509 1381 3615 personis
1416 3523 1462 3588 ut
1501 3508 1748 3616 prediximus
1783 3507 1838 3589 ab
1875 3507 1982 3589 omni
2008 3507 2083 3585 iure

301 3633 444 3700 nostro
472 3617 707 3728 Episcopali
735 3619 864 3699 libera
894 3621 1057 3730 penitus
1086 3621 1127 3697 &
1156 3635 1359 3725 exempta,
1390 3620 1582 3727 Exceptis
1609 3616 1774 3699 decimis
1804 3615 2084 3729 episcopalibus

300 3727 351 3812 de
381 3729 535 3810 colonis
562 3729 793 3813 earumdem
851 3728 1157 3812 rouenientibus
1185 3729 1368 3810 similiter
1396 3736 1435 3811 Sc
1454 3728 1783 3812 decimisnostris
1806 3730 1858 3812 de
1883 3723 2081 3810 mansioni·

814 3759 892 3924 diis
911 3840 1186 3938 existentibus
1231 3869 1311 3951 que
1360 3841 1543 3921 canoniis
1591 3859 1686 3922 suut
1730 3869 1890 3922 ennexe
1924 3839 2082 3944 insuper

300 3971 438 4039 nostra
467 3953 600 4036 Ensac
629 3954 854 4036 &casibus
883 3954 925 4034 iu
961 3952 1112 4063 quibus
1149 3950 1393 4065 delinquens
1410 4030 1415 4041 ,
1430 3953 1675 4034 sentenciam
1695 3945 2081 4034 ¹excommunicacio-

254 4091 258 4098 ·
300 4065 364 4147 nis
385 4066 556 4146 incurrit
583 4064 672 4174 ipso
701 4061 820 4166 facto,
848 4063 1114 4148 Prohibemus
1143 4065 1269 4171 igitur
1295 4061 1479 4146 districte
1506 4091 1557 4144 ne
1586 4063 1679 4173 quis
1706 4063 1815 4172 ipsas
1849 4089 1969 4173 super
2002 4081 2082 4166 pre·

282 4177 426 4271 ,missis
456 4193 659 4286 presumat
688 4175 943 4288 aliquatenus
987 4175 1199 4257 molestare
1242 4178 1266 4255 J
1269 4205 1294 4254 u
1344 4177 1459 4260 ouius
1502 4175 1562 4256 rei
1606 4173 1881 4286 testimonium
1921 4167 2081 4280 sigillum

140 4359 146 4376 ,
297 4307 480 4377 nostrum
509 4285 764 4398 presentibus
792 4308 852 4374 est
881 4313 1104 4397 appensum
1113 4309 1128 4384 ,·
1188 4287 1338 4368 Datum
1373 4314 1483 4368 anuo
1519 4283 1673 4370 domiui
1709 4287 1753 4368 in
1788 4285 1881 4372 Bro.
1938 4274 2082 4365 M⁰.CC'

172 4495 175 4504 f
239 4417 267 4434 ”
298 4397 571 4516 Nonagesimo
599 4399 692 4482 111⁸.
722 4400 764 4481 iu
793 4398 859 4490 die
888 4400 995 4483 beati
1024 4397 1244 4508 augustini.

245 4519 249 4535 '
477 4553 486 4566 „
1045 4538 1181 4622 snsuc,
1203 4537 1347 4624 :aaut

1851 4887 2009 5045 1098·
